2606 3920
347 192 431 248 ιιιε.
463 191 534 246 vlu,
567 190 665 248 σεο.
695 165 838 252 ειψει.
1033 189 1095 253 243

16 356 18 367 ’
87 358 243 438 ποταμοῦ
263 348 518 436 ἐστρατεύοντο·
553 350 746 434 Θεσπρωτοὶ
764 348 830 434 γάρ
852 355 914 418 εἰσι
936 355 971 418 ολ
988 348 1092 436 ὁμου-

87 454 222 536 ρέοντες
239 446 497 536 Ἀμπρακιήτησι
516 448 571 513 καὶ
584 451 816 532 Λευκαδίοισι,
832 453 867 515 οἳ
881 448 914 527 ἐξ
931 450 1093 534 ἐσχατέων

86 553 225 636 χωρέων
239 546 485 667 ἐστρατεύοντο.
515 569 583 612 των
600 544 637 612 δέ
654 540 746 623 ἐκτός
759 544 890 613 τούτων
906 549 1092 631 οἰκημένων

86 654 319 737 Κροτωνιῆται
330 650 452 763 μοῦνοι
462 637 558 731 ήσαν,
569 648 604 710 οδ
600 641 806 763 ἐβοήθησαν
821 668 862 732 τη
847 640 1002 713 ’Ἑλλάδι
1017 672 1092 711 κιν-

87 745 281 832 δυνευούση
292 750 350 830 νηῒ
357 769 426 832 μιη
434 769 491 827 της
500 767 580 828 ηρχε
590 737 676 826 ἀνήρ
687 741 757 825 τρὶς
767 747 969 829 πυθιονίκης
976 744 1092 810 Φαυλ

21 898 27 927 ,
86 854 161 922 λος
179 848 408 928 Κροτωνιηται
420 841 456 908 δὲ
466 843 563 925 γένος
574 841 635 906 εἰσι
644 836 774 923 Ἀχαιοί.
793 843 837 907 Οἱ
842 845 905 926 μέν
914 867 981 909 νυν
992 841 1087 910 αλλοι
1103 856 1139 912 48

16 934 27 975 ²¹*
87 942 242 1029 τριήρεας
255 938 475 1024 παρεχόμενοι
493 937 747 1023 ἐστρατεύοντο,
764 937 892 1023 Μήλιοι
907 938 944 1008 δέ
958 944 1013 1008 καὶ
1027 947 1091 1009 Σί-

87 1064 184 1126 φνιοι
198 1039 253 1106 καὶ
268 1041 425 1121 Σερίφιοι
444 1038 735 1121 πεντηκοντέρους.
770 1035 898 1123 Μήλιοι
912 1040 974 1123 μὲν
993 1042 1090 1123 γένος

86 1139 199 1216 ἐόντες
221 1133 285 1203 νἰπδ
303 1139 552 1221 Λακεδαίμονος
574 1134 636 1201 δύο
657 1139 870 1221 παρείχοντο,
891 1142 1031 1221 Σίφνιοι
1053 1139 1091 1204 δέ

85 1240 142 1305 καὶ
156 1231 431 1320 ΣερίφιοιἽωνες
445 1233 555 1310 ἐόντες
569 1228 628 1298 ἀπ’
648 1229 820 1317 Ἀθηνέων
834 1240 915 1318 μίαν
929 1233 1087 1319 ἑκάτεροι.

16 1360 18 1393 1
86 1332 232 1422 ἀριθμός
247 1334 283 1401 δέ
297 1335 426 1418 ἐγένετο
442 1327 460 1397 ὁ
476 1337 540 1409 πᾶς
554 1337 623 1396 τῶν
638 1336 743 1416 νεῶν,
764 1330 867 1418 πάρεξ
883 1338 951 1399 τῶν
967 1355 1090 1417 πεντη-

16 1448 17 1455 ’
87 1434 271 1516 κοντέρων,
287 1427 372 1500 ὀκτοδ
387 1431 442 1497 καὶ
457 1428 685 1521 ἑβδομήκοντα
700 1432 755 1496 καὶ
769 1429 967 1516 τριηκόσιαι.
1237 1502 1241 1508 ,

16 1548 18 1555 ’
165 1527 224 1608 Ὡς
239 1530 275 1597 δέ
290 1531 323 1608 ἐς
335 1525 397 1614 τήν
412 1535 589 1614 Σαλαμῖνα
603 1533 778 1613 συνῆλθον
789 1532 824 1596 οί
832 1530 1008 1616 στρατηγοὶ
1019 1496 1147 1595 dard}

16 1670 17 1677 ι
85 1635 153 1695 των
169 1631 352 1713 εἰρημένων
369 1633 513 1711 πολίων,
533 1625 753 1711 ἐβουλεύοντο
768 1629 956 1712 προθέντος
972 1622 1088 1711 Πόρν-

17 1748 18 1751 ’
86 1726 209 1799 όιύδεω
219 1724 359 1811 γνύμην
370 1722 621 1809 ἀποφαίνεσθαι
631 1720 691 1792 τδν
701 1724 922 1813 βουλόμενον,
933 1723 1017 1794 ὅκου
1029 1728 1088 1790 δο-

85 1831 156 1895 κέοι
169 1824 428 1910 ἐπιτηδεότατον
443 1821 529 1891 εἶναι
548 1829 736 1909 ναυμαχίην
750 1825 925 1892 ποιέεσθαι
940 1830 1008 1890 τῶν
1024 1820 1087 1888 αό-

16 1934 17 1939 ’
85 1926 135 1990 τοὶ
144 1925 279 2008 χωρέων
290 1922 461 2006 ἐγκρατέες
472 1926 539 1988 εἰσί
544 1916 660 2006 ’ήγόιρ
670 1917 797 2005 Ἀττική
809 1918 923 1987 ἀπεῖτο
932 1916 1007 2006 ήδη,
1018 1925 1086 1986 τῶν

85 2021 122 2090 δέ
136 2023 280 2088 λοιπέων
294 2020 371 2103 πέρι
384 2023 568 2099 προετίθεε.
589 2021 626 2084 ac
637 2023 767 2103 γνῶμαι
785 2020 821 2084 δέ
835 2024 903 2084 τῶν
917 2015 1092 2102 λεγόντων-

84 2123 122 2187 αί
133 2126 282 2186 πλεῖσται
302 2116 542 2195 συνεξέπιπτον
559 2110 643 2201 πρδς
656 2111 716 2181 τόν
732 2111 869 2199 Ἰσθμόν
890 2113 1086 2191 πλεύσαντας

84 2219 283 2306 ναυμαχέειν
295 2214 361 2302 πρὸ
375 2223 433 2303 τῆς
442 2215 723 2303 Πελοποννήσου,
739 2217 945 2300 ἐπιλέγοντες
955 2213 1085 2308 τὸνλό-

16 2272 22 2427 ή
83 2345 145 2404 γον
160 2316 273 2403 τόνδε,
292 2312 337 2395 ὡς
350 2311 395 2401 ήν
410 2316 593 2402 νικηθέωσι
609 2319 650 2402 τή
665 2317 850 2400 ναυμαχίη,
865 2314 902 2379 έν
917 2320 1085 2399 Σαλαμῖνι
1142 2380 1145 2387 s

16 2436 17 2445 ¹
83 2416 144 2500 μέν
155 2415 265 2493 ἐόντες
275 2410 717 2501 πολιορκήσονταιέννήσςο,
728 2413 786 2478 ἵνα
797 2428 859 2495 σφι
868 2416 1009 2497 τιμωρίη
1023 2409 1098 2498 ού-ι

84 2518 178 2599 δεμία
193 2512 449 2600 ἐπιφανήσεται,
465 2510 549 2599 πρὸς
564 2511 600 2579 δέ
613 2518 659 2601 τῷ
672 2509 794 2601 Ἰσθμῷ
809 2511 842 2587 ἐς
855 2504 935 2587 τούς
949 2511 1084 2575 ἑωυτῶν

84 2613 272 2689 ἐξοίσονται.
309 2616 421 2677 Ταῦτα
435 2615 503 2677 τῶν
522 2605 587 2677 ἀπδ
602 2607 866 2695 Πελοποννήσου
889 2613 1083 2694 στρατηγῶν
1099 2628 1134 2680 50

85 2708 326 2796 ἐπιλεγομένων
341 2707 502 2794 ἐληλύθεε
516 2704 603 2792 ἀνὴρ
613 2705 790 2792 Ἀθηναῖος
804 2703 975 2791 ἀγγέλλων
987 2702 1083 2791 ήκειν

83 2807 142 2875 τὸν
156 2806 329 2925 βάρβαρον
344 2808 377 2884 ές
391 2804 453 2893 τήν
469 2804 620 2892 Ἀττικήν
633 2807 688 2873 καὶ
700 2811 813 2872 πᾶσαν
826 2800 933 2889 αύτήν
949 2827 1082 2893 πυρπο-

83 2901 262 2972 λέεσθαιᾌ
248 2931 265 2969 ο
288 2929 353 2989 γαρ
374 2902 429 2971 διδ
444 2911 603 2972 Βοιωτων
624 2904 832 2990 τραπόμενος
852 2900 991 2987 στρατος
1013 2902 1081 2989 ἅμα

16 3046 18 3141 χ
83 3004 201 3089 Ξέρξη,
216 3000 385 3086 ἐμπρήσας
394 3001 611 3070 Θεσπιέων
576 3030 638 3089 την
653 3003 752 3071 πόλιν
766 2998 879 3070 αὐτων
890 3002 1081 3072 έκλελοιπό·

16 3144 17 3149 1
83 3125 147 3166 των
161 3100 195 3176 ἐς
208 3097 471 3185 Πελοπόννησον
485 3098 591 3169 καὶ
555 3127 617 3187 την
626 3098 858 3171 Πλαταιέων
837 3099 1003 3183 ωσαύτως,
1020 3092 1083 3185 ήκέ

16 3222 18 3255 ι
83 3222 116 3263 τε
130 3193 211 3276 ἐς
175 3223 233 3274 τας
243 3194 389 3282 Ἀθήνας
402 3199 457 3264 καὶ
470 3221 580 3266 παντο
593 3201 702 3267 ἐκεῖνα
717 3201 839 3284 ἐδηίου
868 3199 1029 3283 ἐνέπρησε
1044 3199 1081 3264 δε

16 3260 19 3359 ἐ
84 3293 243 3361 θέσπειύν
258 3320 294 3360 τε
308 3296 546 3363 καὶΠλύταιαν
560 3295 756 3382 πυθόμενος
769 3294 975 3383 Θηβαίων,”
953 3322 1006 3365 οτι
1017 3292 1080 3361 οὐκ

83 3388 239 3474 ἐμήδιζον.
267 3389 398 3462 Ἀπδδδ
382 3397 473 3480 δτής
488 3397 658 3483 διαβάσιος
672 3421 733 3464 του
718 3394 1003 3546 ’Ἑλλησπβχιχοψ
1020 3397 1076 3459 ἔν-
1093 3408 1121 3463 51
