2622 3928
382 235 470 292 ΗΒ.
502 234 550 288 Vl.
583 232 681 290 CAP.
714 239 854 292 30-35.
1079 228 1120 291 ἶδ

114 400 288 483 Σηλνβρίη
309 393 416 461 τεκαὶ
433 391 629 471 Βυζάντιον.
668 390 843 470 Βυζάντιοι
864 392 925 475 μέν
939 415 1005 458 νυν
1019 390 1075 457 καὶ
1088 395 1120 458 οἰ

113 500 264 584 πέρηθεν
275 492 499 579 Καλχηδόνιοι
510 486 586 559 οὐδ’
602 488 786 575 ὑπέμειναν
802 490 1028 568 ἐπιπλεόοντας
1041 485 1121 569 τούς

115 596 292 679 Φοίνικας,
315 589 389 659 ἀλλ’
409 598 538 676 οἴχοντο
558 585 779 666 ἀπολιπόντες
792 586 855 674 τήν
875 590 1040 676 σφετέρην
1056 593 1120 657 ἐστι

13 716 15 743 ’
114 698 150 774 ἐς
159 689 220 761 τόν
230 690 394 772 Εὔξεινον
405 688 543 776 πόντον,
558 689 614 756 καὶ
625 688 775 755 ἐνθαῦτα
785 687 885 755 πόλιν
897 692 1121 774 Μεσαμβρίην

12 828 13 865 1
116 801 259 876 οἰκισαν,
274 791 355 857 οἰδέ
365 796 520 866 Φοίνικες
531 785 799 874 κατακαύσαντες
812 784 1002 865 ταύταςτὰς
1012 785 1122 872 χάρας

12 908 13 981 ᾖ
115 887 176 969 τάς
196 892 454 973 καταλεχθείσας
467 883 651 973 τράπονται
671 885 727 951 ἐπί
746 908 782 950 τε
801 883 1046 969 Προκόννησον
1067 884 1122 950 καί

111 987 293 1077 Ἀρτάκην,
308 988 390 1072 πυρί
399 991 437 1055 δέ
447 989 502 1056 καί
512 986 635 1065 ταύτας
650 991 822 1072 νείμαντες
837 991 968 1054 ἔπλωον
983 979 1078 1064 αὖτις
1089 987 1122 1063 ἐς

11 1178 12 1181 ¹
115 1087 179 1177 τήν
192 1086 409 1175 Χερσόνησον
433 1084 663 1174 ἐξαιρήσοντες
684 1081 743 1163 τάς
763 1087 955 1163 ἐπιλοίπους
975 1091 1043 1154 τάν
1058 1109 1121 1152 πο-

11 1186 13 1269 Ῐ
116 1198 216 1274 λάων,
233 1186 312 1267 ὅσας
326 1187 492 1276 πρότερον
506 1181 728 1273 προσσχόντες
742 1180 785 1254 οδ
799 1187 996 1275 κατέσυραν.
1019 1188 1072 1255 ἐπὶ
1087 1186 1122 1255 δέ

11 1288 12 1323 ³
118 1288 266 1367 Κύζικον
282 1283 361 1353 οὐδὲ
378 1291 532 1355 ἔπλωσαν
545 1282 667 1374 άρχήν·
689 1281 785 1352 αὐτοὶ,
798 1282 863 1370 γάρ
879 1287 1061 1372 Κυζικηνοί
1075 1290 1122 1354 ἐτι

11 1396 13 1429 ἰ
118 1383 284 1472 πρότερον
296 1389 357 1450 τοῦ
369 1390 539 1452 Φοινίκων
550 1382 696 1452 ἐσπλόου
706 1382 905 1469 ἐγεγόνεσαν
915 1379 982 1451 ὑπὸ
994 1390 1126 1470 βασιλέι

119 1482 262 1603 Οἰβάρεϊ
278 1487 324 1572 τῷ
341 1481 545 1570 Μεγαβάζου
566 1478 849 1568 ὁμολογήσαντες,
870 1486 916 1570 τῷ
931 1482 967 1548 ἐν
982 1490 1123 1549 Δασκυ-

117 1589 195 1672 λείῳ
206 1577 355 1671 υπάρχμ.
377 1585 435 1667 τῆς
445 1579 482 1649 δέ
491 1580 720 1669 Χερσονήσου,
735 1575 823 1665 πλήν
834 1580 982 1666 Καρδίης
996 1578 1122 1664 πόλιος,

118 1677 176 1759 τάς
190 1676 292 1758 άλλας
304 1677 414 1758 πάσας
428 1672 646 1765 ἐχειρώσαντο
658 1684 696 1747 ὀί
707 1686 870 1757 Φοίνικες.

198 1775 418 1864 Ἐτυράννευε
435 1781 472 1847 δέ
489 1776 617 1847 αότέοεν
631 1781 724 1865 μέχρι
739 1776 812 1846 τότε
822 1777 1010 1864 Μιλτιάδης
1025 1774 1043 1844 ὁ
1059 1782 1121 1844 Κί-
1135 1801 1168 1855 34

9 1930 10 1933 ε
119 1903 229 1966 μωνος
243 1883 304 1944 τοῦ
321 1879 561 1966 Στησαγόρεα,
576 1880 786 1966 κτησαμένου
802 1876 864 1965 τήν
879 1875 984 1966 άρχήν
998 1877 1124 1963 ταύτην

119 1975 284 2064 πρότερον
295 1977 489 2046 Μιλτιάδεω
502 1986 563 2047 τοῦ
580 1982 739 2059 Κυψέλου
753 1977 866 2069 τρόπῳ
879 1981 996 2069 τοιῷδε
1002 2002 1017 2061 ε,
1036 1976 1124 2064 εἰχον

119 2074 289 2160 Δόλογκοι
303 2074 445 2163 Θρήικες
459 2075 522 2163 τήν
532 2076 750 2164 Χερσόνησον
762 2076 897 2160 ταύτην.
920 2066 1014 2143 οὗτοι
1029 2068 1079 2143 άν
1091 2079 1127 2142 οί

120 2172 288 2261 Δόλογκοι
299 2177 493 2252 πιεσθέντες
504 2177 635 2265 πολέμῳ
650 2171 717 2242 ὑπό
728 2171 912 2256 Ἀψινθίων
923 2175 956 2253 ἐς
966 2173 1126 2259 Δελφοδς

121 2278 271 2358 ἔπεμψαν
290 2269 375 2352 τους
384 2275 540 2360 βασιλέας
557 2276 631 2361 περὶ
647 2279 708 2342 τοῦ
722 2278 870 2358 πολέμου
886 2273 1120 2358 χρησομένους.

118 2368 139 2459 ἡ
156 2372 193 2440 δέ
206 2377 323 2459 Πυθίη
340 2390 402 2457 σφι
417 2367 527 2442 άνείλε
542 2369 692 2458 οἰκιστήν
709 2371 894 2457 ἐπάγεσθαι
912 2371 964 2439 ε’πί
980 2367 1042 2457 τήν
1058 2368 1123 2456 χά-

121 2496 184 2556 ρην
198 2476 335 2557 τοῦτον,
357 2468 394 2551 δς
414 2468 458 2539 άν
473 2492 578 2558 σφεας
593 2469 753 2550 ἀπιόντας
773 2473 810 2539 ἐκ
829 2476 890 2539 τοῦ
904 2475 980 2560 ἐροῦ
994 2475 1125 2559 πρῶτος

9 2624 11 2661 ,
121 2569 174 2637 ἐπὶ
188 2570 290 2648 ξείνια
311 2570 444 2657 καλέση.
472 2571 579 2650 ἰόντες
593 2569 630 2638 δέ
646 2575 679 2639 οί
693 2568 863 2654 Δόλογκοι
876 2567 938 2656 τήν
951 2566 1029 2655 ίρήν
1043 2564 1125 2636 ὁδόν

122 2662 176 2734 διὰ
192 2670 339 2732 Φωκέων
352 2689 388 2733 τε
407 2669 462 2734 καὶ
474 2675 633 2736 Βοιωτῶν
652 2665 752 2758 ήσσαν
767 2673 827 2736 καί
837 2685 942 2752 σφεας
957 2664 1002 2745 ὡς
1017 2662 1126 2743 οὐδεὶς

121 2761 246 2847 ἐκάλεε,
258 2759 477 2846 ἐκτράπονται
488 2763 539 2833 ἐπ’
553 2763 733 2851 Ἀθηνέων.
769 2762 822 2834 Ἐν
833 2767 870 2832 δέ
879 2772 953 2853 τῇσι
964 2762 1124 2854 Ἀθήνησι
1139 2781 1173 2837 3⁵

121 2866 303 2946 τηνικαῦτα
324 2858 388 2946 εἶχε
408 2863 471 2948 μέν
488 2861 525 2930 τό
547 2870 615 2931 πᾶν
633 2862 755 2952 κράτος
768 2870 1020 2951 Πεισίστρατος,
1041 2859 1126 2949 ἀτάρ

9 3000 10 3015 1
121 2958 322 3031 ἐδυνάστευε
341 2962 397 3029 καί
413 2962 600 3048 Μιλτιάδης
622 2960 640 3029 ὁ
656 2965 835 3045 Κυψέλου,
861 2958 927 3030 ἐάν
947 2966 1052 3048 οἰκίης
1071 2986 1126 3029 τε·

120 3055 398 3147 θριπποτρόφου,
413 3056 453 3129 τά
467 3060 531 3147 μέυ
545 3057 713 3139 ἀνέκαθεν
728 3057 785 3129 ἄπ’
802 3064 933 3128 Αἰακοῦ
947 3062 1052 3128 τεκαὶ
1061 3065 1125 3128 Αί-

120 3165 215 3245 γίυης
229 3154 393 3244 γεγονός,
414 3158 455 3227 τά
471 3160 507 3227 δέ
523 3157 670 3243 νεάτερα
687 3155 880 3245 Ἀθηναῖος,
902 3161 1044 3227 Φιλαίου
1063 3162 1126 3223 τοὺΙ

122 3263 265 3334 Αἴαντος
285 3254 420 3344 παιδός,
440 3259 627 3344 γενομένου
646 3255 782 3341 πρώτου
805 3262 864 3343 τής
879 3260 985 3341 οἰκίης
1004 3251 1128 3338 ταύτης

122 3353 309 3442 Ἀθηναίου.
337 3348 434 3437 οὗτος
454 3355 472 3426 ὁ
487 3358 675 3444 Μιλτιάδης
689 3355 874 3444 κατήμενος
890 3355 928 3421 ἐν
942 3361 1027 3419 τοίσι
1041 3373 1127 3435 προ-

122 3452 262 3537 θύροισι
274 3467 360 3522 τοίσι
374 3458 513 3543 ἑωυτοῦ,
528 3452 635 3542 ὁρέων
644 3451 725 3534 τοδς
734 3451 933 3536 Δολόγκους
945 3445 1127 3532 παριόντας
