2588 3926
354 238 437 292 ιιε.
468 237 515 292 1x.
549 237 647 293 τιν.
679 204 833 293 ,τε-4ο.Ι
1029 231 1092 297 307

5 486 7 495 Ι
89 394 226 476 ξάλινον
247 394 335 463 πόδα
352 391 547 479 κατεστήκεε
565 394 600 461 ἐκ
616 398 675 480 τῆς
690 395 784 478 ἰθέης
802 399 1090 486 Λακεδαιμονίοισι

5 506 7 571 ζ
88 493 253 579 πολέμιος.
278 487 320 560 οό
335 492 448 579 μέντοι
459 494 493 568 ἔς
503 515 540 575 γε
554 490 646 568 τέλος
661 492 695 556 οί
704 489 883 578 συνήνεικε
892 491 930 562 τδ
943 500 1042 581 έχθος
1052 491 1090 565 τό

4 608 6 631 ³'
88 596 121 673 ές
134 595 421 678 Λακεδαιμονίους
438 591 723 677 σνγκεκρημένον·
769 588 839 677 ἥλω
849 587 915 678 γάρ
926 594 1092 679 μαντευό-

88 714 188 777 μενος
202 691 239 755 έν
252 685 423 778 Ζακύνθῳ
438 680 497 752 ὑπ’
514 680 627 751 αὐτῶν
640 687 696 753 καὶ
712 682 870 756 άπέθανε.
893 687 930 758 ‘0
947 693 1009 776 μέν
1023 715 1089 757 νυν
1104 698 1140 756 38

88 787 237 866 θάνατος
248 783 267 854 δ
279 781 543 873 Ἡγησιστράτου
556 780 700 871 ὕστερον
713 785 843 869 έγένετο
854 793 921 854 τῶν
931 793 1093 856 Πλαταιι-

89 893 176 972 κῶν,
197 884 271 954 τότε
293 881 325 951 δ’
348 885 401 952 έαὶ
422 888 468 973 τῷ
485 877 622 973 Ἀσωπῳ
636 885 822 975 Μαρδονίῳ
840 886 1094 973 μεμισθωμένος

89 980 152 1052 οὐκ
167 979 283 1069 ὀλίγου
297 980 419 1051 έθόετό
433 1005 468 1047 τε
482 981 537 1047 καὶ
551 981 779 1065 προεθυμέετο
794 981 878 1050 κατά
891 1009 926 1052 τε
940 982 977 1052 τό
995 989 1094 1070 ἔχθος

88 1078 126 1149 τό
142 1084 417 1167 Λακεδαιμονίων
431 1076 584 1148 καὶκατὰ
600 1075 637 1146 τδ
654 1080 779 1164 κέρδος.
810 1076 854 1159 ὡς
868 1083 904 1150 δὲ
917 1080 980 1152 οὐκ
995 1086 1093 1152 έκαλ-

93 1185 176 1263 λίρεε
187 1176 270 1246 ὥστε
280 1176 445 1264 μάχεσθαι
457 1172 534 1244 οὔτε
545 1172 827 1265 αὐτοῖσιΠέρσησι
839 1175 915 1247 οότε
924 1194 1009 1249 τοῖσι
1020 1176 1091 1266 μετ’

90 1283 228 1348 ἐκείνων
238 1279 331 1346 έοῦσι
342 1274 511 1364 Ἑλλήνων
525 1274 628 1363 (εἶχον
642 1272 707 1362 γάρ
720 1277 773 1344 καὶ
786 1268 880 1345 οὗτοι
891 1276 943 1347 ἐπ’
957 1282 1092 1348 έωυτολν

89 1377 211 1466 μάντιν
224 1372 426 1462 Ἱππόμαχον
443 1374 633 1444 Λευκάδιον
652 1373 791 1462 ἄνδρα),
812 1375 1036 1464 ἐπιρρεόντων
1056 1380 1093 1444 δὲ

90 1482 157 1545 τόν
174 1470 344 1560 Ἑλλήνων
366 1474 421 1541 καί
442 1474 632 1559 γινομένων
654 1471 812 1540 πλεόνων
835 1477 1052 1562 Τιμηγενίδης
1073 1469 1090 1544 δ

91 1572 237 1658 Ἕρπυος
247 1567 333 1657 ἀνὴρ
345 1575 491 1657 Θηβαῖος
505 1570 753 1658 συνεβούλευσε
766 1576 950 1664 Μαρδονίῳ
964 1569 1022 1653 τάς
1036 1575 1092 1642 έκ·

2 1706 3 1755 ι
88 1668 191 1763 βολάς
201 1676 263 1738 τοῦ
274 1671 490 1752 Κιθαιρῶνος
501 1667 663 1754 φυλάξαι,
677 1670 785 1753 λέγων
800 1662 845 1746 ὡς
858 1667 1048 1755 ἐπιρρέουσι
1060 1674 1094 1738 oc

6 1792 11 1801 '
90 1774 247 1860 Ἕλληνες
266 1768 330 1835 αίεί
351 1762 416 1832 άνά
442 1770 554 1833 πᾶσαν
574 1762 701 1854 ἡμέρην
722 1769 777 1835 καί
797 1763 842 1845 ὡς
862 1764 1089 1853 ἀπολάμψοιτο

89 1867 242 1957 συχνούς.
253 1862 391 1950 Ἡμέραι
403 1864 443 1933 δέ
450 1883 509 1951 σφι
521 1861 807 1953 ἀντικατημένοισι
818 1860 881 1953 ἤδη
892 1863 1090 1951 ἐγεγόνεσαν
1105 1873 1140 1929 39

89 1963 203 2056 ὀκτὼ,
216 1961 272 2031 ὅτε
290 1967 394 2029 ταῦτα
409 1964 534 2043 ἐκεῖνος
550 1964 774 2053 συνεβούλευε
791 1969 984 2056 Μαρδονίῳ.
1014 1960 1033 2032 ὁ
1055 1966 1091 2031 δὲ
1217 1958 1221 1965 ’

1 2109 2 2116 1
89 2060 212 2153 μαθων
225 2058 289 2149 τήν
299 2066 498 2145 παραίνεσιν
509 2054 549 2130 εὖ
563 2068 716 2149 ἔχουσαν,
732 2058 776 2141 ὡς
788 2059 939 2148 εὐφρόνη
950 2062 1090 2148 ἐγένετο,

89 2166 209 2249 πέμπει
223 2156 286 2246 τὴν
299 2161 405 2226 ἵππον
419 2159 453 2240 ές
466 2157 526 2239 τάς
541 2158 681 2248 ἐκβολάς
694 2157 753 2239 τάς
769 2162 1037 2244 Κιθαιρωνίδας,
1059 2165 1097 2227 αἳ

90 2262 144 2330 έττὶ
153 2259 349 2329 Πλαταιέων
359 2262 518 2346 φέρουσι,
539 2257 597 2339 τάς
609 2262 748 2328 Βοιωτοί
761 2258 823 2344 μὲν
838 2264 933 2344 Τρείς
947 2252 1094 2342 κεφαλάς

89 2360 264 2443 καλέουσι,
275 2352 447 2444 Ἀθηναῖοι
462 2358 499 2425 δὲ
512 2354 629 2445 Δρυὸς
643 2355 799 2443 κεφαλάς.
832 2357 1042 2443 πεμφθέντες
1057 2353 1093 2422 δέ

90 2459 124 2524 οί
136 2454 272 2524 ἱππόται
284 2451 326 2521 οὐ
336 2455 447 2542 μάτην
457 2452 627 2524 άπίκοντο.
650 2454 854 2544 έσβάλλοντα
863 2453 929 2543 γάρ
941 2458 973 2534 ές
983 2451 1021 2524 τό
1033 2477 1093 2521 πε-

91 2559 165 2624 δίον
182 2552 393 2640 λαμβάνουσι
406 2551 573 2642 ὑποζύγιά
588 2579 623 2624 τε
639 2552 852 2639 πεντακόσια,
868 2558 955 2622 σιτία
968 2548 1093 2638 ἄγοντα

1 2675 2 2694 ³
90 2648 157 2721 άπὸ
168 2648 433 2737 Πελοποννήσου
446 2654 480 2730 ές
493 2649 531 2720 τό
550 2652 792 2739 στρατόπεδον,
808 2652 862 2718 καί
876 2647 1092 2738 ἀνθρώπους,

91 2757 126 2820 ολ
145 2752 277 2817 εἵποντο
294 2761 379 2817 τοῖσι
395 2749 531 2837 ξεάγεσι.
561 2751 692 2830 ἑλόντες
709 2749 746 2819 δὲ
764 2749 890 2835 ταύτην
910 2746 972 2835 την
986 2748 1094 2835 ἄγρην

91 2852 126 2917 οί
140 2848 266 2935 Πέρσαι
281 2843 445 2932 ἀφειδέως
456 2849 634 2937 ἐφόνευον,
650 2846 693 2918 οὐ
707 2846 901 2936 φειδόμενοι
917 2844 993 2914 οὔτε
1007 2842 1095 2914 ὑπο-

1 2968 2 3038 }
92 2952 207 3035 ζυγίου
221 2941 360 3024 οὐδενός
375 2944 453 3015 οότε
467 2944 663 3034 άνθροέκου.
688 2944 732 3027 ὡς
752 2946 789 3015 δὲ
803 2943 889 3032 άδην
902 2943 991 3031 εἶχον
1006 2950 1095 3012 κτεί-

1 3057 2 3062 ’
92 3069 223 3131 νοντες,
245 3038 286 3112 τά
299 3039 401 3112 λοιπά
419 3042 532 3113 αὐτῶν
547 3044 698 3134 ἤλαυνον
710 3042 987 3132 περιβαλλόμενοι
1002 3039 1095 3127 παρά

90 3173 126 3217 τε
140 3140 342 3231 Μαρδόνιον
355 3144 411 3212 καί
425 3145 459 3223 ές
472 3141 509 3213 τὸ
527 3144 761 3230 στρατόπεδον.
784 3137 882 3210 Μετά
894 3141 930 3209 δὲ
940 3136 1039 3208 τοότο
1052 3136 1090 3207 τδ
1108 3149 1142 3204 λο
1223 3165 1227 3173 ·

92 3249 193 3331 ἔργον
206 3244 318 3329 ἐτέρας
331 3241 394 3310 δύο
409 3239 533 3330 ἡμέρας
548 3247 731 3330 διέτριψαν,
747 3236 916 3323 οὐδέτεροι
929 3236 1095 3325 βουλόμε-

91 3369 146 3411 νοι
159 3342 264 3429 μάχης
278 3336 385 3428 ἄρξαι.
407 3344 501 3428 μέχρι
516 3342 578 3429 μὲν
590 3339 656 3429 γάρ
670 3347 732 3410 τοῦ
741 3336 894 3407 Ἀσωιτοῦ
908 3334 1048 3423 ἐπήισαν
1062 3338 1097 3402 οί

93 3440 274 3528 βάρβαροι,
289 3439 490 3526 κειρόμενοι
507 3439 770 3528 τῶνἙλλήνων,
792 3436 963 3587 διέβαιῳῳῳ
978 3433 1015 3499 δὲ
1031 3425 1095 3498 οά-
