<?xml version="1.0" encoding="UTF-8"?>
<!DOCTYPE html PUBLIC "-//W3C//DTD XHTML 1.0 Transitional//EN"
    "http://www.w3.org/TR/xhtml1/DTD/xhtml1-transitional.dtd">
<html xmlns="http://www.w3.org/1999/xhtml" xml:lang="en" lang="en">
 <head>
  <title>
</title>
<meta http-equiv="Content-Type" content="text/html;charset=utf-8" />
  <meta name='ocr-system' content='tesseract 3.04.00' />
  <meta name='ocr-capabilities' content='ocr_page ocr_carea ocr_par ocr_line ocrx_word'/>
</head>
<body>
  <div class='ocr_page' id='page_1' title='image "./historiarumlibr03herogoog_0075.png"; bbox 0 0 2536 3934; ppageno 0'>
   <div class='ocr_carea' id='block_1_1' title="bbox 208 278 831 346">
    <p class='ocr_par' dir='ltr' id='par_1_1' title="bbox 208 278 831 346">
     <span class='ocr_line' id='line_1_1' title="bbox 208 278 831 346; baseline -0.01 0"><span class='ocrx_word' id='word_1_1' title='bbox 208 278 249 346; x_wconf 77' lang='grc'><strong><em>64</em></strong></span> <span class='ocrx_word' id='word_1_2' title='bbox 582 282 831 343; x_wconf 76' lang='lat' dir='ltr'>HERODOTI</span> 
     </span>
    </p>
   </div>
   <div class='ocr_carea' id='block_1_2' title="bbox 131 439 1256 3600">
    <p class='ocr_par' dir='ltr' id='par_1_2' title="bbox 131 439 1256 3595">
     <span class='ocr_line' id='line_1_2' title="bbox 208 439 1213 533; baseline -0.004 -19"><span class='ocrx_word' id='word_1_3' title='bbox 208 442 429 533; x_wconf 76' lang='grc' dir='ltr'><strong><em>δορυφόροισι</em></strong></span> <span class='ocrx_word' id='word_1_4' title='bbox 447 443 633 532; x_wconf 72' lang='grc' dir='ltr'><strong><em>λαμβάνειν</em></strong></span> <span class='ocrx_word' id='word_1_5' title='bbox 653 441 768 515; x_wconf 80' lang='grc' dir='ltr'><strong><em>αὐτόν.</em></strong></span> <span class='ocrx_word' id='word_1_6' title='bbox 806 440 825 511; x_wconf 91' lang='lat'><strong><em>6</em></strong></span> <span class='ocrx_word' id='word_1_7' title='bbox 855 443 891 511; x_wconf 75' lang='grc' dir='ltr'><strong><em>δὲ</em></strong></span> <span class='ocrx_word' id='word_1_8' title='bbox 912 440 1076 532; x_wconf 83' lang='grc' dir='ltr'><strong><em>ἀγόμενος</em></strong></span> <span class='ocrx_word' id='word_1_9' title='bbox 1096 442 1129 524; x_wconf 89' lang='grc' dir='ltr'><strong><em>ἐς</em></strong></span> <span class='ocrx_word' id='word_1_10' title='bbox 1150 439 1213 524; x_wconf 88' lang='grc' dir='ltr'><strong><em>τάς</em></strong></span> 
     </span>
     <span class='ocr_line' id='line_1_3' title="bbox 208 540 1213 635; baseline -0.002 -23"><span class='ocrx_word' id='word_1_11' title='bbox 208 542 373 635; x_wconf 89' lang='grc' dir='ltr'><strong><em>ἀνάγκας,</em></strong></span> <span class='ocrx_word' id='word_1_12' title='bbox 395 541 485 612; x_wconf 80' lang='grc' dir='ltr'><strong><em>οὕτω</em></strong></span> <span class='ocrx_word' id='word_1_13' title='bbox 499 542 540 631; x_wconf 79' lang='grc' dir='ltr'><strong><em>δή</em></strong></span> <span class='ocrx_word' id='word_1_14' title='bbox 558 548 676 630; x_wconf 80' lang='grc' dir='ltr'><strong><em>ἔφαινε</em></strong></span> <span class='ocrx_word' id='word_1_15' title='bbox 689 541 753 611; x_wconf 89' lang='grc' dir='ltr'><strong><em>τδν</em></strong></span> <span class='ocrx_word' id='word_1_16' title='bbox 764 541 863 613; x_wconf 83' lang='grc' dir='ltr'><strong><em>ἐόντα</em></strong></span> <span class='ocrx_word' id='word_1_17' title='bbox 877 541 990 629; x_wconf 91' lang='grc' dir='ltr'><strong><em>λόγον.</em></strong></span> <span class='ocrx_word' id='word_1_18' title='bbox 1024 540 1213 631; x_wconf 77' lang='grc' dir='ltr'><em>ἀρχόμενος</em></span> 
     </span>
     <span class='ocr_line' id='line_1_4' title="bbox 211 636 1213 731; baseline -0.002 -21"><span class='ocrx_word' id='word_1_19' title='bbox 211 640 251 729; x_wconf 86' lang='grc' dir='ltr'><strong><em>δή</em></strong></span> <span class='ocrx_word' id='word_1_20' title='bbox 266 636 320 710; x_wconf 85' lang='grc' dir='ltr'><strong><em>ἀπ’</em></strong></span> <span class='ocrx_word' id='word_1_21' title='bbox 342 638 443 731; x_wconf 83' lang='grc' dir='ltr'><strong><em>ἀρχῆς</em></strong></span> <span class='ocrx_word' id='word_1_22' title='bbox 457 642 578 729; x_wconf 80' lang='grc' dir='ltr'><strong><em>διεξήιε</em></strong></span> <span class='ocrx_word' id='word_1_23' title='bbox 599 649 639 731; x_wconf 75' lang='grc' dir='ltr'><strong><em>τῇ</em></strong></span> <span class='ocrx_word' id='word_1_24' title='bbox 653 639 796 730; x_wconf 95' lang='grc' dir='ltr'><strong><em>ἀληθείῃ</em></strong></span> <span class='ocrx_word' id='word_1_25' title='bbox 815 641 1012 729; x_wconf 75' lang='grc' dir='ltr'><strong><em>χρεόμενος,</em></strong></span> <span class='ocrx_word' id='word_1_26' title='bbox 1035 644 1091 711; x_wconf 79' lang='grc' dir='ltr'><strong><em>καὶ</em></strong></span> <span class='ocrx_word' id='word_1_27' title='bbox 1111 640 1213 709; x_wconf 80' lang='grc' dir='ltr'><strong><em>κατέ·</em></strong></span> 
     </span>
     <span class='ocr_line' id='line_1_5' title="bbox 172 744 1211 836; baseline -0.003 -24"><span class='ocrx_word' id='word_1_28' title='bbox 172 755 185 772; x_wconf 90' lang='grc'><em>“</em></span> <span class='ocrx_word' id='word_1_29' title='bbox 209 752 304 833; x_wconf 86' lang='grc' dir='ltr'><strong><em>βαιυε</em></strong></span> <span class='ocrx_word' id='word_1_30' title='bbox 318 747 352 825; x_wconf 85' lang='grc' dir='ltr'><strong><em>ἐς</em></strong></span> <span class='ocrx_word' id='word_1_31' title='bbox 365 744 457 831; x_wconf 82' lang='grc' dir='ltr'><strong><em>λιτάς</em></strong></span> <span class='ocrx_word' id='word_1_32' title='bbox 476 769 513 812; x_wconf 90' lang='grc' dir='ltr'><strong><em>τε</em></strong></span> <span class='ocrx_word' id='word_1_33' title='bbox 532 746 587 813; x_wconf 77' lang='grc' dir='ltr'><strong><em>καί</em></strong></span> <span class='ocrx_word' id='word_1_34' title='bbox 608 744 812 831; x_wconf 84' lang='grc' dir='ltr'><strong><em>συγγνύμην</em></strong></span> <span class='ocrx_word' id='word_1_35' title='bbox 831 746 943 836; x_wconf 74' lang='grc' dir='ltr'><strong><em>ἐωυτῃί</em></strong></span> <span class='ocrx_word' id='word_1_36' title='bbox 958 744 1106 815; x_wconf 79' lang='grc' dir='ltr'><strong><em>κελεύων</em></strong></span> <span class='ocrx_word' id='word_1_37' title='bbox 1121 748 1211 831; x_wconf 78' lang='grc' dir='ltr'><strong><em>ἔχειν</em></strong></span> 
     </span>
     <span class='ocr_line' id='line_1_6' title="bbox 143 839 1211 933; baseline -0.001 -25"><span class='ocrx_word' id='word_1_38' title='bbox 143 852 191 909; x_wconf 80' lang='lat'><strong><em>117</em></strong></span> <span class='ocrx_word' id='word_1_39' title='bbox 208 842 321 915; x_wconf 81' lang='grc' dir='ltr'><strong><em>αὐτόν.</em></strong></span> <span class='ocrx_word' id='word_1_40' title='bbox 361 842 543 930; x_wconf 72' lang='grc' dir='ltr'><strong><em>Ἀστυάγης</em></strong></span> <span class='ocrx_word' id='word_1_41' title='bbox 557 843 594 912; x_wconf 73' lang='grc' dir='ltr'><strong><em>δὲ</em></strong></span> <span class='ocrx_word' id='word_1_42' title='bbox 612 850 673 911; x_wconf 86' lang='grc' dir='ltr'><strong><em>τοῦ</em></strong></span> <span class='ocrx_word' id='word_1_43' title='bbox 694 845 757 930; x_wconf 74' lang='grc' dir='ltr'><strong><em>μὲν</em></strong></span> <span class='ocrx_word' id='word_1_44' title='bbox 777 841 947 931; x_wconf 89' lang='grc' dir='ltr'><strong><em>βουκόλου</em></strong></span> <span class='ocrx_word' id='word_1_45' title='bbox 967 839 1030 933; x_wconf 84' lang='grc' dir='ltr'><strong><em>τήν</em></strong></span> <span class='ocrx_word' id='word_1_46' title='bbox 1044 840 1211 929; x_wconf 75' lang='grc' dir='ltr'><strong><em>ἀληθείην</em></strong></span> 
     </span>
     <span class='ocr_line' id='line_1_7' title="bbox 210 938 1211 1031; baseline -0.005 -20"><span class='ocrx_word' id='word_1_47' title='bbox 210 943 417 1031; x_wconf 80' lang='grc' dir='ltr'><strong><em>ἐκφήναντος</em></strong></span> <span class='ocrx_word' id='word_1_48' title='bbox 436 940 541 1028; x_wconf 85' lang='grc' dir='ltr'><strong><em>λόγον</em></strong></span> <span class='ocrx_word' id='word_1_49' title='bbox 562 938 625 1029; x_wconf 84' lang='grc' dir='ltr'><strong><em>ήδη</em></strong></span> <span class='ocrx_word' id='word_1_50' title='bbox 642 941 697 1007; x_wconf 86' lang='grc' dir='ltr'><strong><em>καλ</em></strong></span> <span class='ocrx_word' id='word_1_51' title='bbox 718 940 847 1008; x_wconf 79' lang='grc' dir='ltr'><strong><em>ἐλάσσω</em></strong></span> <span class='ocrx_word' id='word_1_52' title='bbox 864 940 1029 1028; x_wconf 77' lang='grc' dir='ltr'><strong><em>ἐποιέετο,</em></strong></span> <span class='ocrx_word' id='word_1_53' title='bbox 1050 938 1211 1031; x_wconf 72' lang='grc' dir='ltr'><strong><em>’Λρπάγῃκ</em></strong></span> 
     </span>
     <span class='ocr_line' id='line_1_8' title="bbox 131 1036 1211 1127; baseline -0.006 -16"><span class='ocrx_word' id='word_1_54' title='bbox 131 1051 133 1055; x_wconf 78' lang='grc'>’</span> <span class='ocrx_word' id='word_1_55' title='bbox 210 1043 246 1110; x_wconf 74' lang='grc' dir='ltr'><strong><em>δὲ</em></strong></span> <span class='ocrx_word' id='word_1_56' title='bbox 260 1043 316 1110; x_wconf 83' lang='grc' dir='ltr'><strong><em>καλ</em></strong></span> <span class='ocrx_word' id='word_1_57' title='bbox 336 1040 488 1127; x_wconf 88' lang='grc' dir='ltr'><strong><em>μεγάλως</em></strong></span> <span class='ocrx_word' id='word_1_58' title='bbox 507 1039 720 1127; x_wconf 88' lang='grc' dir='ltr'><strong><em>μεμφόμενος</em></strong></span> <span class='ocrx_word' id='word_1_59' title='bbox 734 1039 865 1107; x_wconf 82' lang='grc' dir='ltr'><strong><em>καλέειν</em></strong></span> <span class='ocrx_word' id='word_1_60' title='bbox 886 1036 990 1106; x_wconf 80' lang='grc' dir='ltr'><strong><em>αὐτόν</em></strong></span> <span class='ocrx_word' id='word_1_61' title='bbox 1010 1036 1089 1118; x_wconf 82' lang='grc' dir='ltr'><strong><em>τούς</em></strong></span> <span class='ocrx_word' id='word_1_62' title='bbox 1103 1043 1211 1125; x_wconf 81' lang='grc' dir='ltr'><strong><em>δορυ-</em></strong></span> 
     </span>
     <span class='ocr_line' id='line_1_9' title="bbox 210 1135 1211 1266; baseline -0.009 -56"><span class='ocrx_word' id='word_1_63' title='bbox 210 1141 338 1266; x_wconf 72' lang='grc' dir='ltr'><strong><em>φόρους</em></strong></span> <span class='ocrx_word' id='word_1_64' title='bbox 351 1141 490 1211; x_wconf 82' lang='grc' dir='ltr'><strong><em>ἐκέλευε.</em></strong></span> <span class='ocrx_word' id='word_1_65' title='bbox 525 1137 569 1217; x_wconf 85' lang='lat'><strong><em>69</em></strong></span> <span class='ocrx_word' id='word_1_66' title='bbox 584 1139 623 1206; x_wconf 81' lang='grc' dir='ltr'><strong><em>δέ</em></strong></span> <span class='ocrx_word' id='word_1_67' title='bbox 636 1143 672 1206; x_wconf 80' lang='lat' dir='ltr'><strong><em>oc</em></strong></span> <span class='ocrx_word' id='word_1_68' title='bbox 683 1144 795 1224; x_wconf 82' lang='grc' dir='ltr'><strong><em>πυρήν</em></strong></span> <span class='ocrx_word' id='word_1_69' title='bbox 808 1135 1012 1225; x_wconf 66' lang='grc' dir='ltr'><strong><em>δ’Ἆρπαγος,</em></strong></span> <span class='ocrx_word' id='word_1_70' title='bbox 1029 1136 1134 1225; x_wconf 78' lang='grc' dir='ltr'><strong><em>εἴρετό</em></strong></span> <span class='ocrx_word' id='word_1_71' title='bbox 1148 1162 1211 1221; x_wconf 93' lang='grc' dir='ltr'><strong><em>μιν</em></strong></span> 
     </span>
     <span class='ocr_line' id='line_1_10' title="bbox 208 1232 1210 1359; baseline -0.006 -49"><span class='ocrx_word' id='word_1_72' title='bbox 208 1237 434 1359; x_wconf 73' lang='lat' dir='ltr'><strong>6’Aow6769·</strong></span> <span class='ocrx_word' id='word_1_73' title='bbox 459 1235 622 1325; x_wconf 71' lang='grc' dir='ltr'><strong><em>Ἅρπαγε,</em></strong></span> <span class='ocrx_word' id='word_1_74' title='bbox 642 1237 705 1327; x_wconf 89' lang='grc' dir='ltr'><strong><em>τεω</em></strong></span> <span class='ocrx_word' id='word_1_75' title='bbox 725 1232 765 1322; x_wconf 87' lang='grc' dir='ltr'><strong><em>δη</em></strong></span> <span class='ocrx_word' id='word_1_76' title='bbox 790 1234 883 1327; x_wconf 85' lang='grc' dir='ltr'><strong><em>μόρφ</em></strong></span> <span class='ocrx_word' id='word_1_77' title='bbox 904 1235 964 1305; x_wconf 86' lang='grc' dir='ltr'><strong><em>τόν</em></strong></span> <span class='ocrx_word' id='word_1_78' title='bbox 986 1242 1088 1306; x_wconf 78' lang='grc' dir='ltr'><strong><em>παῖδα</em></strong></span> <span class='ocrx_word' id='word_1_79' title='bbox 1109 1262 1210 1305; x_wconf 85' lang='grc' dir='ltr'><strong><em>κατε-</em></strong></span> 
     </span>
     <span class='ocr_line' id='line_1_11' title="bbox 207 1303 1211 1465; baseline -0.008 -55.837"><span class='ocrx_word' id='word_1_80' title='bbox 207 1338 348 1465; x_wconf 83' lang='grc' dir='ltr'><strong><em>χρήσαο,</em></strong></span> <span class='ocrx_word' id='word_1_81' title='bbox 368 1334 430 1404; x_wconf 90' lang='grc' dir='ltr'><strong><em>τόν</em></strong></span> <span class='ocrx_word' id='word_1_82' title='bbox 448 1359 501 1404; x_wconf 90' lang='grc' dir='ltr'><strong><em>τοι</em></strong></span> <span class='ocrx_word' id='word_1_83' title='bbox 520 1303 698 1421; x_wconf 78' lang='grc' dir='ltr'><strong><em>παρέδωκα</em></strong></span> <span class='ocrx_word' id='word_1_84' title='bbox 717 1334 754 1401; x_wconf 86' lang='grc' dir='ltr'><strong><em>ἐκ</em></strong></span> <span class='ocrx_word' id='word_1_85' title='bbox 774 1332 947 1422; x_wconf 84' lang='grc' dir='ltr'><strong><em>θυγατρός</em></strong></span> <span class='ocrx_word' id='word_1_86' title='bbox 966 1334 1129 1423; x_wconf 88' lang='grc' dir='ltr'><strong><em>γεγονότα</em></strong></span> <span class='ocrx_word' id='word_1_87' title='bbox 1148 1340 1211 1419; x_wconf 76' lang='grc' dir='ltr'><strong><em>τῆς</em></strong></span> 
     </span>
     <span class='ocr_line' id='line_1_12' title="bbox 208 1428 1209 1525; baseline -0.01 -18"><span class='ocrx_word' id='word_1_88' title='bbox 208 1443 302 1525; x_wconf 67' lang='lat'><strong>66693</strong></span> <span class='ocrx_word' id='word_1_89' title='bbox 327 1430 438 1503; x_wconf 69' lang='lat'><strong>‘066⁹</strong></span> <span class='ocrx_word' id='word_1_90' title='bbox 431 1441 587 1520; x_wconf 80' lang='grc' dir='ltr'><strong><em>Αρπαγος</em></strong></span> <span class='ocrx_word' id='word_1_91' title='bbox 602 1428 647 1510; x_wconf 81' lang='grc' dir='ltr'><strong><em>ὡς</em></strong></span> <span class='ocrx_word' id='word_1_92' title='bbox 658 1428 771 1498; x_wconf 75' lang='grc' dir='ltr'><strong><em>εἷδε“</em></strong></span> <span class='ocrx_word' id='word_1_93' title='bbox 737 1457 798 1521; x_wconf 80' lang='grc' dir='ltr'><strong><em>τον</em></strong></span> <span class='ocrx_word' id='word_1_94' title='bbox 807 1433 976 1518; x_wconf 81' lang='grc' dir='ltr'><strong><em>βουκόλον</em></strong></span> <span class='ocrx_word' id='word_1_95' title='bbox 987 1438 1087 1502; x_wconf 83' lang='grc' dir='ltr'><strong><em>ἔνδον</em></strong></span> <span class='ocrx_word' id='word_1_96' title='bbox 1098 1432 1209 1517; x_wconf 87' lang='grc' dir='ltr'><strong><em>ἐόντα,</em></strong></span> 
     </span>
     <span class='ocr_line' id='line_1_13' title="bbox 209 1524 1210 1620; baseline -0.008 -17"><span class='ocrx_word' id='word_1_97' title='bbox 209 1533 250 1603; x_wconf 86' lang='lat'><strong><em>06</em></strong></span> <span class='ocrx_word' id='word_1_98' title='bbox 264 1531 422 1620; x_wconf 87' lang='grc' dir='ltr'><strong><em>τράπεται</em></strong></span> <span class='ocrx_word' id='word_1_99' title='bbox 437 1533 490 1600; x_wconf 78' lang='grc' dir='ltr'><strong><em>ἐπὶ</em></strong></span> <span class='ocrx_word' id='word_1_100' title='bbox 506 1532 632 1612; x_wconf 79' lang='grc' dir='ltr'><strong><em>ψευδέα</em></strong></span> <span class='ocrx_word' id='word_1_101' title='bbox 646 1524 785 1614; x_wconf 86' lang='grc' dir='ltr'><strong><em>ὁδόν,</em></strong></span> <span class='ocrx_word' id='word_1_102' title='bbox 770 1555 826 1595; x_wconf 90' lang='grc' dir='ltr'><strong><em>ινα</em></strong></span> <span class='ocrx_word' id='word_1_103' title='bbox 841 1556 885 1616; x_wconf 90' lang='grc' dir='ltr'><strong><em>μη</em></strong></span> <span class='ocrx_word' id='word_1_104' title='bbox 875 1527 1118 1619; x_wconf 77' lang='grc' dir='ltr'><strong><em>ἐλεγχόμενος</em></strong></span> <span class='ocrx_word' id='word_1_105' title='bbox 1132 1526 1210 1596; x_wconf 81' lang='grc' dir='ltr'><strong><em>ἁλί</em></strong></span> 
     </span>
     <span class='ocr_line' id='line_1_14' title="bbox 208 1620 1211 1750; baseline -0.008 -50"><span class='ocrx_word' id='word_1_106' title='bbox 208 1653 336 1719; x_wconf 86' lang='grc' dir='ltr'><strong><em>σκῃται,</em></strong></span> <span class='ocrx_word' id='word_1_107' title='bbox 354 1626 439 1698; x_wconf 85' lang='grc' dir='ltr'><strong><em>ἀλλά</em></strong></span> <span class='ocrx_word' id='word_1_108' title='bbox 453 1631 543 1715; x_wconf 84' lang='grc' dir='ltr'><strong><em>λέγει</em></strong></span> <span class='ocrx_word' id='word_1_109' title='bbox 555 1628 652 1696; x_wconf 83' lang='grc' dir='ltr'><strong><em>τάδε·</em></strong></span> <span class='ocrx_word' id='word_1_110' title='bbox 670 1620 709 1694; x_wconf 75' lang='grc' dir='ltr'><em>Ὦ</em></span> <span class='ocrx_word' id='word_1_111' title='bbox 723 1634 873 1714; x_wconf 85' lang='grc' dir='ltr'><strong><em>βασιλεύ,</em></strong></span> <span class='ocrx_word' id='word_1_112' title='bbox 896 1630 1004 1698; x_wconf 82' lang='grc' dir='ltr'><strong><em>ἐπείτε</em></strong></span> <span class='ocrx_word' id='word_1_113' title='bbox 1016 1631 1211 1750; x_wconf 77' lang='grc' dir='ltr'><strong><em>παρέλαβον</em></strong></span> 
     </span>
     <span class='ocr_line' id='line_1_15' title="bbox 207 1725 1210 1845; baseline -0.01 -42"><span class='ocrx_word' id='word_1_114' title='bbox 207 1760 244 1803; x_wconf 88' lang='grc' dir='ltr'><strong><em>το</em></strong></span> <span class='ocrx_word' id='word_1_115' title='bbox 233 1732 408 1825; x_wconf 85' lang='grc' dir='ltr'><strong><em>παιδίον,</em></strong></span> <span class='ocrx_word' id='word_1_116' title='bbox 423 1730 605 1819; x_wconf 75' lang='grc' dir='ltr'><strong><em>ἐβούλευον</em></strong></span> <span class='ocrx_word' id='word_1_117' title='bbox 619 1734 766 1845; x_wconf 76' lang='grc' dir='ltr'><strong><em>σκοπῶν,</em></strong></span> <span class='ocrx_word' id='word_1_118' title='bbox 782 1725 869 1807; x_wconf 85' lang='grc' dir='ltr'><strong><em>ὅκως</em></strong></span> <span class='ocrx_word' id='word_1_119' title='bbox 885 1736 941 1797; x_wconf 90' lang='grc' dir='ltr'><strong><em>σοί</em></strong></span> <span class='ocrx_word' id='word_1_120' title='bbox 953 1755 989 1797; x_wconf 89' lang='grc' dir='ltr'><strong><em>τε</em></strong></span> <span class='ocrx_word' id='word_1_121' title='bbox 1003 1730 1129 1817; x_wconf 88' lang='grc' dir='ltr'><strong><em>ποιήσω</em></strong></span> <span class='ocrx_word' id='word_1_122' title='bbox 1145 1753 1210 1794; x_wconf 90' lang='grc' dir='ltr'><strong><em>κα-</em></strong></span> 
     </span>
     <span class='ocr_line' id='line_1_16' title="bbox 208 1823 1211 1916; baseline -0.007 -16"><span class='ocrx_word' id='word_1_123' title='bbox 208 1828 248 1900; x_wconf 88' lang='grc' dir='ltr'><strong><em>τά</em></strong></span> <span class='ocrx_word' id='word_1_124' title='bbox 262 1829 361 1914; x_wconf 89' lang='grc' dir='ltr'><strong><em>νόον,</em></strong></span> <span class='ocrx_word' id='word_1_125' title='bbox 380 1830 435 1897; x_wconf 87' lang='grc' dir='ltr'><strong><em>καλ</em></strong></span> <span class='ocrx_word' id='word_1_126' title='bbox 455 1823 519 1914; x_wconf 73' lang='grc' dir='ltr'><strong><em>ἐγοδ</em></strong></span> <span class='ocrx_word' id='word_1_127' title='bbox 533 1824 616 1911; x_wconf 81' lang='grc' dir='ltr'><strong><em>πρὸς</em></strong></span> <span class='ocrx_word' id='word_1_128' title='bbox 633 1826 671 1895; x_wconf 82' lang='grc' dir='ltr'><strong><em>σδ</em></strong></span> <span class='ocrx_word' id='word_1_129' title='bbox 684 1824 861 1916; x_wconf 85' lang='grc' dir='ltr'><strong><em>γινόμενος</em></strong></span> <span class='ocrx_word' id='word_1_130' title='bbox 881 1823 1111 1916; x_wconf 73' lang='grc' dir='ltr'><strong><em>ἀναμάρτητος</em></strong></span> <span class='ocrx_word' id='word_1_131' title='bbox 1124 1826 1211 1913; x_wconf 88' lang='grc' dir='ltr'><strong><em>μήτε</em></strong></span> 
     </span>
     <span class='ocr_line' id='line_1_17' title="bbox 207 1919 1209 2015; baseline -0.008 -18"><span class='ocrx_word' id='word_1_132' title='bbox 207 1928 406 2014; x_wconf 83' lang='grc' dir='ltr'><strong><em>θυγατρὶ</em></strong></span> <span class='ocrx_word' id='word_1_133' title='bbox 366 1952 407 2013; x_wconf 86' lang='grc' dir='ltr'><strong><em>τῃ</em></strong></span> <span class='ocrx_word' id='word_1_134' title='bbox 422 1931 463 2013; x_wconf 82' lang='grc' dir='ltr'><strong><em>σή</em></strong></span> <span class='ocrx_word' id='word_1_135' title='bbox 479 1924 560 2012; x_wconf 88' lang='grc' dir='ltr'><strong><em>μήτε</em></strong></span> <span class='ocrx_word' id='word_1_136' title='bbox 575 1922 665 2015; x_wconf 75' lang='grc' dir='ltr'><strong><em>αὐτῷ</em></strong></span> <span class='ocrx_word' id='word_1_137' title='bbox 682 1926 735 1991; x_wconf 82' lang='grc' dir='ltr'><strong><em>σολ</em></strong></span> <span class='ocrx_word' id='word_1_138' title='bbox 752 1932 826 2009; x_wconf 86' lang='grc' dir='ltr'><strong><em>είην</em></strong></span> <span class='ocrx_word' id='word_1_139' title='bbox 839 1920 1013 2011; x_wconf 76' lang='grc' dir='ltr'><strong><em>αὐθέντης</em></strong></span> <span class='ocrx_word' id='word_1_140' title='bbox 1046 1925 1148 1992; x_wconf 77' lang='grc' dir='ltr'><strong><em>ποιέω</em></strong></span> <span class='ocrx_word' id='word_1_141' title='bbox 1162 1919 1209 2009; x_wconf 82' lang='grc' dir='ltr'><strong><em>δή</em></strong></span> 
     </span>
     <span class='ocr_line' id='line_1_18' title="bbox 209 1991 1211 2110; baseline -0.005 -16"><span class='ocrx_word' id='word_1_142' title='bbox 209 2019 292 2094; x_wconf 67' lang='grc' dir='ltr'><strong><em>οἶδε·</em></strong></span> <span class='ocrx_word' id='word_1_143' title='bbox 319 2020 506 2102; x_wconf 73' lang='grc' dir='ltr'><strong><em>καλέσας’</em></strong></span> <span class='ocrx_word' id='word_1_144' title='bbox 472 2046 533 2091; x_wconf 90' lang='grc' dir='ltr'><strong><em>τον</em></strong></span> <span class='ocrx_word' id='word_1_145' title='bbox 546 1991 713 2110; x_wconf 91' lang='grc' dir='ltr'><strong><em>βουκόλον</em></strong></span> <span class='ocrx_word' id='word_1_146' title='bbox 727 2021 826 2090; x_wconf 89' lang='grc' dir='ltr'><strong><em>τόνδε</em></strong></span> <span class='ocrx_word' id='word_1_147' title='bbox 845 2027 1053 2110; x_wconf 88' lang='grc' dir='ltr'><strong><em>παραδίδωμι</em></strong></span> <span class='ocrx_word' id='word_1_148' title='bbox 1074 2019 1111 2091; x_wconf 83' lang='grc' dir='ltr'><strong><em>τό</em></strong></span> <span class='ocrx_word' id='word_1_149' title='bbox 1126 2046 1211 2089; x_wconf 81' lang='grc' dir='ltr'><strong><em>παι-</em></strong></span> 
     </span>
     <span class='ocr_line' id='line_1_19' title="bbox 208 2120 1205 2214; baseline -0.003 -15"><span class='ocrx_word' id='word_1_150' title='bbox 208 2132 303 2214; x_wconf 90' lang='grc' dir='ltr'><strong><em>δίον,</em></strong></span> <span class='ocrx_word' id='word_1_151' title='bbox 329 2122 396 2213; x_wconf 84' lang='grc' dir='ltr'><strong><em>φάς</em></strong></span> <span class='ocrx_word' id='word_1_152' title='bbox 418 2125 458 2193; x_wconf 83' lang='grc' dir='ltr'><strong><em>σέ</em></strong></span> <span class='ocrx_word' id='word_1_153' title='bbox 474 2151 509 2193; x_wconf 88' lang='grc' dir='ltr'><strong><em>τε</em></strong></span> <span class='ocrx_word' id='word_1_154' title='bbox 526 2123 610 2192; x_wconf 79' lang='grc' dir='ltr'><strong><em>εἶναι</em></strong></span> <span class='ocrx_word' id='word_1_155' title='bbox 624 2120 684 2192; x_wconf 86' lang='grc' dir='ltr'><strong><em>τόν</em></strong></span> <span class='ocrx_word' id='word_1_156' title='bbox 704 2124 885 2193; x_wconf 84' lang='grc' dir='ltr'><strong><em>κελεύοντα</em></strong></span> <span class='ocrx_word' id='word_1_157' title='bbox 906 2121 1097 2193; x_wconf 81' lang='grc' dir='ltr'><strong><em>ἀποκτείναι</em></strong></span> <span class='ocrx_word' id='word_1_158' title='bbox 1111 2121 1205 2197; x_wconf 61' lang='grc' dir='ltr'><strong><em>αὐτός</em></strong></span> 
     </span>
     <span class='ocr_line' id='line_1_20' title="bbox 208 2221 1256 2313; baseline -0.007 -16"><span class='ocrx_word' id='word_1_159' title='bbox 208 2229 263 2297; x_wconf 82' lang='grc' dir='ltr'><strong><em>καὶ</em></strong></span> <span class='ocrx_word' id='word_1_160' title='bbox 277 2226 384 2312; x_wconf 87' lang='grc' dir='ltr'><strong><em>λέγων</em></strong></span> <span class='ocrx_word' id='word_1_161' title='bbox 398 2222 497 2291; x_wconf 80' lang='grc' dir='ltr'><strong><em>τοῦτό</em></strong></span> <span class='ocrx_word' id='word_1_162' title='bbox 513 2250 552 2309; x_wconf 88' lang='grc' dir='ltr'><strong><em>γε</em></strong></span> <span class='ocrx_word' id='word_1_163' title='bbox 569 2221 633 2291; x_wconf 90' lang='grc' dir='ltr'><strong><em>ούκ</em></strong></span> <span class='ocrx_word' id='word_1_164' title='bbox 648 2222 855 2311; x_wconf 80' lang='grc' dir='ltr'><strong><em>ἐψευδόμην·</em></strong></span> <span class='ocrx_word' id='word_1_165' title='bbox 887 2221 931 2291; x_wconf 83' lang='grc' dir='ltr'><strong><em>σύ</em></strong></span> <span class='ocrx_word' id='word_1_166' title='bbox 951 2221 1017 2313; x_wconf 86' lang='grc' dir='ltr'><strong><em>γάρ</em></strong></span> <span class='ocrx_word' id='word_1_167' title='bbox 1037 2227 1209 2294; x_wconf 78' lang='grc' dir='ltr'><strong><em>ἐνετέλλεο</em></strong></span> <span class='ocrx_word' id='word_1_168' title='bbox 1255 2256 1256 2261; x_wconf 52' lang='grc'>’</span> 
     </span>
     <span class='ocr_line' id='line_1_21' title="bbox 208 2318 1211 2413; baseline -0.005 -20"><span class='ocrx_word' id='word_1_169' title='bbox 208 2323 306 2393; x_wconf 78' lang='grc' dir='ltr'><strong><em>οὕτω</em></strong></span> <span class='ocrx_word' id='word_1_170' title='bbox 339 2322 548 2407; x_wconf 87' lang='grc' dir='ltr'><strong><em>παραδίδωμι</em></strong></span> <span class='ocrx_word' id='word_1_171' title='bbox 559 2322 714 2413; x_wconf 82' lang='grc' dir='ltr'><strong><em>μέντοι</em></strong></span> <span class='ocrx_word' id='word_1_172' title='bbox 682 2325 767 2389; x_wconf 86' lang='grc' dir='ltr'><strong><em>τωδε</em></strong></span> <span class='ocrx_word' id='word_1_173' title='bbox 777 2347 861 2389; x_wconf 82' lang='grc' dir='ltr'><strong><em>κατα</em></strong></span> <span class='ocrx_word' id='word_1_174' title='bbox 849 2318 951 2390; x_wconf 87' lang='grc' dir='ltr'><strong><em>ταδε</em></strong></span> <span class='ocrx_word' id='word_1_175' title='bbox 951 2323 1211 2411; x_wconf 81' lang='grc' dir='ltr'><strong><em>,ἐντειλάμενος</em></strong></span> 
     </span>
     <span class='ocr_line' id='line_1_22' title="bbox 206 2373 1208 2541; baseline -0.005 -48"><span class='ocrx_word' id='word_1_176' title='bbox 206 2427 323 2493; x_wconf 76' lang='grc' dir='ltr'><strong><em>θεῖναί</em></strong></span> <span class='ocrx_word' id='word_1_177' title='bbox 324 2447 388 2541; x_wconf 82' lang='grc' dir='ltr'><strong><em>μιν</em></strong></span> <span class='ocrx_word' id='word_1_178' title='bbox 399 2422 432 2499; x_wconf 88' lang='grc' dir='ltr'><strong><em>ἐς</em></strong></span> <span class='ocrx_word' id='word_1_179' title='bbox 443 2413 619 2507; x_wconf 80' lang='grc' dir='ltr'><strong><em>ἐρήμου</em></strong></span> <span class='ocrx_word' id='word_1_180' title='bbox 577 2447 678 2505; x_wconf 87' lang='grc' dir='ltr'><strong><em>ουρος</em></strong></span> <span class='ocrx_word' id='word_1_181' title='bbox 691 2424 746 2489; x_wconf 88' lang='grc' dir='ltr'><strong><em>καλ</em></strong></span> <span class='ocrx_word' id='word_1_182' title='bbox 760 2373 995 2510; x_wconf 78' lang='grc' dir='ltr'><strong><em>παραμένοάτα</em></strong></span> <span class='ocrx_word' id='word_1_183' title='bbox 1007 2425 1208 2511; x_wconf 85' lang='grc' dir='ltr'><strong><em>φυλάσσειν,</em></strong></span> 
     </span>
     <span class='ocr_line' id='line_1_23' title="bbox 207 2509 1210 2615; baseline 0.004 -26"><span class='ocrx_word' id='word_1_184' title='bbox 207 2518 282 2608; x_wconf 85' lang='grc' dir='ltr'><strong><em>ἀχρι</em></strong></span> <span class='ocrx_word' id='word_1_185' title='bbox 297 2544 339 2586; x_wconf 93' lang='grc' dir='ltr'><strong><em>ου</em></strong></span> <span class='ocrx_word' id='word_1_186' title='bbox 324 2509 541 2610; x_wconf 87' lang='grc' dir='ltr'><strong><em>τελευτήσῃ,</em></strong></span> <span class='ocrx_word' id='word_1_187' title='bbox 558 2517 738 2609; x_wconf 86' lang='grc' dir='ltr'><strong><em>ἀπειλήσας</em></strong></span> <span class='ocrx_word' id='word_1_188' title='bbox 751 2539 892 2593; x_wconf 78' lang='grc' dir='ltr'><strong><em>παντοία</em></strong></span> <span class='ocrx_word' id='word_1_189' title='bbox 905 2520 1038 2615; x_wconf 62' lang='lat'><strong><em>6666,⁸⁸</em></strong></span> <span class='ocrx_word' id='word_1_190' title='bbox 1018 2550 1060 2612; x_wconf 89' lang='grc' dir='ltr'><strong><em>ην</em></strong></span> <span class='ocrx_word' id='word_1_191' title='bbox 1070 2551 1115 2613; x_wconf 89' lang='grc' dir='ltr'><strong><em>μη</em></strong></span> <span class='ocrx_word' id='word_1_192' title='bbox 1103 2521 1210 2593; x_wconf 65' lang='grc' dir='ltr'><strong><em>’τάδε</em></strong></span> 
     </span>
     <span class='ocr_line' id='line_1_24' title="bbox 206 2612 1210 2710; baseline 0.003 -22"><span class='ocrx_word' id='word_1_193' title='bbox 206 2618 354 2688; x_wconf 77' lang='grc' dir='ltr'><strong><em>ἐπιτελέα</em></strong></span> <span class='ocrx_word' id='word_1_194' title='bbox 370 2612 502 2707; x_wconf 91' lang='grc' dir='ltr'><strong><em>ποιήσῃ</em></strong></span> <span class='ocrx_word' id='word_1_195' title='bbox 557 2621 631 2688; x_wconf 85' lang='grc' dir='ltr'><strong><em>ἐπεί</em></strong></span> <span class='ocrx_word' id='word_1_196' title='bbox 616 2625 664 2688; x_wconf 85' lang='grc' dir='ltr'><strong><em>ίτε</em></strong></span> <span class='ocrx_word' id='word_1_197' title='bbox 683 2620 720 2689; x_wconf 74' lang='grc' dir='ltr'><strong><em>δδ</em></strong></span> <span class='ocrx_word' id='word_1_198' title='bbox 738 2622 939 2710; x_wconf 85' lang='grc' dir='ltr'><strong><em>ποιήσαντος</em></strong></span> <span class='ocrx_word' id='word_1_199' title='bbox 954 2623 1076 2691; x_wconf 88' lang='grc' dir='ltr'><strong><em>τούτου</em></strong></span> <span class='ocrx_word' id='word_1_200' title='bbox 1090 2619 1130 2691; x_wconf 90' lang='grc' dir='ltr'><strong><em>τά</em></strong></span> <span class='ocrx_word' id='word_1_201' title='bbox 1147 2648 1210 2691; x_wconf 52' lang='grc' dir='ltr'><strong><em>κει</em></strong></span> 
     </span>
     <span class='ocr_line' id='line_1_25' title="bbox 207 2714 1210 2809; baseline 0.002 -22"><span class='ocrx_word' id='word_1_202' title='bbox 207 2714 370 2803; x_wconf 88' lang='grc' dir='ltr'><strong><em>λευόμενα</em></strong></span> <span class='ocrx_word' id='word_1_203' title='bbox 386 2716 577 2804; x_wconf 81' lang='grc' dir='ltr'><strong><em>ἐτελεύτησε</em></strong></span> <span class='ocrx_word' id='word_1_204' title='bbox 591 2744 628 2786; x_wconf 86' lang='grc' dir='ltr'><strong><em>το</em></strong></span> <span class='ocrx_word' id='word_1_205' title='bbox 617 2716 786 2807; x_wconf 62' lang='grc' dir='ltr'><strong><em>ιπαιδίου,</em></strong></span> <span class='ocrx_word' id='word_1_206' title='bbox 802 2724 933 2807; x_wconf 75' lang='grc' dir='ltr'><strong><em>πέμψας</em></strong></span> <span class='ocrx_word' id='word_1_207' title='bbox 947 2729 1015 2789; x_wconf 79' lang='grc' dir='ltr'><strong><em>τόν</em></strong></span> <span class='ocrx_word' id='word_1_208' title='bbox 1032 2720 1210 2809; x_wconf 78' lang='grc' dir='ltr'><strong><em>εὐνούχων</em></strong></span> 
     </span>
     <span class='ocr_line' id='line_1_26' title="bbox 205 2811 1206 2907; baseline 0.008 -26"><span class='ocrx_word' id='word_1_209' title='bbox 205 2811 286 2892; x_wconf 86' lang='grc' dir='ltr'><strong><em>τούς</em></strong></span> <span class='ocrx_word' id='word_1_210' title='bbox 305 2814 522 2893; x_wconf 86' lang='grc' dir='ltr'><strong><em>πιστοτάτους</em></strong></span> <span class='ocrx_word' id='word_1_211' title='bbox 544 2817 599 2884; x_wconf 85' lang='grc' dir='ltr'><strong><em>καλ</em></strong></span> <span class='ocrx_word' id='word_1_212' title='bbox 621 2814 711 2884; x_wconf 78' lang='grc' dir='ltr'><strong><em>εἶδον</em></strong></span> <span class='ocrx_word' id='word_1_213' title='bbox 726 2814 766 2885; x_wconf 91' lang='grc' dir='ltr'><strong><em>δι</em></strong></span> <span class='ocrx_word' id='word_1_214' title='bbox 782 2820 921 2887; x_wconf 76' lang='grc' dir='ltr'><strong><em>ἐκείνων</em></strong></span> <span class='ocrx_word' id='word_1_215' title='bbox 935 2822 991 2888; x_wconf 80' lang='grc' dir='ltr'><strong><em>καὶ</em></strong></span> <span class='ocrx_word' id='word_1_216' title='bbox 1006 2819 1118 2902; x_wconf 78' lang='grc' dir='ltr'><strong><em>ἔθαψά</em></strong></span> <span class='ocrx_word' id='word_1_217' title='bbox 1133 2847 1206 2907; x_wconf 92' lang='grc' dir='ltr'><strong><em>μιν.</em></strong></span> 
     </span>
     <span class='ocr_line' id='line_1_27' title="bbox 206 2904 1252 3037; baseline 0.008 -58"><span class='ocrx_word' id='word_1_218' title='bbox 206 2909 294 2979; x_wconf 80' lang='grc' dir='ltr'><strong><em>οὕτω</em></strong></span> <span class='ocrx_word' id='word_1_219' title='bbox 320 2916 402 2998; x_wconf 84' lang='grc' dir='ltr'><strong><em>ἐσχε,</em></strong></span> <span class='ocrx_word' id='word_1_220' title='bbox 422 2938 447 2979; x_wconf 91' lang='grc' dir='ltr'><strong><em>ω</em></strong></span> <span class='ocrx_word' id='word_1_221' title='bbox 436 2904 617 3001; x_wconf 83' lang='grc' dir='ltr'><strong><em>βασιλεύ,</em></strong></span> <span class='ocrx_word' id='word_1_222' title='bbox 633 2916 780 3002; x_wconf 78' lang='grc' dir='ltr'><strong><em>περὶτοῦ</em></strong></span> <span class='ocrx_word' id='word_1_223' title='bbox 794 2916 987 3037; x_wconf 80' lang='grc' dir='ltr'><strong><em>πρήγματος</em></strong></span> <span class='ocrx_word' id='word_1_224' title='bbox 1000 2919 1133 3005; x_wconf 88' lang='grc' dir='ltr'><strong><em>τούτου,</em></strong></span> <span class='ocrx_word' id='word_1_225' title='bbox 1149 2921 1210 2987; x_wconf 79' lang='grc' dir='ltr'><strong><em>καὶ</em></strong></span> <span class='ocrx_word' id='word_1_226' title='bbox 1250 2934 1252 2977; x_wconf 69' lang='lat'>1</span> 
     </span>
     <span class='ocr_line' id='line_1_28' title="bbox 139 3006 1210 3135; baseline 0.007 -58"><span class='ocrx_word' id='word_1_227' title='bbox 139 3006 344 3100; x_wconf 61' lang='lat'><strong>11810‘015&#39;6’</strong></span> <span class='ocrx_word' id='word_1_228' title='bbox 366 3007 459 3101; x_wconf 80' lang='grc' dir='ltr'><strong><em>μόρφ</em></strong></span> <span class='ocrx_word' id='word_1_229' title='bbox 482 3009 679 3099; x_wconf 80' lang='grc' dir='ltr'><strong><em>ἐχρήσατο</em></strong></span> <span class='ocrx_word' id='word_1_230' title='bbox 664 3028 784 3092; x_wconf 80' lang='grc' dir='ltr'><strong><em>οπαίς</em></strong></span> <span class='ocrx_word' id='word_1_231' title='bbox 822 3008 990 3135; x_wconf 66' lang='grc' dir='ltr'><strong><em>’Ἅρπαγος</em></strong></span> <span class='ocrx_word' id='word_1_232' title='bbox 1011 3018 1073 3135; x_wconf 69' lang='grc' dir='ltr'><strong><em>μὲν</em></strong></span> <span class='ocrx_word' id='word_1_233' title='bbox 1089 3014 1210 3104; x_wconf 80' lang='grc' dir='ltr'><strong><em>δήπου</em></strong></span> 
     </span>
     <span class='ocr_line' id='line_1_29' title="bbox 207 3076 1211 3200; baseline 0.006 -23"><span class='ocrx_word' id='word_1_234' title='bbox 207 3106 290 3177; x_wconf 84' lang='grc' dir='ltr'><strong><em>ι’θδν</em></strong></span> <span class='ocrx_word' id='word_1_235' title='bbox 305 3076 421 3192; x_wconf 77' lang='grc' dir='ltr'><strong><em>ἔφαινε</em></strong></span> <span class='ocrx_word' id='word_1_236' title='bbox 438 3107 552 3196; x_wconf 88' lang='grc' dir='ltr'><strong><em>λόγου,</em></strong></span> <span class='ocrx_word' id='word_1_237' title='bbox 565 3107 746 3198; x_wconf 77' lang='grc' dir='ltr'><strong><em>Ἀστυάγης</em></strong></span> <span class='ocrx_word' id='word_1_238' title='bbox 761 3110 797 3180; x_wconf 72' lang='grc' dir='ltr'><strong><em>δὲ</em></strong></span> <span class='ocrx_word' id='word_1_239' title='bbox 809 3114 967 3200; x_wconf 85' lang='grc' dir='ltr'><strong><em>κρύπτων</em></strong></span> <span class='ocrx_word' id='word_1_240' title='bbox 980 3113 1041 3185; x_wconf 88' lang='grc' dir='ltr'><strong><em>τόν</em></strong></span> <span class='ocrx_word' id='word_1_241' title='bbox 1056 3119 1090 3183; x_wconf 77' lang='lat' dir='ltr'><strong><em>oc</em></strong></span> <span class='ocrx_word' id='word_1_242' title='bbox 1103 3116 1211 3200; x_wconf 66' lang='grc' dir='ltr'><strong><em>ἐνεῖχε</em></strong></span> 
     </span>
     <span class='ocr_line' id='line_1_30' title="bbox 206 3202 1250 3326; baseline 0.008 -53"><span class='ocrx_word' id='word_1_243' title='bbox 206 3203 308 3326; x_wconf 74' lang='grc' dir='ltr'><strong><em>χόλον</em></strong></span> <span class='ocrx_word' id='word_1_244' title='bbox 324 3202 428 3271; x_wconf 72' lang='grc' dir='ltr'><strong><em>διά“</em></strong></span> <span class='ocrx_word' id='word_1_245' title='bbox 393 3231 430 3272; x_wconf 93' lang='grc' dir='ltr'><strong><em>το</em></strong></span> <span class='ocrx_word' id='word_1_246' title='bbox 447 3204 595 3294; x_wconf 84' lang='grc' dir='ltr'><strong><em>γεγονός,</em></strong></span> <span class='ocrx_word' id='word_1_247' title='bbox 611 3215 725 3294; x_wconf 80' lang='grc' dir='ltr'><strong><em>πρῶτοι</em></strong></span> <span class='ocrx_word' id='word_1_248' title='bbox 740 3210 813 3297; x_wconf 78' lang='grc' dir='ltr'><strong><em>μὲν,</em></strong></span> <span class='ocrx_word' id='word_1_249' title='bbox 829 3211 912 3279; x_wconf 89' lang='grc' dir='ltr'><strong><em>κατά</em></strong></span> <span class='ocrx_word' id='word_1_250' title='bbox 927 3234 990 3294; x_wconf 90' lang='grc' dir='ltr'><strong><em>περ</em></strong></span> <span class='ocrx_word' id='word_1_251' title='bbox 1004 3209 1129 3300; x_wconf 87' lang='grc' dir='ltr'><strong><em>ήκουσε</em></strong></span> <span class='ocrx_word' id='word_1_252' title='bbox 1143 3211 1209 3281; x_wconf 86' lang='grc' dir='ltr'><strong><em>αύ-</em></strong></span> <span class='ocrx_word' id='word_1_253' title='bbox 1249 3288 1250 3293; x_wconf 14' lang='lat'>1</span> 
     </span>
     <span class='ocr_line' id='line_1_31' title="bbox 196 3300 1250 3429; baseline 0.005 -55"><span class='ocrx_word' id='word_1_254' title='bbox 196 3301 263 3384; x_wconf 66' lang='grc' dir='ltr'><strong><em>4τός</em></strong></span> <span class='ocrx_word' id='word_1_255' title='bbox 275 3300 360 3391; x_wconf 82' lang='grc' dir='ltr'><strong><em>πρὸς</em></strong></span> <span class='ocrx_word' id='word_1_256' title='bbox 372 3328 434 3371; x_wconf 93' lang='grc' dir='ltr'><strong><em>του</em></strong></span> <span class='ocrx_word' id='word_1_257' title='bbox 420 3305 617 3429; x_wconf 76' lang='grc' dir='ltr'><strong><em>βουκόλου</em></strong></span> <span class='ocrx_word' id='word_1_258' title='bbox 633 3305 670 3375; x_wconf 90' lang='grc' dir='ltr'><strong><em>τδ</em></strong></span> <span class='ocrx_word' id='word_1_259' title='bbox 688 3315 841 3396; x_wconf 78' lang='grc' dir='ltr'><strong><em>πρῆγμα,</em></strong></span> <span class='ocrx_word' id='word_1_260' title='bbox 861 3309 965 3379; x_wconf 84' lang='grc' dir='ltr'><strong><em>πόλιν</em></strong></span> <span class='ocrx_word' id='word_1_261' title='bbox 981 3307 1143 3396; x_wconf 85' lang='grc' dir='ltr'><strong><em>ἀπηγέετο</em></strong></span> <span class='ocrx_word' id='word_1_262' title='bbox 1159 3318 1211 3402; x_wconf 75' lang='grc' dir='ltr'><strong><em>τῷ</em></strong></span> <span class='ocrx_word' id='word_1_263' title='bbox 1249 3312 1250 3319; x_wconf 59' lang='grc'><strong>“</strong></span> 
     </span>
     <span class='ocr_line' id='line_1_32' title="bbox 200 3401 1249 3527; baseline 0.003 -53.017"><span class='ocrx_word' id='word_1_264' title='bbox 200 3403 367 3495; x_wconf 77' lang='grc' dir='ltr'><strong><em>Λρπάγςο,</em></strong></span> <span class='ocrx_word' id='word_1_265' title='bbox 380 3429 460 3491; x_wconf 86' lang='grc' dir='ltr'><strong><em>μετα</em></strong></span> <span class='ocrx_word' id='word_1_266' title='bbox 448 3401 564 3492; x_wconf 74' lang='grc' dir='ltr'><strong><em>’δλ,”</em></strong></span> <span class='ocrx_word' id='word_1_267' title='bbox 535 3431 579 3484; x_wconf 86' lang='grc' dir='ltr'><strong><em>ως</em></strong></span> <span class='ocrx_word' id='word_1_268' title='bbox 591 3408 626 3474; x_wconf 78' lang='lat' dir='ltr'><strong><em>ot</em></strong></span> <span class='ocrx_word' id='word_1_269' title='bbox 634 3406 882 3527; x_wconf 79' lang='grc' dir='ltr'><strong><em>ἐπαλρλλόγητρ,</em></strong></span> <span class='ocrx_word' id='word_1_270' title='bbox 898 3409 1073 3496; x_wconf 83' lang='grc' dir='ltr'><strong><em>κατέβαινε</em></strong></span> <span class='ocrx_word' id='word_1_271' title='bbox 1085 3410 1209 3497; x_wconf 80' lang='grc' dir='ltr'><strong><em>λέγων,</em></strong></span> <span class='ocrx_word' id='word_1_272' title='bbox 1248 3480 1249 3489; x_wconf 51' lang='grc'><strong><em>,</em></strong></span> 
     </span>
     <span class='ocr_line' id='line_1_33' title="bbox 206 3498 1211 3600; baseline -0.001 -23"><span class='ocrx_word' id='word_1_273' title='bbox 206 3498 252 3588; x_wconf 79' lang='grc' dir='ltr'><strong><em>ὥς</em></strong></span> <span class='ocrx_word' id='word_1_274' title='bbox 265 3506 413 3593; x_wconf 86' lang='grc' dir='ltr'><strong><em>περίεστί</em></strong></span> <span class='ocrx_word' id='word_1_275' title='bbox 425 3528 461 3574; x_wconf 87' lang='grc' dir='ltr'><strong><em>τε</em></strong></span> <span class='ocrx_word' id='word_1_276' title='bbox 478 3529 497 3575; x_wconf 94' lang='grc' dir='ltr'><strong><em>ο</em></strong></span> <span class='ocrx_word' id='word_1_277' title='bbox 518 3514 596 3585; x_wconf 74' lang='grc' dir='ltr'><strong><em>παῖς</em></strong></span> <span class='ocrx_word' id='word_1_278' title='bbox 616 3508 671 3575; x_wconf 86' lang='grc' dir='ltr'><strong><em>καλ</em></strong></span> <span class='ocrx_word' id='word_1_279' title='bbox 692 3503 729 3575; x_wconf 91' lang='grc' dir='ltr'>τὸ</span> <span class='ocrx_word' id='word_1_280' title='bbox 744 3504 884 3595; x_wconf 87' lang='grc' dir='ltr'><strong><em>γεγονός</em></strong></span> <span class='ocrx_word' id='word_1_281' title='bbox 905 3510 968 3593; x_wconf 80' lang='grc' dir='ltr'><strong><em>ἔχει</em></strong></span> <span class='ocrx_word' id='word_1_282' title='bbox 985 3509 1101 3584; x_wconf 79' lang='grc' dir='ltr'><strong><em>καλῶς.</em></strong></span> <span class='ocrx_word' id='word_1_283' title='bbox 1153 3512 1211 3600; x_wconf 74' lang='grc' dir='ltr'><strong><em>Τῷ</em></strong></span> 
     </span>
    </p>
   </div>
   <div class='ocr_carea' id='block_1_3' title="bbox 0 0 1272 3934">
    <p class='ocr_par' dir='ltr' id='par_1_3' title="bbox 0 0 1272 3934">
     <span class='ocr_line' id='line_1_34' title="bbox 0 0 1272 3934; baseline 0 1"><span class='ocrx_word' id='word_1_284' title='bbox 0 0 1272 3934; x_wconf 95' lang='lat' dir='ltr'><strong><em> </em></strong></span> 
     </span>
    </p>
   </div>
  </div>
 </body>
</html>
