2566 3934
219 247 261 313 οε
339 228 342 237 ’
593 253 849 311 οεεοοοει

222 410 263 500 δή
280 414 317 481 ἐκ
328 411 455 499 βύθιος
469 413 703 501 περιεβάλετο,
724 412 859 499 τοιήνδε
874 413 910 481 δέ
925 415 958 493 ἐξ
973 409 1086 482 αῦτῦν
1100 436 1228 501 παρεν-

220 500 335 600 θήκην
351 513 538 600 ἐποιήσατο.
562 519 620 600 τῆς
633 511 751 590 πόλιος
766 511 886 598 ἐούσης
901 512 964 580 δύο
975 514 1150 598 φαρσέων,
1164 516 1230 577 τοῦ

221 607 258 676 δὲ
270 615 424 697 ποταμοῦ
438 611 542 697 μέσον
557 614 706 696 ἐχοντος,
722 609 859 677 ἐπὶτῶν
871 608 1039 697 πρότερον
1050 611 1230 697 βασιλέων,

220 703 308 786 όκως
321 734 371 787 τις
384 710 497 776 ἐθέλοι
512 709 548 776 ἐκ
559 713 621 775 τοῦ
633 708 751 794 ἑτέρου
765 704 912 793 φάρσεος
929 709 962 786 ἐς
976 705 1136 793 τοῦτερον
1152 708 1233 774 δια-

221 809 342 892 βῆναι,
363 812 447 893 χρῆν
462 812 567 897 πλοίῳ
588 809 786 892 διαβαίνειν.
809 806 864 872 καί
882 797 943 892 ήν,
966 802 1011 883 ὡς
1027 801 1092 891 ἐγοδ
1110 804 1231 889 δοκέω,

222 900 368 993 ὀχληρὸν
380 912 489 974 τοῦτο.
513 903 598 991 αῦτη
613 904 650 972 δέ
663 905 719 971 καὶ
733 909 833 972 τοῦτο
846 907 997 992 προεῖδε
1025 904 1133 972 ἐπείτε
1160 899 1232 988 γάρ

223 1000 354 1087 ὤρυσσε
364 1000 406 1072 τδ·
415 1008 556 1091 ἔλυτρον
566 1008 606 1091 τῇ
620 1007 732 1091 λίμνη,
746 1002 966 1090 μνημόσυνον
976 1000 1052 1069 τόδε
1063 999 1144 1072 ἀλλο
1159 997 1231 1068 ἀπδ

220 1103 281 1165 τοῦ
298 1095 404 1167 αὐτοῦ
418 1104 520 1186 ἔργον
535 1102 673 1168 ἐλίπετο.
706 1100 864 1186 ἐτάμνετο
878 1106 998 1178 λίθους
1011 1098 1233 1189 περιμήκεας,

223 1193 267 1273 ὡς
284 1199 324 1263 δέ
336 1200 370 1263 οί
381 1189 469 1283 ἦσαν
486 1201 519 1265 οί
530 1202 624 1265 λίθοι
638 1201 774 1285 ἑτοῖμοι,
789 1200 845 1266 καί
854 1195 892 1266 τό
905 1204 1029 1284 χωρίον
1040 1194 1234 1285 όρύρυκτο,

223 1296 408 1381 ἐκτρέψασα
423 1303 484 1365 τοῦ
504 1305 657 1385 ποταμοῦ
671 1295 709 1366 τδ
731 1300 877 1386 ρ’έεθρου
895 1306 965 1367 πᾶν
981 1300 1013 1378 ἐς
1035 1296 1073 1367 τδ
1097 1297 1236 1384 ύρυσσε

222 1401 363 1483 χωρίον,
386 1398 422 1465 ἐν
439 1389 467 1486 ςό
481 1399 664 1484 ἐπίμπλατο
678 1404 796 1485 τοῦτο,
818 1400 856 1466 ἐν
875 1398 983 1489 τούτῳ
999 1394 1237 1485 ἀπεξηρασμέ-

222 1518 287 1562 νου
300 1501 361 1561 τοῦ
375 1493 515 1582 ἀρχαίου
527 1500 673 1587 ῥεέθρου
683 1503 782 1566 τοῦτο
797 1496 860 1584 μὲν
872 1494 913 1565 τά
924 1504 1033 1583 χείλεα
1047 1503 1108 1564 τοῦ
1122 1520 1237 1565 ποτα-

222 1601 289 1682 μοῦ
303 1592 387 1662 κατά
401 1593 464 1682 τήν
477 1596 579 1666 πόλιν
593 1602 649 1667 καὶ
662 1596 721 1677 τάς
747 1597 926 1684 καταβάσις
951 1595 1009 1676 τάς
1027 1599 1064 1665 ἐκ
1077 1602 1147 1665 τῦν
1161 1623 1238 1665 πυ·

221 1697 325 1762 λίδυν
336 1693 369 1770 ἐς
380 1689 441 1759 τδν
452 1691 604 1781 ποταμόν
618 1696 789 1783 φερούσας
799 1692 1043 1781 ἀνοικοδόμησε
1053 1687 1247 1763 πλίνθοισι

225 1787 341 1877 ὀπτῇσι
356 1786 439 1857 κατά
453 1788 515 1857 τόν
535 1789 641 1860 αῦτδν
652 1792 760 1879 λόγον
782 1798 829 1882 τῷ
842 1798 957 1878 τείχεϊ,
977 1798 1076 1860 τοῦτο
1092 1789 1128 1858 δέ
1143 1791 1238 1860 κατὰ

223 1888 329 1973 μέσην
344 1912 407 1956 κου
421 1888 564 1974 μάλιστα
578 1886 642 1976 τήν
659 1890 761 1960 πόλιν
774 1903 860 1958 τοῖσι
875 1896 1019 1977 λίθοισι,
1040 1885 1119 1966 τοῦς
1136 1884 1239 1975 ἀρύ-

223 1987 320 2070 ξατο,
342 1985 515 2071 οίκοδόμεε
531 1989 704 2076 γέφυραν,
728 1991 852 2056 δέουσα
867 1985 947 2067 τοῦς
960 1997 1080 2066 λίθους
1100 1986 1240 2080 σιδήρῳ

221 2106 258 2148 τε
278 2082 333 2149 καὶ
353 2084 520 2175 μολύβδῳ.
551 2088 753 2155 ἐπιτείνεσκε
774 2086 811 2154 δέ
833 2083 886 2154 ἐπ’
905 2083 1027 2174 αὐτήν,
1055 2083 1143 2165 ὅκως
1166 2090 1241 2172 μὲν

222 2176 326 2268 ἡμέρη
340 2182 489 2266 γένοιτο,
512 2182 594 2262 ξύλα
616 2184 826 2271 τετράγωνα,
848 2180 902 2253 ἐπ’
926 2174 974 2251 τόν
993 2180 1056 2270 τήν
1069 2181 1241 2270 διάβασιν

224 2279 399 2345 ἐποιεῦντο
415 2283 450 2345 οί
461 2280 693 2367 Βαβυλώνιοι,
713 2278 773 2361 κάς
787 2281 824 2349 δέ
837 2282 962 2359 νύκτας
974 2276 1014 2348 τά
1027 2279 1109 2360 ξύλα
1118 2286 1242 2367 ’ταῦτα

223 2371 446 2459 ἀπαείρεσκου
465 2379 727 2465 τοῦδεεῗνεκεν,
756 2381 813 2446 ἵνα
835 2374 880 2465 μή
904 2380 1150 2462 διαφοιτέοντες
1171 2374 1244 2458 τ’ἀς

222 2470 347 2549 νύκτας
366 2472 540 2540 κλέπτοιεν
554 2472 635 2561 παρ’
662 2472 826 2564 ἀλλήλοιν.
851 2472 896 2553 ῦς
915 2473 952 2542 δέ
967 2471 1006 2542 τό
1026 2497 1062 2541 τε
1078 2469 1244 2557 ὀρυχθὲν

222 2574 323 2655 λίμνη
342 2568 471 2655 πλήρης
491 2569 645 2655 ἐγεγόνεε
666 2569 733 2639 ῦπδ
754 2577 816 2639 τοῦ
837 2576 989 2657 ποταμοῦ
1010 2570 1064 2637 καί
1086 2562 1127 2636 τά
1150 2577 1244 2658 περὶ

221 2662 284 2753 τήν
305 2669 460 2753 γέφυραν
483 2667 703 2755 ἐκεκόσμητο,
725 2667 786 2737 τδν
807 2665 993 2756 Εὐφρήτην
1016 2660 1172 2750 ποταμὸν
1206 2673 1245 2751 ἐς
1267 2744 1268 2759 ,

221 2760 262 2830 τά
279 2759 398 2850 ἀρχαία
414 2764 538 2851 ῥέεθρα
561 2768 597 2834 ἐκ
617 2773 675 2852 τῆς
688 2774 807 2855 λίμνης
827 2768 982 2855 ἐξήγαγε·
1003 2768 1058 2833 καί
1078 2761 1173 2832 οῦτω
1198 2770 1243 2838 τό

221 2858 370 2948 όρυχθέν
384 2865 458 2940 ἕλος
477 2865 664 2952 γευόμενον
685 2868 718 2944 ἐς
744 2870 822 2934 δέον
843 2866 957 2934 ἐδόκεε
974 2867 1150 2952 γεγονέναι
1176 2874 1245 2940 καὶ
1266 2876 1267 2893 ²

156 2971 204 3029 187
220 2972 305 3028 τοῖσι·
320 2959 496 3049 πολιήτησι
509 2965 642 3052 γέφυρα
653 2956 698 3051 ήν
708 2964 1006 3049 κατεσκευασμένη.
1037 2958 1081 3029 Ἡ
1091 2957 1123 3027 δ’
1140 2958 1241 3055 αῦτή
1265 2984 1266 3025 ι

222 3058 306 3146 αῦτη
326 3065 477 3147 βασίλεια
501 3064 557 3130 καὶ
578 3061 710 3151 ἀπύτην
731 3060 866 3151 τοιήνδε
886 3059 962 3131 τινὰ
983 3059 1241 3148 ἐμηχανήσατο.
1264 3080 1265 3159 χ

221 3157 307 3247 ῦπέρ
322 3162 391 3226 τῶν
404 3158 546 3244 μάλιστα
560 3163 746 3251 λεωφόρων
759 3165 895 3233 πυλέων
908 3167 971 3230 τοῦ
985 3159 1099 3239 ἀστεος
1113 3159 1245 3250 τύφου

221 3260 328 3346 έοιυτῇ
344 3260 609 3329 κατεσκευάσατο
634 3266 802 3350 μετέωρον
827 3263 985 3347 ἐπιπολῆς
1006 3256 1136 3326 αύτέιου
1159 3272 1246 3334 τῶν

222 3358 373 3444 πυλέων,
395 3359 577 3443 ἐνεκόλαψε
592 3364 628 3432 δδ
642 3366 676 3443 ἐς
688 3361 750 3432 τόν
763 3360 874 3450 τύφου
887 3362 1064 3451 γράμματα
1082 3362 1246 3447 λέγοντα

221 3458 316 3531 τάδε·
351 3463 452 3528 ΤΩΝ
465 3466 546 3530 ΤΙΣ
559 3458 694 3533 ἘΜΕΤ
704 3462 927 3537 ’ΤΣΤΕΡΟΝ
937 3469 970 3531 Γ
965 3465 1248 3542 ΙΝΟΜΕΝΩΝ
