2562 3926
336 228 422 290 ΗΒ.
448 229 493 287 111.
527 229 626 288 061³.
658 236 798 292 61-64.
1005 226 1068 293 245

87 391 151 470 λέος
161 387 304 464 ἀκούειν.
350 395 462 461 Ταῦτα
476 398 629 469 εἴπαντος
640 389 858 478 Πρηξάσπεος
873 388 986 479 (ἤρεσε
1000 385 1067 478 γάρ
1086 408 1122 464 σε

86 491 248 581 Καμβύσῃ)
264 489 382 561 αὐτίκα
401 493 620 578 μεταδίωκτος
636 490 816 576 γενόμενος
837 486 855 558 6
871 494 975 576 κῆρυξ
990 481 1066 575 ἧκε·

86 582 254 674 ἀπιγμένον
268 594 307 659 δέ
318 615 377 677 μιν
391 597 496 673 είρετο
511 585 744 674 ὁΠρηξάσπης
753 588 849 657 τάδε·
873 586 1066 674 Ὦνθρωπε,

87 681 141 771 φῂς
152 684 213 773 ηάρ
227 687 322 775 ἥκειν
337 685 426 771 παρά
440 688 606 773 Σμέρδιος
620 692 681 753 τοῦ
696 685 815 771 Κύρου
830 683 978 771 ἅγγελος.
1001 691 1067 752 νύν

86 776 126 851 ἀν
145 796 233 866 είπας
257 784 320 874 τὴν
340 783 502 873 ἀλήθειαν
526 782 626 853 ἀπιθι
651 791 792 871 χαίρων,
820 785 940 870 κότερα
966 780 1067 864 αύτός

85 906 125 950 τοι
136 887 274 972 Σμέρδις
289 882 493 973 φαινόμενος
506 885 539 963 ές
550 881 631 960 6666
646 884 829 951 ἐνετέλλετο
843 889 946 951 ταῦτα
961 877 983 970 ἦ
998 888 1066 950 τῶν

82 1006 123 1060 τις
137 985 263 1054 ἐκείνου
280 982 480 1072 ὑπηρετέων
519 980 556 1049 ‘0
572 981 608 1049 δὲ
623 978 708 1048 εἶπε·
743 977 824 1066 Ἐγά
839 982 989 1069 Σμέρδιν
1003 980 1065 1067 μὲν

84 1077 133 1147 τάν
151 1085 281 1171 Κύρου,
303 1081 377 1165 6⁴
356 1108 434 1151 οτευ
454 1077 611 1170 βασιλεύς
627 1080 810 1196 Καμβύσης
833 1076 934 1196 η’λασε
955 1081 988 1158 ές
1002 1087 1065 1147 Αί-

83 1203 208 1269 γυπτον,
231 1182 323 1251 ούκω
344 1179 478 1250 ὄπωπα·
501 1176 575 1247 ὁδέ
586 1202 643 1264 μοι
664 1177 785 1263 μα’γος,
808 1175 868 1245 τόν
883 1176 1065 1264 Καμβύσης

84 1277 245 1364 ἐπίτροπον
259 1287 326 1349 τῶν
341 1285 456 1348 οίαίων
471 1274 623 1360 ἀπέδεξε,
638 1268 736 1354 οὗτος
750 1281 853 1344 ταῦτα
869 1277 1064 1361 ἐνετείλατο,

82 1373 137 1458 φάς
155 1384 302 1467 Σμέρδιν
321 1375 381 1447 τόν
402 1376 522 1459 Κύρου
542 1370 684 1442 εἶναι
650 1397 711 1442 τον
734 1379 837 1441 ταῦτα
863 1373 960 1440 έπαθέ
960 1396 1064 1458 μενον

83 1470 157 1543 εἶπαι
174 1477 256 1562 πρός
277 1474 388 1563 ὑμέας.
427 1473 542 1561 0666
555 1472 597 1560 δη’
611 1493 672 1557 σφι
689 1478 781 1558 ἔλεγε
797 1469 899 1543 οὐδέν
913 1472 1066 1540 ἐπικατε-

82 1579 268 1662 ψευσμένος,
299 1573 482 1662 Καμβύσης
502 1570 539 1641 66
560 1569 645 1639 εἶπε·
679 1569 894 1658 Πρήξασπες,
922 1566 966 1637 σύ
990 1571 1064 1657 μὲν,

83 1662 124 1734 666
137 1668 216 1760 ἀνὴρ
233 1670 383 1760 ἀγαθός,
399 1668 539 1757 ποιήσας
552 1671 589 1737 τὸ
605 1669 827 1757 κελευόμενον
840 1674 950 1755 αἰτίην
967 1668 1065 1736 έκπέ·

81 1788 206 1856 φευγας·
229 1775 304 1861 έμοὶ
321 1773 356 1840 δὲ
369 1767 453 1850 τίς”
431 1798 475 1839 αν
489 1780 541 1891 είη
554 1768 747 1856 Περσέων’
733 1797 751 1838 ο
772 1766 976 1847 έπανεστεάς
990 1770 1063 1835 ἐπι-

80 1869 215 1947 βατεύων
233 1878 298 1940 τοῦ
318 1874 482 1958 Σμέρδιος
503 1866 704 1955 ούνόματοςς
733 1865 769 1935 ‘O
797 1864 884 1935 66
855 1890 940 1934 ειπε·
980 1863 1063 1951 Ἐγεό

79 1985 125 2044 μοι
142 1969 245 2038 δοκέω
262 1972 415 2038 συνιέναι
438 1964 476 2036 τό
501 1964 640 2053 μεμονός
654 1973 769 2051 τοῦτο,
797 1957 824 2033 αἶ
844 1968 999 2053 βασιλεῦ
1030 1968 1065 2032 οί

78 2060 164 2149 μέγα
179 2073 244 2137 είσί
253 2095 307 2138 τοι
318 2072 352 2138 οί
360 2072 614 2152 ἐπανεστεῶτες,
629 2066 689 2135 τόν
701 2091 737 2133 τε
752 2072 860 2145 ἔλιπες
873 2061 1063 2151 μελεδωνόν

78 2166 134 2229 τόν
145 2171 277 2252 οἰκίων,
290 2171 489 2253 Πατιζείθης
503 2161 583 2232 666‘
568 2189 588 2232 ο
597 2163 720 2232 τούτου
734 2160 896 2250 ἀδελφεός
906 2165 1062 2249 Σμέρδις.

77 2252 273 2330 Ἐνθαύτα’
251 2264 445 2333 ακούσαντα
470 2256 653 2350 Καμβύσεα
679 2259 717 2329 τό
743 2263 910 2349 Σμέρδιος
934 2260 1063 2348 οὕνομα
1085 2276 1118 2332 64

78 2356 200 2449 ἔτυψεη
221 2361 366 2483 ἀληθεια
386 2369 455 2431 τῶν
473 2388 509 2431 τε
532 2361 643 2447 λόγων
663 2363 718 2429 καί
738 2367 798 2429 τοῦ
819 2363 940 2430 ένυπυί
925 2368 998 2448 ίου,
1026 2357 1062 2440 ὃς

78 2456 176 2529 ἐδόκεε
189 2464 228 2530 έν
241 2468 289 2554 τῷ
303 2461 399 2554 ύπνφ
414 2461 612 2550 ἀπαγγεῖλαί
623 2488 698 2529 τινα
690 2457 800 2547 ’,ὀί
778 2489 823 2540 ως
835 2465 981 2550 Σμέρδις
995 2463 1063 2545 66-

75 2562 192 2637 μενοςέ
192 2587 209 2640 ς
223 2588 287 2629 τον
301 2561 475 2649 βασιληιον
490 2558 621 2648 θρόνον
642 2558 782 2649 ψαύσειε
796 2567 836 2648 τῇ
856 2568 985 2650 κεφαλῇ
1001 2570 1062 2630 τοῦ

76 2649 220 2768 ούρανοῦ.
254 2655 378 2746 μαθων
402 2657 456 2745 66,
488 2656 532 2737 ὡς
556 2657 665 2745 μάτην
684 2654 903 2735 ἀπολωλεκώς
929 2668 978 2746 είη
1003 2655 1063 2727 τόν

75 2744 271 2869 ἀδελφεὸν,’
251 2758 409 2826 απέκλαιε
423 2759 589 2845 Σμέρδιν,
604 2751 818 2832 ἀποκλαύσας
832 2757 868 2823 δὲ
881 2757 936 2823 καὶ
947 2780 1065 2843 περιη-

74 2850 224 2937 μεκτήσας
243 2878 286 2942 τη
306 2850 418 2944 ἀπάση
442 2876 599 2942 συμφορη
619 2849 834 2938 ἀναθρώσκει
859 2850 966 2922 ἐπὶ
932 2877 992 2920 τον
1006 2857 1064 2921 ἴπ

73 2965 144 3031 κον,
164 2950 260 3016 ἐν’
216 2977 289 3042 νοφ
303 2950 437 3039 ἔχων
402 2979 463 3040 την
476 2958 631 3039 ταχίστην
646 2953 680 3029 ές
689 2956 807 3018 Σοῦσα
822 2950 1063 3035 στρατεύεσθαι

74 3041 163 3110 66
130 3071 189 3114 τον
204 3049 327 3136 μάγον.
348 3076 405 3120 και
400 3056 459 3119 ὀί
472 3047 729 3173 ἀναθρώσκοντι
743 3043 843 3117 ἐπὶ
809 3075 868 3117 τον
883 3051 988 3118 ἵππον
1002 3056 1063 3119 τοῦ

74 3150 205 3212 κουλεοῦ
223 3153 289 3215 τοῦ
309 3150 422 3265 ξίφεος
445 3145 464 3218 ὁ
484 3148 593 3236 μύκης
611 3145 805 3233 ἀποπίπτει,
826 3150 1009 3236 γυμνωθὲν
1026 3150 1063 3214 δὲ

72 3263 104 3305 το
94 3234 209 3329 ξίφος
221 3241 361 3314 παίει
327 3270 388 3314 τον
402 3246 527 3334 μηρόν·
548 3246 788 3335 τρωματισθεὶς
804 3248 841 3315 66
855 3245 938 3316 κατά
951 3251 1062 3329 τοῦτο,

68 3344 98 3427 νῇ
132 3339 232 3423 αὐτὸς
257 3343 424 3432 πρότερον
453 3349 515 3416 τὸν
544 3352 614 3415 τῶν
635 3350 830 3432 Αἰγυπτίων
858 3342 945 3413 θεὸν
966 3335 1063 3412 Απιν

68 3439 250 3535 ίύίλξδ,
220 3467 268 3529 ⁰²6
282 3448 317 3519 ῡί
329 3449 441 3539 καιρίη
456 3449 547 3539 ἔδοξε
561 3443 746 3537 τετύφθαι,
766 3451 873 3534 είρετο
887 3465 905 3509 ο
893 3437 1064 3532 Καμβύε
