2622 3928
376 242 462 297 LIB.
497 240 532 297 V.
568 241 665 298 GAP.
697 247 856 304 98-102.
1079 248 1119 310 51

4 470 16 489 L
110 398 230 479 πόλιος
249 392 355 470 τᾶλλα
373 400 500 467 πάντα·
527 394 590 485 τὴν
611 401 647 467 δὲ
664 396 848 485 άκρόπολιν
869 407 1004 493 ἐρρύετο
1019 406 1121 486 αὐτὸς

113 503 352 588 Λρταφέρνης,
367 505 453 586 έχων
467 498 614 586 δύναμιν
632 497 768 589 άνῦρῦν
784 501 846 572 οῦκ
862 502 987 593 ὀλίγην.
1023 504 1069 574 Τό
1084 507 1121 575 δέ
1139 518 1187 573 101

111 593 156 684 μὴ
171 603 372 684 λεηλατῆσαι
386 595 523 675 ἑλόντας
538 600 641 682 σφέας
656 595 718 685 τὴν
734 600 836 670 πόλιν
847 608 920 690 ἔσχε
930 602 1017 674 τόῦε.
1032 597 1120 691 ἦσαν

112 699 150 764 έν
166 702 241 786 τῇσι
256 694 401 782 Σάρδισι
416 699 516 764 οἰκίαι
537 700 575 764 αἰ
592 698 655 784 μέν
669 705 811 779 πλεῦνες
824 700 1022 789 καλάμιναι,
1043 700 1120 770 ὅσαι

112 791 144 861 δ’
163 792 293 862 αῦτέων
310 794 364 863 καί
379 798 557 863 πλίνθιναι
569 788 672 884 ἦσαν,
693 798 847 886 καλάμου
862 797 951 888 εἰχον
964 800 1024 881 τάς
1039 799 1120 888 ὀρο-

112 895 188 982 φάς.
212 892 343 962 τούτων
358 891 399 983 δη
414 900 495 982 μίαν
508 901 577 963 τῶν
586 922 636 976 τις
652 898 880 982 στρατιωτέων
892 897 1118 989 όςένέπρησε,

111 992 232 1064 αὐτίκα
243 988 301 1061 ἀπ’
315 996 420 1081 οἰκίης
434 994 467 1073 ές
477 999 588 1080 οἰκίην
599 993 654 1064 ἰόν
667 993 705 1065 τό
717 1003 785 1085 πῦρ
797 999 972 1086 ἐπενέμετο
983 999 1021 1070 τό
1034 999 1118 1070 ἄστυ

111 1101 189 1163 πᾶν.
212 1093 396 1179 καιομένου
411 1093 448 1161 δέ
462 1098 523 1161 τοῦ
535 1091 652 1173 άστεος
667 1097 701 1163 οἰ
708 1097 820 1165 Λυδοί
826 1121 862 1164 τε
873 1101 928 1167 καί
943 1096 1017 1167 ὅσοι
1027 1106 1119 1185 Περ-

112 1197 199 1264 σέων
209 1195 334 1281 ἐνῆσαν
348 1194 385 1260 έν
395 1198 436 1282 τῇ
446 1192 536 1279 πόλι,
555 1189 835 1279 ἀπολαμφθέντες
848 1193 1022 1264 πάντοθεν
1034 1194 1118 1265 ὥστε

110 1292 152 1363 τά
164 1292 360 1380 περιέσχατα
370 1293 560 1378 νεμομένου
573 1297 635 1359 τοῦ
645 1289 817 1379 πυρόςκαί
828 1290 891 1362 οῦκ
903 1298 1032 1380 ἔχοντες
1043 1293 1118 1380 έξη-

111 1402 211 1462 λυσιν
225 1394 262 1461 έκ
274 1398 335 1460 τοῦ
349 1388 481 1479 ἄστεος,
497 1394 680 1480 συνέρρεον
691 1398 725 1472 ές
734 1417 770 1461 τε
783 1390 846 1480 τὴν
856 1390 985 1482 άγορην
998 1396 1054 1462 καί
1064 1396 1117 1462 έπί

110 1488 172 1560 τόν
183 1487 370 1561 Πακτωλὸν
386 1487 554 1577 ποταμόν,
569 1489 607 1582 ῦς
620 1511 682 1578 σφι
696 1497 812 1578 ψῆγμα
823 1499 952 1580 χρυσοῦ
967 1519 1116 1579 καταφο-

4 1612 6 1623 ’
111 1588 198 1673 ρέων
209 1589 245 1656 έκ
255 1594 318 1656 τοῦ
332 1585 475 1674 Τμόλου
486 1583 542 1656 διά
553 1589 655 1674 μέσης
668 1594 726 1675 τῆς
739 1584 864 1677 άγορῆς
877 1591 945 1679 ρέα
959 1593 1014 1660 καί
1025 1596 1117 1660 έπει-

4 1720 6 1771 η
111 1711 167 1754 τεν
184 1688 216 1766 ές
235 1683 296 1753 τὸν
309 1683 436 1773 Ἕρμον
456 1682 608 1772 ποταμόν
623 1688 765 1771 ἰκῦιῦοί,
785 1683 804 1754 ὁ
821 1688 859 1754 δέ
873 1689 906 1767 ές
919 1688 1114 1758 θάλασσαν·

4 1776 6 1871 ξ
110 1786 163 1854 έπί
178 1789 299 1852 τοῦτον
314 1781 355 1871 ἰὴ
370 1778 432 1852 τόν
443 1781 630 1853 Πακτωλὸν
646 1786 701 1852 καί
721 1785 755 1863 ές
773 1782 836 1872 την
850 1782 978 1874 ἀγορὴν
993 1785 1114 1873 άθροι·

4 1900 6 1973 ξ
111 1883 243 1970 ζόμενοι
256 1883 292 1948 οἰ
306 1907 342 1949 τε
358 1884 465 1951 Λυδοὶ
481 1884 537 1950 καί
554 1885 588 1951 οἰ
599 1885 727 1971 Πέρσαι
740 1877 966 1970 ἠναγκάζοντο
987 1883 1115 1973 ιἰμῦνε-

110 1989 202 2049 σῦαι.
225 1982 260 2047 οί
273 1978 426 2058 δέ’Ίωνες
440 1976 592 2067 ὁρέοντες
600 1977 681 2061 τοῦς
691 1982 755 2067 μέν
764 1989 833 2050 τῦν
844 1988 1012 2071 πολεμίων
1026 1981 1115 2071 άμυ-
1203 1968 1215 1992 ’

109 2079 291 2172 νομένους,
314 2073 394 2156 τοῦς
409 2077 446 2145 δέ
463 2074 528 2145 σὺν
542 2079 668 2167 πλήθεϊ
685 2087 798 2171 πολλῷ
818 2084 1114 2169 προσφερομένους

108 2173 362 2263 έξανεχόρησαν
376 2177 543 2253 σείσαντες
562 2174 646 2263 πρός
665 2175 702 2246 τό
720 2170 821 2263 οὖρος
840 2176 878 2247 τό
897 2185 1037 2265 Τμῶλον
1051 2206 1113 2247 κα-

108 2277 282 2364 λεόμενον,
294 2278 456 2346 ένῦεῦτεν
471 2277 508 2346 δέ
522 2273 590 2344 ὑπὸ
601 2277 708 2347 νόκτα
723 2277 976 2349 ἀπαλλάσσοντο
988 2282 1041 2349 έπί
1055 2276 1118 2357 τάς

108 2380 193 2457 νέας.
227 2378 291 2446 Καὶ
304 2375 449 2463 Σάρδιες
463 2378 526 2464 μέν
541 2376 816 2467 ένεπρήσθησαυ,
835 2380 873 2446 έν
883 2378 920 2446 δέ
930 2374 1050 2467 αὐτῇσι
1060 2380 1115 2446 καί
1133 2396 1181 2449 102

106 2472 184 2560 ίρόν
198 2476 373 2562 ἐπιχωρίης
386 2482 473 2544 θεοῦ
488 2474 666 2565 Κυβήβης,
683 2474 719 2545 ’τό
735 2476 960 2564 σκηπτόμενοι
976 2481 1011 2546 οἰ
1022 2479 1112 2565 Πέρ-

106 2594 164 2644 σαι
178 2571 322 2660 ῦστερον
332 2569 647 2662 ἀντενεπίμπρασαν
657 2574 698 2645 τά
710 2573 887 2663 ένἝλληοι
902 2576 968 2660 ἰρά.
989 2574 1064 2645 τότε
1076 2577 1113 2643 δὲ

106 2678 141 2741 οἰ
151 2671 279 2756 Πέρσαι
294 2673 329 2738 οί
342 2668 562 2751 έντὸςἍλυος
575 2681 728 2762 ποταμοῦ
742 2671 868 2762 νομοῦς
882 2680 1012 2760 ἔχοντες
1026 2697 1111 2759 προ-

106 2769 364 2856 πυνθανόμενοι
390 2777 496 2840 ταῦτα
520 2780 735 2861 συνηλίζοντο
759 2778 815 2844 καί
842 2773 1007 2862 ἐβοήθεον
1025 2786 1111 2841 τοῖσι

105 2872 256 2938 Λυῦοίσι.
276 2874 336 2936 καί
346 2893 412 2947 κως
425 2870 463 2937 έν
473 2868 536 2956 μέν
543 2871 688 2959 Σάρδισι
700 2869 811 2941 οὐκέτι
825 2871 940 2951 ἐόντας
952 2867 1111 2949 τοῦςἼω-

104 2994 166 3048 νας
183 2963 394 3057 εὑρίσκουσι,
419 2968 576 3057 ἑπόμενοι
592 2973 628 3039 δέ
645 2967 728 3039 κατά
745 2977 861 3059 στίβον
880 2973 1030 3058 αἰρέουσι
1048 2968 1112 3038 αῦ-

5 3070 6 3073 ’
104 3064 184 3148 τοῦς
195 3068 233 3136 έν
244 3063 378 3161 Ἐφέσῳ.
398 3072 453 3139 καί
463 3067 716 3166 ἀντετάχθησαν
726 3071 788 3159 μέν
799 3068 965 3160 οἰἼωνες,
980 3078 1112 3159 συμβα-

104 3165 221 3246 λόντες
231 3165 268 3236 δέ
278 3164 406 3237 πολλόν
417 3169 626 3258 έσσιόθησαυ.
639 3171 695 3237 καὶ
703 3165 849 3246 πολλοῦς
859 3165 973 3238 αῦτῦν
983 3172 1017 3238 οἰ
1022 3169 1111 3255 Πέρ-

106 3285 161 3333 σαι
183 3263 386 3354 φονεύουσι,
410 3265 533 3347 άλλονς
553 3293 589 3336 τε
609 3265 856 3355 οῦνομαστοῦς,
880 3268 918 3335 έν
935 3270 972 3335 δὲ
993 3264 1033 3353 δη
1054 3271 1110 3337 καί

105 3356 298 3450 Εῦαλκίῦην
307 3367 551 3452 στρατηγέοντα
564 3362 773 3455 Ἐρετριέων,
784 3362 1063 3453 στεφανηφόρους
1074 3389 1109 3431 τε

105 3454 239 3543 άγῦυας
258 3457 506 3553 ἀναραιρηκότα
530 3467 585 3534 καί
607 3461 674 3533 ὑπό
695 3467 895 3551 Σιμωνίδεω
916 3468 978 3613 τγηῦ
1001 3468 1108 3548 Κηΐοο
