2606 3920
359 287 446 346 6113.
478 287 538 342 vn.
571 283 670 342 cAP.
701 292 877 347 208—212.
1061 286 1123 348 21³

116 461 199 516 σθαι
217 445 261 527 ὦς
275 444 373 534 ἀνδρί
387 443 531 533 ψεύστη,
546 438 591 529 ήν
604 441 649 530 μή
665 442 770 510 ταῦτά
784 470 835 512 τοι
849 444 954 535 ταότη
970 449 1067 536 ἐκβῇ,
1078 414 1122 537 Ιτῇ

2 528 17 598 Ῐ
116 546 181 633 ἐγώ
196 550 291 634 λέγω.
318 553 429 614 Ταῦτα
444 547 553 632 λέγων
570 543 633 611 οὐκ
651 550 767 612 ἔπειθε
779 541 840 611 τόν
854 546 985 628 Ξέρξεα.
1009 551 1121 616 τέσσε-
1137 561 1189 614 110

1 716 6 746 ,
116 673 176 728 ρας
196 644 259 733 μὲν
276 642 316 731 δή
337 650 500 730 παρεξῆκε
514 641 656 730 ἡμέρας,
677 646 816 724 ἐλπίζων
836 651 903 712 αίεί
916 667 1021 732 σφεας
1036 645 1121 715 ἀπο-

116 748 310 834 δρήσεσθαι.
333 748 464 834 πέμπτῃ
481 744 534 830 δέ,
557 741 600 822 ὡς
616 741 679 811 οὐκ
694 741 964 834 ἀπαλλάσσοντο,
990 745 1074 817 ἀλλά
1089 754 1123 817 οί

117 849 296 931 ἐφαίνοντο
312 842 463 933 ἀναιδείη
479 870 514 911 τε
528 847 583 911 καὶ
593 839 735 931 ἀβουλίη
749 842 980 930 διαχρεόμενοι
994 847 1119 933 μένειν,

115 946 235 1029 πέμπει
258 940 310 1010 ἐπ’
330 940 453 1021 αὐτοὺς
468 943 611 1030 Μήδους
624 968 660 1007 τε
681 943 735 1009 καί
751 949 911 1022 Κισσίους
933 948 1119 1031 θυμωθείς,

115 1040 346 1127 ἐντειλάμενός
360 1060 465 1126 σφεας
476 1041 708 1127 ζωγρήσαντας
719 1040 814 1128 ἀγειν
826 1044 859 1120 ές
870 1040 1022 1130 ὅμιντήν
1034 1045 1120 1112 ἑωυ-

113 1148 185 1208 τοῦ.
209 1135 253 1217 ὡς
267 1136 299 1204 δ’
316 1140 479 1207 ἐπέπεσον
489 1141 671 1226 φερόμενοι
685 1141 718 1218 ἐς
733 1137 979 1229 τοδςἝλληνας
994 1145 1028 1210 οί
1036 1145 1117 1228 Μή-

1 1229 2 1280 Ῡ
114 1244 184 1323 δοι,
206 1243 345 1305 ἔπιπτον
361 1240 495 1323 πολλοὶ,
516 1234 612 1306 άλλοι
628 1237 660 1306 δ’
678 1238 857 1324 ἐπεσήίσαν
876 1241 931 1310 καί
952 1240 1015 1310 οὐκ
1030 1240 1117 1327 ἀπή-

1 1411 2 1414 ,
112 1348 257 1421 λαννον,
273 1344 392 1423 καίπερ
404 1337 555 1424 μεγάλως
569 1344 837 1421 προσπταίοντες.
861 1343 965 1424 δῆλον
976 1337 1009 1407 δ’
1024 1341 1117 1406 ἐποί-

113 1464 174 1505 ευν
187 1444 290 1505 παντί
300 1462 362 1527 τεῳ
380 1438 435 1504 καί
450 1432 512 1503 οόκ
530 1434 649 1522 ήκιστα
665 1434 754 1526 αὐτῷ
769 1438 915 1524 βασιλέϊ,
934 1436 985 1505 ὅτι
999 1439 1116 1504 πολλοὶ

111 1540 173 1621 μὲν
187 1534 364 1620 άνθρωποι
380 1533 463 1621 εἷεν,
480 1532 588 1621 ὀλίγοι
605 1537 641 1603 δὲ
658 1534 786 1621 ἄνδρες.
811 1537 937 1621 ἐγίνετο
949 1535 986 1604 δέ
996 1533 1017 1622 ή
1029 1557 1116 1621 συμ-

111 1636 194 1726 βολή
210 1635 255 1705 δι’
273 1634 406 1724 ἡμέρης.
438 1634 530 1705 Ἐπεί
546 1661 582 1703 τε
603 1637 639 1703 δέ
655 1641 689 1705 οί
700 1640 815 1721 Μήδοι
828 1640 972 1722 τρηχέως
992 1643 1118 1725 περςςί-
1132 1653 1178 1707 111

111 1761 232 1821 ποντο,
250 1739 399 1803 ἐνθαῦτα
415 1726 508 1803 νότοι
523 1734 585 1821 μὲν
600 1731 799 1819 ὑπεξήισαν,
815 1738 849 1800 οί
861 1735 897 1801 δέ
914 1736 1041 1818 Πέρσαι
1059 1737 1115 1802 έκ-

111 1833 285 1918 δεξάμενοι
310 1832 467 1918 ἐπήισαν,
493 1830 573 1910 τούς
596 1829 789 1909 ἀθανάτους
812 1831 925 1899 ἐκάλεε
947 1829 1114 1919 βασιλεὺς,

1 1959 11 1986 1»
110 1939 178 1999 τῶν
190 1925 271 2018 ήρχε
283 1929 461 2016 Ὑδάρνης,
474 1928 518 2007 ὡς
529 1927 570 2015 δή
583 1921 679 1996 οὗτοί
688 1955 726 2013 γε
739 1927 899 2007 εὐπετέως
911 1926 1115 2014 κατεργασό-

110 2056 213 2116 μενοι.
239 2027 284 2107 ὡς
301 2029 336 2095 δέ
351 2029 407 2094 καί
422 2020 516 2095 οὗτοι
530 2032 742 2112 συνέμισγον
747 2026 832 2093 τοῖσι
840 2023 991 2112 Ἕλλησι,
1014 2024 1115 2095 οὐδέν

110 2132 212 2198 πλέον
227 2131 387 2214 ἐφέροντο
401 2132 459 2212 τῆς
473 2132 628 2211 στρατιῆς
640 2132 698 2210 τής
709 2127 881 2211 Μηδικῆς,
896 2119 981 2191 ἀλλά
995 2120 1035 2190 τά
1051 2120 1114 2190 αό-

108 2225 166 2311 τά,
188 2224 246 2293 άτε
262 2228 300 2294 έν
316 2224 522 2315 στεινοπόρῳ
542 2250 578 2291 τε
593 2222 690 2314 χοίρῳ
704 2222 885 2309 μαχόμενοι
900 2226 955 2290 καί
972 2223 1113 2306 δούρασι

109 2279 340 2414 βράχντέροισι
354 2324 529 2444 χρεόμενοι
543 2320 628 2409 ἥπερ
643 2328 678 2390 οι
687 2320 854 2408 Ἕλληνες,
871 2325 926 2389 καὶ
941 2318 1003 2390 οὐκ
1018 2327 1114 2407 ἔχον-

107 2452 161 2502 τες
171 2422 297 2511 πλήθει
304 2421 502 2522 χρήσασθαι.
522 2419 782 2505 Λακεδαιμόνιοι
793 2417 830 2486 δέ
842 2416 1001 2503 ἐμάχοντο
1014 2414 1113 2497 ἀξίως

107 2523 224 2607 λόγου,
236 2518 319 2588 ἀλλα
330 2544 366 2587 τε
376 2507 656 2604 ἀποδεικνύμενοι
665 2514 752 2584 ἐν’
713 2543 776 2584 ουκ
787 2515 1092 2613 ἐπισταμένοισι
1046 2541 1112 2600 μα-

107 2628 227 2704 χεσθαι
252 2617 516 2707 ἐξεπιστάμενοι,
544 2614 640 2684 καλ”
619 2642 706 2694 οκως
728 2617 922 2701 ἐντρέψειαν
947 2612 989 2680 τά
1010 2620 1110 2699 νῶτα,

108 2715 202 2795 ἁλέες
217 2715 407 2802 φεύγεσκον
422 2718 606 2805 δῆθεν,οί
572 2713 658 2780 οίδε
676 2712 842 2800 βάρβαροι
856 2709 1008 2797 ὁρέοντες
1025 2709 1111 2795 φεύ-

1 2889 2 2894 ,
107 2840 228 2898 γοντας
238 2820 302 2901 βοή
315 2837 350 2879 τε
365 2814 420 2878 καί
435 2809 571 2903 πατάγῳ
586 2810 787 2896 ἐπήϊοίσαν,
772 2804 863 2875 [W
841 2834 885 2876 αν
899 2812 1108 2892 καταλαμβα-

1 2943 2 2994 j
106 2913 245 2998 νόμενοι
255 2909 468 2998 υπέστρεφον
478 2908 626 2978 ἀντίοι
597 2936 682 2977 ειναι
693 2925 777 2978 τοῖσι
788 2907 998 2996 βαρβάροισι,
1009 2931 1105 2992 μετα-

1 3013 2 3016 '
106 3035 166 3096 στρ
164 3010 388 3113 «μενοιδ
407 3010 612 3097 κατέβαλλον
626 3008 751 3094 πλήθεῑ
770 3006 1021 3094 ἀναριθμήτους
1041 3012 1110 3072 τῶν

0 3100 3 3128 ’
104 3112 280 3198 Περσέων
307 3113 446 3178 ἔπιπτον
461 3111 569 3178 δὲκαὶ
588 3107 701 3177 αὐτῶν
720 3115 788 3175 τῶν
801 3108 1039 3194 Σπαρτιητέων
1033 3109 1110 3172 ·-ἐν

1 3199 2 3243 ³
104 3204 343 3293 θαῦταόλάγοι
357 3208 473 3276 έπελδέ
482 3204 546 3275 οάδ
546 3207 752 3276 ἐνέδυνέατο
764 3212 998 3295 παραλαβείνο
1000 3206 1108 3288 ίΠέρ

105 3326 160 3372 σαι
174 3310 231 3392 τής
245 3303 367 3373 ἐσόδου
382 3304 593 3391 πειρεόμενοι
607 3309 663 3373 και
676 3330 760 3374 κατα
747 3302 868 3373 τέλεα
878 3308 934 3372 καί
944 3309 1109 3397 παντοίως

104 3401 381 3487 προσβάλλοντες,
389 3401 587 3490 ἀπήλαυνον
595 3401 710 3471 όπίσω.
722 3401 920 3489 Ἐνταότησι
928 3409 1002 3489 τῇσι
1009 3419 1107 3483 προσ·
1124 3414 1176 3467 111

98 3501 212 3573 ,όδοισι
226 3507 284 3585 τής
303 3500 408 3588 μάχης
421 3503 551 3589 λέγεται
567 3504 705 3589 βασιλέα
722 3500 917 3585 θηεύμενον
936 3500 1006 3581 τρὶς
1024 3494 1107 3563 ἀνα-
