2536 3934
317 266 437 324 'Lm
469 268 490 324 ι.
523 267 618 327 cm,
650 271 783 330 91-94
1030 262 1071 329 51

93 419 230 511 όόεληεός
246 424 310 496 οὐκ
326 425 546 516 ὁμομήτριος·
581 434 727 515 Κροῖσος
750 429 811 513 μὲν
832 424 896 517 γὰρ
914 430 951 496 ἐκ
966 433 1070 498 Καεί-

91 550 136 611 ρης
152 518 192 614 ήν
217 523 379 613 γυναικός
397 524 578 617 Ἀλυάττῃ,
605 529 810 595 Πανταλέων
837 529 873 596 δὲ
900 530 933 609 ἐξ
954 525 1067 606 Ἰάδος.

90 626 176 694 ίπείτε
193 626 227 693 σὲ
238 624 359 705 δόντος
368 631 429 693 τοῦ
441 625 565 714 πατρός
579 626 740 712 ἐκρότησε
751 632 808 713 τῆς
820 622 920 713 ἀρχῆς
934 623 1069 713 ὁΚροϊ-

89 745 146 812 σος,
160 724 216 795 τόν
230 727 420 817 ἄνθρωπον
433 726 494 796 τόν
509 727 778 818 ἀντιπρήσσοντα
796 729 850 796 ἐπὶ
864 727 998 813 κνόφου
1013 730 1068 795 ἕλ-

88 848 142 889 κων
159 829 346 914 διέφθειρε,
370 823 433 913 τήν
456 829 492 896 δὲ
507 825 628 915 οὐσίην
642 824 748 894 αὐτοῦ
763 831 810 895 ἔτι
826 824 992 913 πρότερον
1006 850 1068 892 κα-

87 921 220 1009 τιρόσας,
242 925 321 993 τότε
337 925 452 1017 τρόπω
466 932 513 1018 τῷ
528 953 545 995 ε
545 929 691 1017 ίρημίνω
709 923 855 1013 ιἰνίθηιιε
870 926 903 1003 ἐς
917 919 957 992 τό
976 929 1068 1010 είρη-

86 1043 133 1085 ται.
159 1022 210 1089 καί
225 1024 303 1110 περὶ
320 1024 385 1110 μὲν
399 1021 630 1112 όναθημιίτων
645 1031 790 1093 τοσαῦτα
805 1023 963 1143 εἰρήσθω.
1009 1061 1013 1071 ·

134 1119 268 1207 θόματα
304 1126 397 1191 δὲ
354 1149 427 1244 γηη
415 1119 549 1210 ’Λυδίη
562 1126 599 1203 ἐς
615 1119 815 1210 συγγραφήν
830 1147 871 1189 ου
860 1117 974 1208 ’μα’λα
988 1123 1063 1206 ἔχει,
1074 1151 1108 1208 93

31 1278 33 1285 ,
88 1210 126 1282 οἷό
137 1243 166 1285 τε
179 1222 231 1288 καὶ
245 1218 332 1342 ἄλλη
349 1219 458 1310 χόρη,
479 1222 583 1311 πόρεξ
598 1247 658 1290 του
644 1224 709 1291 ἐκ
724 1228 786 1289 τοῦ
804 1218 946 1308 Τμόλου
962 1244 1064 1286 κατα-

85 1322 249 1403 φερομένου
275 1319 460 1408 ψήγματος.
507 1323 607 1390 ἓνόὲ
631 1326 732 1410 ἔργον
757 1316 884 1390 πολλόν
909 1320 1064 1438 μέγιστον

84 1418 230 1502 παρέχεται
251 1419 355 1506 χωρίς
375 1425 444 1486 τῶν
459 1443 495 1487 τε
509 1408 704 1513 Αἰγυπτίων
719 1424 828 1508 ἔργων
844 1418 899 1487 καὶ
912 1442 981 1485 των
993 1423 1063 1485 Βα-

84 1516 117 1596 βυ
117 1516 263 1584 λ·ωνίων
276 1522 349 1586 ἔστι
363 1514 486 1586 αὐτόθι
500 1516 684 1589 Ἀλυάττεω
699 1542 760 1586 τον
745 1522 925 1602 Κροίσου
938 1510 1063 1603 πατρὸς

84 1614 165 1697 σῆμα,
187 1620 247 1682 τοῦ
271 1612 297 1702 ἡ
323 1619 441 1704 κρηπίς
465 1621 529 1704 μέν
552 1618 620 1685 ἐστι
642 1621 751 1684 λίθων
763 1614 944 1711 μεγάλων,
970 1641 1007 1683 το
996 1613 1061 1683 δὲ

84 1700 127 1774 λ
84 1715 143 1774 ο
163 1715 247 1798 σήμα
267 1719 365 1801 χῶμα
391 1720 458 1802 γής.
492 1714 711 1809 ἐξεργάσαντο
733 1692 774 1782 όί
785 1740 868 1799 μιν
860 1717 895 1783 oc
907 1711 1060 1801 ἀγοραῖοι

82 1796 231 1890 ἅνθρωποι
245 1813 304 1879 καὶ
319 1814 353 1879 οί
364 1811 582 1898 χειρώνακτες
596 1812 701 1880 καίί
664 1839 685 1878 α
686 1810 967 1902 ίένεργαζόμεναι
981 1835 1060 1879 παι-

83 1901 175 1973 ίίσκαι.
216 1901 318 1993 οὖροι
339 1911 375 1978 δε
397 1914 495 1979 πέντε
517 1911 629 1990 ἐόντες
650 1916 698 1980 ἔτι
713 1913 768 1980 καὶ
782 1914 815 1992 ἐς
832 1906 928 2000 ἐμὲ
904 1932 992 2000 ησαν
1006 1911 1060 1979 ἐπὶ

82 2007 125 2065 τοῦ
137 2003 277 2090 σήματος
293 2003 381 2094 τίνω,
404 2014 463 2077 καί
474 2028 534 2095 σφι
548 2008 726 2097 γρόμματα
741 2009 997 2095 ἐνεκεκόλαπτο,
1016 2034 1057 2076 τα

82 2120 186 2171 ειαστοι
200 2103 432 2193 ἐξεργάσαντο
462 2108 518 2176 καί
531 2110 612 2195 ἑφαί
611 2130 685 2176 νετο
699 2107 923 2228 μετρεόμενον
938 2103 975 2173 τό
990 2130 1057 2172 των

82 2204 257 2272 τιιόισκέων
274 2211 375 2293 ἔργον
390 2205 447 2276 ἐόν
461 2210 626 2294 μέγιστον
652 2212 713 2275 τοῦ
729 2232 794 2296 γαρ
810 2202 982 2293 όήΛυόῶν
996 2202 1056 2290 θή-

79 2303 186 2379 μοναί
212 2306 408 2427 θυγατέρες
431 2306 654 2392 πορνεύονται
683 2310 804 2391 πᾶσαι,
836 2305 1056 2389 συλλέγουσαι

79 2401 152 2480 σφίσι
165 2399 309 2490 φερνὰς,
335 2402 408 2484 ός“
388 2432 405 2473 ο
427 2433 471 2473 αν
480 2405 719 2493 συνοικήσωσι
743 2411 843 2473 τοῦτο
881 2408 1052 2473 τοιεόσαι·

79 2494 222 2567 ἐκδιδόασι
238 2504 276 2569 δὲ
293 2489 391 2571 αὐταί
407 2504 541 2584 ἕωυπός.
576 2533 598 2593 η
587 2502 677 2592 ’μὲν
692 2501 732 2592 δή
748 2508 912 2628 περίοδος
917 2512 978 2573 τοῦ
993 2504 1055 2592 σή-

77 2592 159 2673 λίῐός
179 2601 241 2665 είσι
256 2598 387 2668 στόιλιοι
402 2604 436 2682 ἓξ
452 2605 506 2671 καί
521 2603 583 2670 δύο
599 2604 747 2691 πλέθρα,
767 2630 805 2671 το
793 2596 912 2673 δὲ
873 2604 972 2687 ευρός
986 2607 1054 2673 ἐστι

79 2690 184 2775 πλέθρα
197 2701 274 2783 τρία
286 2698 448 2768 καὶόίκα·
467 2704 567 2821 λίμνη
583 2701 619 2768 δὲ
633 2706 738 2787 ἔχεται
755 2707 816 2769 τοῦ
836 2701 980 2790 σήματος
994 2728 1054 2789 με·

78 2786 159 2874 γόλη,
180 2788 242 2878 τήν
261 2793 399 2880 λέγουσι
419 2795 566 2866 Λυόοὶ’
547 2803 684 2867 αείναον
707 2797 808 2869 εἶναι·
843 2800 994 2872 καλεεται
1016 2803 1052 2870 δὲ

78 2909 143 2975 ωιτη
154 2895 290 2979 Γυγαίη
319 2902 419 2963 τοῦτο
436 2899 499 2984 μὲν
515 2902 555 2986 δη
572 2905 703 2968 τοιοῦτο
696 2899 796 2968 ’.ἐστι
820 2903 926 2971 Λυδοί
939 2903 1030 2971 σε
989 2929 1049 2970 νο-
1061 2923 1095 2979 94

77 3005 149 3103 ροισι
163 2989 223 3074 μὶν
236 3001 494 3080 παραπλησίοισι
516 2997 671 3084 χρέονται
687 2996 775 3068 nav
766 3007 930 3088 Ελληνες,
953 3003 1052 3121 χωρίς

76 3072 145 3164 ήότι
156 3084 194 3155 τό
205 3089 315 3215 θήλεα
331 3092 431 3163 τέκνα
455 3097 752 3184 καταπορνεύουσι.
797 3105 922 3185 πρῶτοι
937 3098 1008 3168 δὲ’
989 3127 1051 3169 αν-

76 3181 203 3265 θρότων
216 3214 284 3258 των
297 3188 392 3280 ἡμεῖς
413 3198 510 3280 ίόμευ
524 3195 671 3284 νόμισμα
686 3201 813 3285 χρυσοῦ
829 3195 918 3266 καί’
898 3198 1050 3287 αργόρον

77 3280 236 3368 ²⁰prae
251 3289 449 3378 ἐχρήσαντο,
464 3314 589 3377 πρωτοι
606 3295 642 3362 σε
656 3297 711 3363 καὶ
726 3293 868 3382 κόπηλοι
883 3296 1047 3382 ἐγένοντο.
1104 3338 1106 3343 -

79 3380 141 3457 9²⁶!
156 3382 191 3453 τί
209 3383 302 3458 αὐτοὶ
308 3391 422 3461 Λυδοί
442 3388 569 3492 κοίτας
583 3400 739 3479 παιγνίας
753 3419 811 3472 τας
824 3401 891 3460 νῦν
907 3397 1001 3474 σφίσι
1015 3414 1051 3455 τε

31 3496 32 3505 ’
79 3474 150 3545 λό’
143 3488 260 3579 Ελλησι
282 3489 508 3572 κατεστειόσας
529 3494 664 3564 εωυτῶν
691 3492 855 3579 ἐξεύρημα
871 3484 1049 3645 γενέσθαι.
