2562 3926
33 9 163 89 Ἦ

313 249 598 311 ιιειιοιιι
630 252 732 312 ιιι
745 250 805 309 ιαι
996 242 1061 309 206
1256 206 1258 283 λ

54 403 164 480 πάντα
184 405 262 480 τινά
285 415 332 479 Αἰ
331 415 435 499 μυπτί
433 435 481 478 ων
419 405 588 480 ίόθεν
608 414 758 497 βιοῦται,
779 434 824 496 μη
812 404 881 476 δὲ
901 413 1061 477 ποιεῦντα

55 514 159 578 ταῦτα
179 509 267 598 μηδέ
284 496 527 608 ἀποφαίνοντα
536 512 669 596 δικαίην
689 507 769 593 ζόην
789 503 973 576 ἰθύνεσθαι
991 516 1060 576 θα-

58 607 155 699 νάτφ.
202 608 325 679 Σόλων
340 608 406 680 δὲ’
391 637 410 679 ο
422 608 600 698 Ἀθηναῖος
613 604 729 696 λαβάν
743 610 776 688 ἐξ
792 605 968 694 Αἰγύπτου
982 612 1061 674 τοῦ·

56 733 115 776 τον
135 705 198 775 τὸν
220 708 329 796 νόμον
351 706 559 834 Ἀθηναίοισι
583 712 697 793 έθετο,
725 712 772 796 τῷ
797 708 918 774 ἐκείνοι
941 705 975 784 ές
998 705 1062 773 αἰεί
1260 792 1261 797 ¹

56 810 227 895 χρέονται,
249 808 376 879 έόντι’
356 812 482 902 αμοόμφ
497 809 599 899 νόμφ.
645 812 810 895 Φιλέλλην
824 807 861 876 δὲ
881 805 1062 895 γενόμενος
1079 826 1127 883 ιτς

55 907 74 977 6
87 907 229 994 ’Ἁμασις
243 906 327 977 ἀλλα
347 936 383 978 τε
396 912 429 990 ές
439 908 609 996 Ἐλλήνων
623 908 851 994 μετεξετέρους
870 902 1061 991 ἀπεδέξατο,

56 1010 112 1077 καὶ
123 1005 165 1094 δὴ
177 1006 233 1075 καὶ
244 1019 328 1076 τοῖσι
341 1005 614 1095 ἀπικνευμένοισι
625 1007 839 1092 έςΑίγυιττον
849 1009 952 1074 ἔδωκε
961 1002 1061 1073 Ναύ-

57 1129 177 1189 κρατιν
191 1103 293 1174 πόλιν
312 1108 500 1194 ἐνοικῆσαι,
520 1119 606 1174 τοῖσι
627 1103 664 1172 66
684 1100 729 1191 μὴ
746 1105 980 1191 βουλομένοισι
996 1099 1061 1171 αύ-

57 1212 127 1272 τῦν
142 1204 281 1291 οἰκέειν,
304 1203 410 1274 αὐτοῦ
427 1206 464 1273 δὲ
485 1203 789 1289 ναυτιλλομένοισι,
813 1206 916 1272 ἔδωκε
930 1200 1061 1288 χόρους

57 1302 301 1390 ἐνιδρύσασθαι
325 1301 460 1393 βωμούς
483 1306 537 1372 καί
560 1306 699 1390 τεμένεα
715 1311 835 1371 θεοῖσι.
862 1299 900 1371 τὸ
917 1303 979 1389 μέν
993 1325 1060 1369 νυν

57 1402 214 1488 μέγιστον
238 1399 351 1470 αὐτῶν
373 1405 509 1490 τέμενος
528 1404 584 1471 καλ
608 1398 899 1488 ούνομαστότατον
924 1398 982 1470 έόν
1004 1402 1060 1468 καί

57 1499 324 1589 χρησιμώτατον,
351 1500 559 1590 καλεόμενον
581 1502 618 1570 δὲ
633 1499 822 1588 Ἑλλήνιον,
852 1504 925 1570 αἵδε
946 1501 1059 1581 πόλιές

58 1606 119 1669 εἰσι
131 1603 173 1668 αἰ
188 1604 364 1689 ἱδρυμέναι
378 1608 492 1692 κοινῇ,
510 1597 633 1671 Ἰάνων
653 1602 717 1687 μὲν
729 1604 811 1678 Χίος
826 1602 881 1668 καὶ
899 1601 988 1679 Τέως
1002 1600 1058 1668 καὶ

58 1698 196 1767 Φάκαια
210 1701 266 1769 καλ
281 1701 505 1818 Κλαζομεναί,
520 1694 684 1792 Δωριέων
697 1699 734 1766 δὲ
743 1693 854 1777 Ῥόδος
870 1699 925 1766 καί
935 1700 1060 1774 Κνίδος

57 1791 125 1865 καί
123 1792 374 1917 Αλικαρνησσός
386 1792 442 1869 καί
456 1798 692 1885 Φάσηλις,Αἰ
644 1799 796 1866 Αἰολέων
817 1793 889 1883 δδη
904 1803 1060 1881 Μυτιλη-

59 1900 164 1964 ναίων
183 1894 303 1982 μούνη
335 1899 465 1966 τούτων
483 1899 546 1985 μέν
566 1899 634 1967 έστι
655 1902 754 1964 τοῦτο
776 1921 814 1964 το
802 1893 983 1982 τέμενος,
1004 1893 1059 1962 καὶ

57 1992 244 2080 προστάτας
263 2019 325 2062 του
309 1997 503 2083 έμπορίου
526 1988 626 2064 αὗται
649 2000 687 2064 αἰ
706 1995 818 2074 πόλιές
834 1998 896 2062 εἰσι
917 1999 954 2062 αἰ
972 2018 1060 2079 παρ·
1194 2033 1196 2036 <

58 2093 205 2176 ἔχουσαι·
237 2089 315 2160 ὅσαι
338 2094 375 2162 δὲ
398 2091 497 2162 ἄλλαι
521 2092 636 2173 πόλιες
660 2098 931 2180 μεταποιεῦνται,
959 2088 1060 2162 οὐδέν

58 2209 116 2276 σφι
130 2187 252 2277 μετεὸν
264 2199 529 2279 μεταποιεῦνται.
551 2195 650 2282 χωρὶς
665 2193 702 2262 δὲ
712 2197 888 2281 Αἰγινῆται
906 2190 958 2262 ἐπ’
975 2192 1061 2259 ἑωυ-

57 2293 123 2354 τῦν
145 2286 327 2374 ἱδρύσαντο
347 2292 483 2378 τέμενος
503 2296 607 2381 Διός,
632 2295 687 2361 καί
708 2289 788 2361 ἀλλο
806 2292 931 2379 Σάμιοι
943 2289 1059 2379 Ἥρης,

57 2384 111 2452 καί
123 2383 288 2471 Μιλήσιοι
305 2382 523 2469 Ἀπόλλωνος.
563 2384 625 2459 Ἦν
640 2390 677 2459 δὲ
691 2386 729 2458 τὸ
749 2387 895 2460 παλαιὰν
914 2386 1059 2479 μούνηὴ
1078 2410 1126 2468 179

60 2481 250 2567 Ναύκρατις
264 2486 425 2569 ἐμπόριον
438 2489 493 2557 καί
504 2487 585 2557 ἀλλο
598 2487 699 2558 οὐδέν
709 2489 947 2576 Αἰγύπτου.ἐί
960 2488 999 2559 δέ
1009 2512 1060 2566 τις

56 2585 88 2660 ές
107 2587 176 2648 τῶν
198 2608 232 2650 τι
251 2581 333 2652 ἀλλο
354 2586 528 2675 στομάτων
552 2593 614 2655 τοῦ
632 2594 761 2657 Νείλου
780 2584 947 2672 ἀπίιιοιτο,
974 2593 1059 2674 χρῆν

55 2677 175 2765 ὀμόσαι
191 2677 237 2767 μη
259 2682 322 2768 μὲν
344 2684 465 2752 έκόντα
487 2686 618 2770 ἐλθεῖν,
646 2680 863 2770 ἀπομόσαντα
886 2684 922 2753 δὲ
943 2690 983 2773 τῇ
1001 2689 1059 2770 νηί

54 2776 138 2866 αὐτῇ
158 2778 287 2847 πλιόειυ
311 2782 345 2859 ές
364 2779 401 2850 τό
417 2782 638 2871 Κανωβικόν·
658 2778 682 2869 ἢ
705 2787 736 2851 εἰ
750 2782 796 2870 μή
817 2807 856 2869 με
877 2777 932 2850 οἷά
954 2808 990 2850 τε
1007 2792 1058 2870 τίη

54 2873 137 2964 πρὸς
151 2873 298 2962 ἀνέμους
308 2874 444 2958 ἀντίους
453 2879 596 2965 πλάειν,
611 2877 652 2948 τά
668 2886 789 2968 φορτία
800 2884 871 2949 ἔδεε
885 2881 1057 2968 περιάγειν

54 2977 90 3043 έν
113 2972 228 3060 βάρισι
250 2977 327 3061 περί
349 2973 387 3045 τό
403 2979 533 3065 Δέλτα,
555 2982 651 3067 μέχρι
672 2971 715 3048 οὗ
734 2976 885 3049 ἀπίκοιτο
906 2982 939 3062 ές
959 2981 1058 3051 Ναύ-

54 3097 180 3162 κρατιν.
203 3070 294 3141 ούτω
307 3076 370 3160 μέν
385 3072 426 3162 δὴ
441 3077 633 3165 Ναύκρατις
648 3079 824 3165 ἐτετίμητο.
857 3077 1059 3167 Ἀμφικτυό-
1077 3095 1125 3147 186

54 3197 124 3240 νων
137 3170 174 3240 δὲ
188 3172 436 3258 μισθωσάντων
455 3173 516 3244 τόν
537 3179 574 3244 έν
587 3184 752 3262 Δελφοῖσι
773 3184 839 3246 νῦν
860 3178 957 3249 έόντα
972 3178 1057 3264 νηόν

55 3276 253 3359 τριηκοσίων
261 3268 435 3338 ταλάντων
449 3267 691 3394 ἐξεργάσασθαι
700 3264 735 3361 (6
749 3270 814 3361 μάρ
824 3273 985 3359 πρότερον
991 3273 1056 3341 έάν

55 3372 175 3445 τύτόθι
189 3368 385 3460 αὐτομάτως
400 3374 560 3462 κατεκάη,
583 3372 662 3453 τοὺς
675 3373 834 3463 Δελφυυς
848 3376 884 3443 6
899 3374 1056 3457 ἐπέβαλλε

54 3470 313 3623 τιταρτημόρρρν
325 3496 387 3544 του
372 3471 613 3563 μισθώματος
623 3483 831 3565 παρασχεῖν)
823 3464 1054 3625 τλρρεόμενοι

135 3583 226 3627 11Εῆθῦ
1099 3584 1104 3588 ’
