2622 3928
217 241 260 302 54
594 239 845 297 HERODOTl

218 400 367 491 ποιήσας.
406 399 517 479 Ἰωνες
533 396 597 485 γὰρ
615 406 725 466 οίιιασι
741 402 820 485 έμεῦ
838 399 871 477 ἐξ
887 393 1076 486 ὀφθαλμῶν
1090 418 1152 487 σφι
1165 428 1225 488 γε-

218 504 365 590 νομένου
386 508 520 589 ποιήσαι
540 505 609 567 τῶν
627 499 730 567 πάλαι
751 501 870 586 ἵμερον
891 497 995 586 εἶχον·
1024 503 1100 588 έμέο
1124 499 1157 570 δ’
1180 499 1226 571 ἄν

219 601 333 680 έόυτος
353 603 390 669 έν
407 598 513 689 Ἰωνίη
532 596 672 686 οόδεμία
693 597 790 679 πόλις
809 597 999 687 ὑπεκίνησε.
1028 608 1094 670 νῦν
1115 595 1163 672 ὦν
1180 602 1227 685 ὡς

218 702 316 823 ταχος
331 726 372 788 με
387 698 469 780 ἄπες
482 705 694 820 πορευθηυαι
708 700 742 777 ές
758 695 903 785 Ἰωνίην,
924 702 981 767 ἵνα
995 727 1048 770 τοι
1062 703 1174 771 έκελνά
1188 729 1227 771 τε
1299 716 1300 729 ’

218 801 329 869 πάντα
342 807 530 886 καταρτίσω
543 801 577 878 ές
590 794 715 884 τώυτό,
730 794 834 865 καὶ
797 823 862 867 τον
869 797 1028 887 Μιλήτου
1041 801 1300 885 ἐπίτροπον
1299 838 1300 847 ¹

218 906 341 967 τοῦτον
354 895 416 967 τόν
429 905 533 967 ταῦτα
543 897 823 985 μηχανησάμενον
832 898 1058 982 ἐγχειρίθετον
1071 902 1222 986 παραδῶ.
1299 894 1300 961 ι

217 1002 321 1065 ταῦτα
339 996 376 1064 δέ
395 992 478 1065 κατὰ
497 996 581 1065 νόον
599 992 661 1064 τόν
679 991 742 1063 σόν
761 994 903 1082 ποιήσας
925 992 1031 1075 θεοὺς
1053 995 1223 1083 ἐπόμνυμι

217 1090 298 1174 τοδς
315 1100 509 1181 βασιληίους
525 1119 569 1180 μη
559 1090 648 1179 μὲν
662 1091 829 1179 πρότερον
843 1091 1100 1163 ἐκδύσασθαι
1064 1120 1126 1163 τον
1136 1100 1223 1181 έχων

217 1199 350 1263 κιθῶνα
365 1193 594 1280 καταβήσομαι
608 1193 641 1271 ές
651 1187 797 1278 Ἰωνίην,
811 1192 892 1280 πρὶν
903 1187 947 1259 όν
957 1215 1009 1261 τοι
1019 1190 1143 1281 Σαρδεό
1159 1199 1222 1280 νή-

151 1309 201 1366 107
218 1310 281 1358 σου
290 1287 353 1377 τήν
364 1297 523 1377 μεγίστην
533 1288 752 1377 δασμοφόρον
762 1290 900 1376 ποιήσω.
923 1287 1073 1372 Ἱστιαίας
1082 1293 1145 1379 μέν
1156 1289 1221 1378 [δή]

217 1393 326 1479 λέγων
339 1400 444 1461 ταῦτα
456 1394 603 1480 διέβαλε,
619 1401 762 1476 Δαρεῖος
773 1390 811 1458 δέ
821 1391 973 1461 ἐπείθετο
984 1397 1044 1461 καί
1050 1418 1110 1479 μιν
1118 1387 1220 1480 ἀπίει,

217 1493 457 1581 ἐντειλάμενος,
469 1490 572 1562 έπεόν
581 1490 622 1560 τό
633 1489 794 1578 ὑπέσχετό
804 1494 839 1559 ολ
848 1491 995 1559 ἐπιτελέα
1009 1489 1142 1579 ποιήση,
1154 1513 1222 1558 πα-

219 1597 420 1677 ραγίνεσθαί
432 1596 466 1659 oc
478 1589 584 1660 όπίσω
600 1594 633 1672 ές
646 1589 687 1661 τό
701 1597 827 1660 Σοῦσα.
928 1626 931 1633 ·

151 1717 203 1772 10ss
298 1690 353 1762 Ἐν
367 1684 477 1785 ᾦδέή
493 1691 628 1782 ἀγγελίη
639 1719 675 1762 τε
685 1696 839 1778 περὶτῶν
848 1698 1008 1779 Σαρδίων
1017 1690 1108 1779 παρὰ
1122 1700 1221 1779 βασι-

216 1791 275 1859 λέα
292 1787 388 1877 ἀνήιε
401 1794 457 1859 καὶ
467 1801 611 1880 Δαρεῖος
624 1788 665 1860 τό
676 1793 751 1875 περὶ
765 1788 802 1859 τό
817 1789 916 1873 τόξον
929 1790 1071 1879 ποιήσας
1079 1788 1218 1881 Ἱστιαίρι

217 1893 251 1969 ές
267 1890 389 1977 λόγους
408 1884 495 1978 ήλθε
514 1895 570 1962 καί
582 1890 735 1971 Ἱστιαῖος
754 1893 969 1979 μεμετιμένος
984 1889 1052 1961 όπό
1069 1899 1220 1980 Δαρείου

217 1991 381 2077 ἐκομίζετο
397 1993 450 2060 έπλ
466 1991 661 2079 θόλασσαν,
677 1994 714 2060 έν
727 1990 836 2082 τούτῳ
849 1993 949 2058 παντὶ
961 1997 1008 2083 τῷ
1022 1990 1132 2082 χρόνω
1150 1993 1218 2077 έγί-

216 2113 291 2156 νετο
306 2089 402 2157 τάδε’
428 2093 659 2178 πολιορκέοντι
675 2097 722 2181 τῷ
735 2097 931 2181 Σαλαμινίῳ
944 2088 1104 2183 Ὀνησίλςο
1119 2087 1220 2177 Ἀμυ-

214 2194 379 2273 θονσίρυς
398 2192 624 2277 ἐξαγγέλλεται
646 2192 746 2277 νηυσὶ
765 2185 923 2277 στρατιήν
945 2186 1074 2275 πολλήν
1094 2185 1219 2274 ἄγοντα

214 2281 386 2373 Περσικήν
396 2284 573 2375 Ἀρτύβιον
588 2285 696 2375 ἄνδρα
710 2290 846 2375 Πέρσην
865 2286 1095 2373 προσδόκιμον
1110 2288 1143 2366 ές
1156 2283 1220 2372 τήν

214 2382 358 2467 Κύπρον
374 2382 468 2455 εἶναι.
489 2386 684 2473 πυθόμενος
695 2388 846 2454 δὲταῦτα
857 2381 875 2454 ό
888 2381 1059 2472 Ὀνήσιλος
1070 2383 1219 2471 κήρυκας
1299 2436 1300 2459 ,

215 2482 373 2567 διέπεμπε
384 2483 417 2559 ές
427 2479 490 2568 τήν
501 2480 639 2570 Ἰωνίην,
653 2481 913 2569 έπικαλεόμενός
924 2504 1036 2568 σφεας.
1057 2481 1218 2562 Ἰωνεςδέ
1299 2496 1300 2505 ’

215 2574 278 2646 οὐκ
290 2579 323 2657 ές
333 2578 465 2666 μακρήν
476 2580 741 2669 βουλευσόμενοι
749 2574 836 2668 ήκον
845 2588 958 2672 πολλῷ
969 2582 1085 2675 στόλῳ.
1107 2575 1219 2661 Ἰωνές

215 2704 250 2747 τε
265 2675 306 2766 δή
321 2687 476 2767 παρῆσαν
490 2684 523 2761 ές
534 2679 597 2771 τήν
607 2681 767 2771 Κύπρου,
779 2683 834 2750 καὶ
845 2685 879 2750 ολ
888 2682 1015 2766 Πέρσαι
1029 2682 1127 2769 νηυσὶ
1143 2685 1220 2749 δια·
1299 2732 1300 2779 ,

214 2780 335 2868 βάντες
356 2782 392 2850 ἐκ
413 2788 470 2868 τῆς
484 2789 636 2870 Κιλικίης
656 2778 756 2869 ήλσαν
776 2783 829 2849 έπλ
848 2776 911 2866 τήν
923 2788 1101 2867 Σαλαμῖνα
1121 2785 1217 2868 πεζῇ·
1299 2786 1300 2871 λ

212 2885 287 2966 τῇσι
299 2879 335 2946 δὲ
348 2883 449 2965 νηυσὶ
460 2886 494 2951 oc
508 2889 660 2961 Φοίνικες
674 2882 883 2967 περιέπλωον
897 2876 960 2966 τήν
973 2877 1092 2966 ἄκρην,
1108 2883 1146 2947 αλ
1155 2903 1219 2946 κα-
1299 2880 1300 2889 ’

146 2991 197 3048 109
214 2980 348 3043 λεῦνται
364 2980 508 3062 Κληῖδες
523 2985 582 3066 τής
595 2980 748 3068 Κύπρου.
789 2980 920 3048 Τούτου
935 2979 972 3047 δέ
985 2979 1143 3048 τοιοότου
1163 3004 1219 3063 γι-

214 3076 360 3162 νομένου
372 3080 487 3157 ἔλεξαν
502 3081 536 3146 ολ
546 3079 708 3164 τύραννοι
718 3087 775 3167 τῆς
787 3079 942 3166 Κύπρον,
956 3080 1219 3164 συγκαλέσαντες

213 3182 282 3244 τῶν
299 3172 421 3244 Ἰαόνων
434 3178 514 3255 τούς
534 3179 755 3266 στρατηγούς·
784 3177 923 3259 ’Ἁνδρες
935 3172 1065 3260 Ἰωνες,
1083 3176 1219 3262 αῗρησιν
1299 3252 1300 3273 η

213 3272 296 3358 ὑμίν
322 3277 458 3360 δίδομεν
482 3271 577 3362 ήμείς
597 3282 632 3344 ολ
652 3277 817 3364 Κύπριοι,
840 3274 1024 3361 ὁκοτέροισι
1050 3274 1221 3362 βούλεσθε
1299 3276 1300 3347 λ

213 3373 481 3457 προσφέρεσθαι,
500 3368 523 3459 ἦ
543 3379 692 3464 Πέρσησι
710 3372 734 3463 ή
754 3382 893 3457 Φοίνιξι.
923 3381 954 3444 εί
971 3373 1034 3460 μέν
1052 3371 1119 3460 γὰρ
1139 3378 1219 3461 πεζῇ
1299 3376 1300 3443 l

213 3466 380 3550 βούλεσθε
394 3473 570 3556 ταχθέντες
584 3478 743 3561 Περσέων
757 3479 1006 3561 διαπειρᾶσθαι,
1023 3472 1093 3559 οόρη
1110 3469 1219 3564 δαείη
1299 3482 1300 3487 ’
