2588 3926
375 249 459 305 ΗΒ.
490 248 538 304 ΙΧ.
575 246 672 303 CAP.
708 252 847 306 18—22.
1049 241 1110 306 297

106 406 247 491 μάλιστα
261 407 365 495 ταότη
386 408 512 492 έγίνετο
533 410 573 492 τῇ
589 407 688 487 ἵππω.
720 407 975 494 προσβαλοόσης
989 400 1038 474 ὦν
1053 412 1110 492 τῆς

105 505 211 571 ἵππου
227 508 263 572 οί
273 506 447 590 Μεγαρέες
466 502 654 587 πιεζόμενοι
675 506 823 588 ἔπεμπον
844 503 897 571 ἐπὶ
913 501 992 582 τοὺς
1008 525 1110 589 στρα-

104 599 228 687 τηγοός
245 609 312 669 τῶν
327 599 496 687 Ἑλλήνων
517 597 664 685 κήρυκα,
687 595 889 686 ἀπικόμενος
905 601 941 668 δέ
962 597 981 666 ὁ
1003 605 1108 685 κῆρυξ

105 698 189 785 πρὸς
201 696 326 778 αὐτοὺς
336 703 427 784 ἔλεγε
441 698 536 764 τάδε·
559 700 733 782 Μεγαρέες
743 699 895 783 λέγουσι·
911 694 1034 783 Ἡμεῖς,
1046 695 1109 764 άν-

106 801 183 882 δρες
193 795 371 882 σόμμαχοι,
386 792 428 863 οὐ
439 800 581 863 δυνατοί
592 799 685 878 είμεν
694 790 757 880 τήν
767 798 926 882 Περσέων
937 797 1042 863 ἵππον
1054 795 1109 862 δέ·

106 902 226 962 κεσθαι
239 899 379 979 μοῦνοι,
403 898 532 978 ἔχοντες
547 890 665 958 στάσιν
678 889 821 978 ταότην,
845 893 879 969 ές
891 889 954 977 τήν
969 897 1108 976 ἔστημεν

106 991 227 1117 ἀρχήν·
250 991 333 1063 άλλά
349 997 404 1063 καὶ
418 997 451 1073 ές
461 993 538 1062 τόδε
548 999 685 1080 λιπαρίη
698 1018 734 1060 τε
748 993 803 1060 καὶ
814 990 915 1082 ἀρετῇ
928 991 1108 1080 ἀντέχομεν

106 1097 225 1178 καίπερ
239 1091 437 1178 πιεζόμενοι.
466 1097 532 1159 νῦν
552 1116 588 1158 τε
605 1096 635 1159 εί
653 1091 700 1177 μή
718 1117 812 1169 τινας
828 1088 951 1171 ἄλλους
965 1100 1108 1178 πέμψετε

100 1189 334 1295 διαδόχους
295 1215 352 1277 της
366 1188 495 1275 τάξιος,
511 1198 581 1256 ίστε
590 1184 694 1274 ἡμέας
704 1187 966 1269 ἐκλείψοντας
929 1216 992 1276 την
1002 1188 1106 1267 τάξιν.

108 1286 213 1374 Ομέν
233 1288 275 1374 δή
289 1307 349 1374 σφι
368 1295 472 1357 ταῦτα
487 1285 682 1374 ἀπήγγειλε,
704 1295 899 1375 Παυσανίης
913 1287 989 1358 δέ’
970 1313 1108 1357 απεπει-

106 1392 187 1472 ρᾶτο
206 1412 274 1454 των
291 1385 477 1474 Ἑλλήνων,
499 1396 533 1453 εί
548 1411 637 1464 τινες
652 1388 803 1455 ἐθέλοιεν
820 1384 914 1454 άλλοι
934 1387 1108 1454 έθελονται

105 1488 190 1552 ίέναι
204 1510 239 1552 τε
249 1483 328 1564 ές
293 1511 354 1553 τον
365 1492 476 1573 χῶρον
485 1490 608 1552 τοῦτον
619 1510 674 1551 και
663 1484 867 1552 τάσσεσθαι
878 1484 1107 1571 διάδοχοιΜε-

104 1589 252 1671 γαρεόσι.
282 1580 325 1651 οὐ
340 1586 556 1671 βουλομένων
571 1582 608 1649 δὲ
627 1587 695 1648 τόν
708 1579 821 1649 άλλων
837 1577 1008 1669 Ἀθηναῖοι
1022 1577 1106 1648 ὑπε-

105 1683 258 1768 δέξαντο,
272 1685 327 1750 καὶ
339 1680 528 1767 Ἀθηναίων
543 1685 578 1748 οί
588 1679 771 1765 τριηκόσιοι
787 1680 936 1765 λογάδες,
951 1686 1020 1747 τῶν
1031 1681 1106 1747 ἐλο-

4 1854 5 1857 *
103 1778 199 1865 χήγεε
215 1777 482 1865 Ὀλυμπιόδωρος
502 1776 520 1846 ὁ
538 1778 735 1865 Λάμπωνος.
780 1770 884 1846 Οὗτοι
903 1771 990 1865 ήσοιν
1013 1781 1047 1845 οἵ
1067 1803 1102 1845 τε
1118 1790 1153 1843 22

4 1880 6 1939 ἒ
103 1870 345 1961 ὑποδεξάμενοι
360 1879 460 1943 καλοί
471 1872 535 1960 πρό
548 1880 615 1941 τῶν
625 1872 737 1943 ἄλλων
748 1882 816 1943 τῶν
827 1873 1022 1967 παρεόντων
1031 1872 1105 1942 Ἑλ-

4 1976 7 2035 ἰ
103 1972 217 2058 λήνων
232 1974 265 2051 ές
275 1969 441 2060 Ἐρυθράς
456 1974 643 2060 ταχθέντες,
660 1971 740 2053 τοός
753 1975 886 2055 τοξότας
900 1974 1104 2061 προσελόμε-

103 2092 173 2136 νοι·
194 2072 392 2155 μαχομένων
406 2074 446 2139 δέ
456 2089 571 2156 σφεων
582 2073 635 2140 ἐπὶ
647 2073 771 2159 χρόνον
781 2076 873 2150 τέλος
885 2070 1017 2140 τοιόνδε
1031 2073 1103 2157 έγέ-
1137 2134 1141 2139 .

102 2189 179 2233 νετο
194 2171 252 2252 τῆς
267 2166 388 2253 μάχης·
417 2170 673 2257 τιροσβαλοόσης
685 2175 743 2256 τῆς
755 2171 861 2236 ἵππου
875 2167 958 2238 κατὰ
973 2173 1066 2237 τέλεα
1083 2167 1102 2236 ὁ

104 2271 294 2333 Μασιστίου
309 2269 460 2353 προέχων
478 2273 547 2334 τόν
563 2265 676 2336 άλλων
695 2270 796 2347 ἵππος
814 2266 1042 2355 βάλλεταιξ
986 2291 1024 2334 το
1026 2265 1103 2346 ξεό-

101 2386 179 2448 ματι
191 2358 232 2428 τά
252 2361 397 2451 πλευρά,
415 2360 562 2451 άλγήσας
581 2363 648 2433 W
631 2370 762 2432 ισταται
775 2389 810 2431 τε
831 2360 935 2451 ὀρθός
949 2365 1004 2431 και
1018 2359 1104 2430 άπο·

101 2461 222 2525 σείεται
243 2455 304 2525 τόν
326 2465 524 2528 Μασίστιον
555 2461 693 2529 πεσόντι
710 2462 747 2529 δὲ
770 2458 859 2552 αὐτῷ
881 2465 916 2528 οί
930 2456 1102 2546 Ἀθηναιοι

102 2549 219 2619 αὐτίκα
235 2555 398 2622 ἐπεκέατο
421 2556 482 2624 τόν
492 2582 528 2625 τε
539 2554 606 2643 δὴ“
591 2582 695 2625 ιππον
710 2554 816 2624 αὐτου
802 2557 1036 2644 λαμβάνουσι
1048 2559 1102 2624 καὶ

100 2645 205 2715 αὐτόν
219 2646 434 2738 ἀμυνόμενον
447 2661 626 2740 κτείνουσι,
642 2650 716 2721 κατ’
734 2650 836 2738 άρχάς
851 2679 892 2720 ου
882 2651 1099 2739 ’δυνάμενοι

103 2747 374 2817 ἐνεσκεύαστο
334 2776 400 2838 γαρ
417 2748 524 2819 οὕτω·
547 2750 640 2831 ἐντός
653 2752 796 2839 θώρηκα
811 2746 874 2835 εἶχε
887 2749 1031 2836 χρύσεον
1046 2760 1102 2819 λε-

101 2843 267 2933 πιδωτόυ,
285 2849 476 2936 κατύπερθε
490 2852 527 2919 δέ
540 2858 602 2920 τοῦ
614 2852 773 2939 θώρηκος
785 2854 916 2917 κιθῶνα
928 2857 1101 2935 φοινίκεον

101 2942 285 3012 ένδεδόκεε.
315 2945 494 3028 τύπτοντες
509 2953 546 3018 δέ
561 2952 594 3029 ές
606 2948 667 3018 τόν
679 2949 822 3039 θώρηκα
839 2949 973 3017 ἐποίευν
989 2947 1101 3036 οὐδέν,

100 3046 182 3128 πρίν
201 3066 239 3126 γε
261 3039 302 3127 δή
320 3043 443 3128 μαθών
458 3071 508 3124 τις
525 3044 563 3114 τό
579 3049 783 3134 ποιεόμενον
804 3051 893 3114 παίει
913 3072 972 3132 μιν
989 3047 1022 3125 ές
1041 3043 1101 3114 τόν

99 3138 290 3228 ὀφθαλμόν.
310 3138 399 3208 οὕτω
411 3138 451 3229 δή
463 3147 562 3212 ἔπεσέ
569 3170 605 3212 τε
615 3148 671 3213 καλ
681 3143 840 3213 ἀπέθανε.
867 3150 978 3212 Ταῦτα
989 3145 1027 3211 δέ
1036 3170 1102 3224 κως

98 3237 260 3325 γινόμενα
273 3238 429 3326 ἐλελήθεε
439 3238 520 3320 τούς
530 3238 653 3321 ἄλλους
664 3245 796 3321 ἱππέας·
812 3240 891 3311 οότε
901 3239 966 3328 γάρ
977 3240 1102 3310 πεσόν-

80 3363 138 3403 τα
152 3362 211 3422 μιν
227 3335 316 3405 εἶδον
337 3333 404 3405 άπό
419 3344 481 3406 τοῦ
501 3340 607 3407 ἵππου
623 3338 700 3407 οότε
716 3336 993 3425 ἀποθνήσκοντα,
1018 3332 1101 3405 άνα-

96 3436 261 3520 χωρήσιος
280 3462 316 3504 τε
330 3441 509 3525 γινομένης
532 3441 587 3506 καὶ
609 3437 824 3525 ὑποστροφῆς
840 3434 902 3504 οόκ
916 3443 1046 3524 ἔμαθον
1061 3433 1098 3503 τό
