2562 3926
357 265 441 324 LIB.
473 264 516 323 ΠΙ.
550 263 648 323 ΟΑΡ.
680 268 822 329 67-70.
1028 264 1091 329 249

87 420 235 511 δύναμαι
250 423 284 504 ές
296 421 419 510 λόγους
435 425 549 493 έλθείν
564 421 643 491 οὔτε
657 421 764 511 ἀλλην
778 422 939 514 οὐδεμίαν
958 434 1091 500 ίδέσθαι

87 529 154 591 τῶν
169 518 433 611 συγκατημένοιν
453 528 642 609 γυναικῶν·
674 522 782 591 ίπείτε
801 521 866 611 γάρ
881 524 1015 612 τάχιστα
1029 521 1091 596 ού-

89 649 143 702 τος
165 621 371 708 ὥνθρωπος,
394 620 485 701 ὅστις
505 620 584 689 κοτέ
606 622 691 705 ἐστι,
719 623 886 711 παρέλαβε
910 622 972 710 τὴν
994 632 1091 712 βασι-

68 726 202 813 ληίην,
227 721 392 803 διέσπειρε
414 717 517 807 ἡμέας
538 717 644 805 ἀλλην
665 716 748 808 άλλη
770 720 877 801 τάξας.
918 719 1089 791 ’Ᾱκούοντι
1104 737 1138 791 69

89 819 126 886 δὲ
137 824 242 886 ταῦτα
253 825 298 909 τῷ
311 815 430 907 Ὀτάνη
443 824 571 905 μᾶλλον
580 823 797 903 κατεφαίνετο
809 816 847 887 τδ
859 825 1003 907 πρῆγμα.
1020 827 1092 908 τρί-

88 941 150 1003 την
166 917 203 983 δὲ
225 913 383 1002 ἀγγελίην
397 918 554 1002 ἐσπέμπει
569 911 650 1001 παρ’
667 912 774 1003 αὐτην
787 917 953 1003 λέγουσαν
968 921 1089 985 ταῦτα·

83 1009 123 1083 Ὦ
138 1011 306 1100 θύγατερ,
322 1018 375 1083 δεῖ
386 1035 423 1083 σε
434 1027 614 1100 γεγονυῖαν
626 1005 667 1080 εὖ
676 1016 839 1082 κίνδυνον
849 1011 1089 1103 ἀναλαβέσθαι,

88 1111 148 1183 τὸν
163 1109 208 1180 ἀν
222 1109 240 1179 ὁ
255 1108 362 1198 πατὴρ
377 1109 564 1180 ὑποδύνειν
578 1109 715 1198 κελεύῃ·
737 1116 768 1179 εί
784 1109 849 1199 γάρ
870 1111 911 1200 δὴ
926 1113 971 1200 μή
987 1115 1054 1181 έστι
1069 1109 1087 1179 ὁ

88 1209 208 1296 Κύρου
227 1213 388 1296 Σμέρδις,
412 1207 496 1277 ἀλλὰ
520 1205 581 1277 τὸν
600 1207 893 1297 καταδοκέωέγά,
916 1211 1008 1281 ούτοι
1029 1238 1088 1299 μιν

87 1315 144 1378 σοί
159 1330 196 1375 τε
210 1303 492 1392 σνγκοιμεόμενου
511 1310 567 1376 καί
585 1303 623 1374 τὸ
647 1308 807 1393 Περσέων
829 1308 950 1392 κράτος
971 1314 1087 1396 έχοντα
1123 1314 1126 1319 ’

87 1412 142 1477 δεῖ
150 1412 308 1494 χαίροντα
323 1405 565 1493 ἀπαλλάσσειν,
589 1402 673 1473 ἀλλά
691 1408 810 1473 δοῦναι
824 1409 930 1493 δίκην.
957 1414 1023 1475 νῦν
1039 1399 1088 1475 εδν

86 1512 229 1593 ποίησον
242 1504 336 1574 τάδε·
354 1504 456 1573 ἐπεάν
469 1524 522 1572 σοι
538 1503 686 1591 σννεύδη
699 1506 754 1572 καί
767 1502 880 1593 μάθης
890 1502 995 1574 αὐτὸν
1009 1531 1089 1574 κατ-

87 1605 304 1691 υπνωμένον,
333 1603 466 1691 ἄφασον
492 1601 598 1671 αύτού
618 1600 659 1669 τά
682 1594 763 1669 εἶτα·
793 1604 849 1671 καί
862 1599 906 1691 ἢν
925 1605 988 1690 μὲν
1008 1611 1088 1692 φαί·

87 1730 184 1792 νητοιι
200 1708 283 1789 ἔχων
295 1694 379 1788 εἶτα,
391 1702 504 1788 νόμιζε
514 1697 665 1788 σεαυτὴν
673 1700 801 1786 Σμέρδι
815 1707 860 1790 τῷ
872 1700 990 1789 Κύρου
1003 1724 1088 1769 συν-

86 1804 220 1888 οικέειν,
240 1796 284 1887 ἢν
299 1800 336 1868 δὲ
351 1797 395 1887 μη
414 1805 508 1886 ἔχων,
530 1796 572 1866 σύ
588 1799 624 1866 δέ
638 1803 683 1889 τῷ
700 1797 797 1889 μάγῳ
807 1799 943 1886 Σμέρδι.
980 1796 1088 1867 Ἀντι-

86 1903 207 1987 πέμπει
231 1894 315 1985 πρὸς
338 1904 442 1965 ταῦτα
465 1894 487 1984 ἡ
513 1895 668 1981 Φαιδύμη
696 1896 828 1981 φαμένη
853 1896 1087 1965 κινδυνεύσειν

85 1996 253 2085 μεγάλως,
272 1991 318 2082 ἢν
328 2001 407 2083 ποιῇ
417 2000 536 2062 ταῦτα·
559 1999 590 2061 εί
603 1990 667 2079 γάρ
679 1990 719 2079 δὴ
735 1990 779 2079 μὴ
794 1992 951 2079 τυγχάνει
965 1992 1006 2062 τά
1021 1987 1087 2063 εἶτα
1151 2032 1154 2036 ε

85 2101 187 2183 ἔχων,
210 2094 410 2179 ἐπίλαμπτος
430 2094 467 2161 δὲ
488 2090 691 2179 ἀφάσσουσα
711 2095 819 2177 ἔσται,
841 2084 882 2158 εὖ
901 2096 1024 2161 είδέναι
1044 2091 1088 2173 ὡς

85 2190 241 2263 ἀίστύσει
254 2215 328 2277 μιν·
356 2188 446 2277 ὅμως
468 2192 582 2277 μέντοι
604 2190 757 2277 ποιήσειν
777 2196 889 2259 ταῦτα.
921 2188 942 2280 ἡ
964 2193 1027 2278 μὲν
1046 2191 1086 2279 δὴ

86 2289 266 2368 ὑπεδέξατο
280 2294 384 2355 ταῦτα
404 2295 449 2379 τῷ
466 2290 565 2376 πατρί
586 2286 867 2376 κατεργάσεσθαι,
888 2298 949 2359 τοῦ
965 2291 1003 2359 δλ
1023 2289 1088 2378 μά-

84 2418 150 2479 γον
163 2389 286 2459 τούτου
301 2397 362 2457 τοῦ
375 2393 542 2477 Σμέρδιος
557 2396 670 2474 Κῦρος
684 2386 703 2458 ὁ
718 2389 907 2477 Καμβύσεω
923 2389 1034 2478 ἀρχων
1046 2386 1087 2459 τά

85 2484 155 2560 οἶνοι
167 2484 313 2574 ἀπέταμε
329 2486 381 2556 ἐπ’
397 2496 485 2578 αι’τίη
500 2489 541 2577 δή
557 2516 623 2558 τινι
637 2487 680 2557 ού
696 2496 827 2579 σμικρῇ.
849 2487 870 2579 ἡ
887 2485 936 2559 ὦν
950 2491 991 2580 δὴ
1002 2500 1088 2561 Φαι-

84 2588 174 2675 δύμη
191 2585 292 2674 αὕτη,
308 2585 329 2676 ἡ
343 2595 404 2656 τοῦ
415 2586 557 2658 Ὀτάνεω
567 2588 738 2676 θυγάτηρ,
753 2588 863 2657 πάντα
876 2592 1087 2661 ἐπιτελέουσα

82 2686 123 2757 τά
146 2684 328 2767 ὑπεδέξατο
348 2694 394 2778 τῷ
417 2691 535 2773 πατρί,
577 2688 685 2756 έπείτε
720 2685 822 2773 αὐτῆς
842 2692 942 2774 μέρος
961 2691 1087 2776 ἐγίνετο

83 2793 141 2873 τῆς
156 2783 286 2867 ἀπίξιος
301 2785 392 2871 παρὰ
408 2783 469 2855 τὸν
485 2785 596 2873 μάγον
635 2790 688 2874 (ἐν
706 2794 890 2875 περιτροπῇ
909 2784 976 2874 γάρ
996 2784 1036 2875 δὴ
1054 2791 1090 2857 αι’

8 2918 9 2921 ’
82 2900 244 2977 γυναῖκες
259 2888 432 2975 φοιτέουσι
450 2901 535 2956 τοῖσι
549 2889 730 2976 Πέρσησι),
752 2888 901 2955 ἐλθοῦσα
922 2886 1003 2977 παρ’
1024 2886 1086 2957 αύ-

80 2985 145 3056 τὸν
170 2976 265 3073 εύδε,
298 2985 500 3074 ὑπνωμένον
525 2986 562 3054 δὲ
582 2992 749 3073 καρτερῶς
768 2993 830 3054 τοῦ
849 2987 960 3074 μάγον
978 2985 1089 3076 ἤφασε

80 3086 122 3156 τά
145 3079 223 3154 εἶτα.
257 3093 415 3171 μαθοῦσα
440 3086 476 3153 δὲ
500 3084 541 3153 ού
566 3092 715 3171 χαλεποῖς
738 3083 812 3154 ἀλλ’
840 3084 1000 3166 εὐπετέως
1024 3084 1087 3155 οὐκ

81 3191 201 3271 ἔχοντα
226 3178 288 3250 τὸν
312 3180 420 3271 ἀνδρα
446 3176 531 3269 εἶτα,
564 3180 608 3261 ὡς
631 3181 736 3271 ἡμέρη
763 3183 898 3271 τάχιστα
924 3184 1086 3272 ἐγεγόνεε,

80 3284 240 3369 πέμψασα
255 3280 400 3369 ἐσήμηνε
412 3286 458 3372 τῷ
472 3282 571 3365 πατρί
584 3279 624 3349 τά
639 3283 813 3369 γενόμενα.
850 3281 888 3352 ‘0
902 3285 938 3351 δὲ
950 3280 1086 3368 Ὀτάνης
1102 3296 1135 3351 70

79 3375 290 3467 παραλαβάν
301 3376 508 3467 Ἀσπαθίνην
521 3383 576 3450 καί
589 3382 757 3469 Γοβρύην
769 3382 929 3467 Περσέων
942 3403 978 3445 τε
993 3381 1087 3464 πρύ-

78 3506 160 3565 τους
173 3478 291 3565 ἐόντας
301 3482 356 3556 καί
367 3483 480 3573 ἑαυτῷ
492 3482 771 3572 ἐπιτηδεοτάτους
785 3486 818 3567 ές
832 3486 945 3564 πίοτιν
957 3475 1087 3574 ἀπηγέρ
