2562 3926
204 254 267 327 ιτς
560 248 829 313 υυαοοοει

203 421 284 500 όύιν
298 425 438 513 παντοίη
461 420 586 504 ἐγίνετο
610 412 654 500 μή
676 384 886 497 ἀποδημῆσαι
907 404 967 477 τόν
983 409 1202 496 Πολυκράτεα

202 519 293 607 παρὰ
317 517 377 590 τδν
399 516 561 604 Ὀροίτην,
582 515 637 582 καλ
661 508 702 598 δή
732 507 842 578 καλί’
809 513 919 587 ίοντος
941 504 1047 576 αύτού
1068 505 1175 577 ἐπὶ
1139 535 1202 595 την

201 618 466 710 πεντηκόντερον
483 618 706 702 ἐπεφημίζετο
736 607 754 678 ὁ
777 611 817 678 δέ
830 606 901 678 οί’
882 632 946 695 ηπε
946 615 1055 696 ίλησε,
1069 598 1200 693 ἢνσόος

202 717 430 843 ἀπονοστήση,
452 713 579 784 πολλόν
594 738 654 799 μιν
670 709 794 796 χρόνον
808 707 1092 801 παρθενεύεσθαι.
1126 735 1146 796 η
1134 704 1201 776 ’δὲ

201 815 348 906 ἠρήσατο
363 815 511 885 ἐπιτελέα
525 818 628 880 ταῦτα
642 809 819 897 γενέσθαι·
833 807 1019 895 βούλεσθαι
1033 805 1098 895 γάρ
1113 832 1202 896 παρ-

135 935 185 988 125
200 915 405 986 θενεύεσθαι
415 914 503 982 πλέω
513 910 639 999 χρόνον
650 905 673 996 ή
684 914 745 977 τοῦ
756 903 880 992 πατρὸς
894 907 1101 995 ἐστερῆσθαι
1127 916 1201 978 Πο-

153 1074 156 1079 ,
202 1011 420 1099 λυκράτηςδδ
439 1012 548 1096 πάσης
569 1015 775 1132 συμβουλίης
795 1002 961 1092 ἀλογήσας
982 1009 1088 1074 ἔπλωε
1108 1001 1198 1092 παρά

201 1109 272 1180 τόν
280 1109 448 1199 ’,Οροίτην
471 1109 540 1196 άμα
567 1106 730 1194 ἀγόμενος
755 1104 878 1184 ἀλλους
900 1131 950 1176 τε
959 1101 1105 1184 πολλούς
1130 1130 1199 1172 των

201 1213 357 1294 ἑταίρων,
385 1212 422 1276 έν
452 1209 489 1275 δὲ
514 1204 555 1292 δή
576 1208 632 1273 καί
653 1196 856 1324 Δημοκήδεα
876 1199 937 1271 τόν
958 1209 1199 1291 Καλλιφῶντος

173 1380 175 1384 ,
200 1305 437 1394 Κροτωνιήτην
457 1302 582 1387 ἀνδρα
609 1309 661 1390 ίητ
621 1303 725 1390 ητρόν
740 1327 777 1371 τε
799 1301 898 1371 ἐόντα
917 1301 1028 1371 καλ
992 1329 1054 1391 την
1077 1305 1198 1389 τέχνην

200 1402 406 1474 ἀσκέοντα”
383 1425 501 1489 αριστα
528 1409 596 1472 τόν
620 1399 694 1470 κατ’
717 1400 852 1469 εωυτόν.
886 1397 1086 1488 ἀπικόμενος
1105 1399 1142 1467 δέ
1162 1400 1198 1478 ἐς

200 1500 262 1590 τήν
277 1508 480 1589 Μαγνησίην
500 1499 518 1570 ὁ
540 1499 759 1586 Πολυκράτης
780 1498 950 1588 διεφθάρη
971 1507 1096 1584 κακῶς,
1117 1497 1198 1567 οὔτε

201 1603 327 1669 ἑωυτοῦ
342 1599 440 1681 ἀξίως
460 1599 538 1670 ούτε
557 1607 624 1669 τῶν
645 1601 773 1668 ἑωυτοῦ
793 1598 1035 1687 φρονημάτων·
1062 1596 1115 1667 ότι
1130 1593 1197 1685 γάρ

199 1696 244 1785 μή
266 1701 300 1766 ολ
317 1704 539 1784 Συρηκοσίων
559 1697 735 1822 γενόμενοι
754 1699 933 1784 τύραννοι,
962 1695 1042 1767 οὐδὲ
1062 1692 1108 1780 εἷς
1128 1702 1197 1764 τῶν

199 1796 311 1868 ἀλλων
319 1795 521 1886 Ελληνικων
534 1802 713 1884 τυράννων
728 1798 820 1880 άξιός
834 1801 901 1867 ἐστι
912 1798 1124 1883 Πολυκράτεϊ
1135 1824 1197 1886 με·

199 1896 444 1985 γαλοπρέπειαν
473 1906 719 1997 συμβληθῆναι.
757 1894 954 1974 ἀποκτείνας
983 1897 1024 1965 δέ
1045 1923 1111 1985 μιν
1132 1893 1194 1966 ούκ

196 2091 345 2216 μένων“
324 2114 398 2163 οσοι
418 2085 522 2179 μὲν
500 2114 587 2180 ησαν
607 2070 750 2179 Σάμιοι,
776 2088 899 2178 άπηκε,
921 2091 1071 2160 κελεύων
1090 2095 1194 2216 σφέας

196 2197 308 2284 ἑωυτῷ
324 2191 470 2281 χάρινί
439 2195 562 2262 εἰδέναι
583 2194 699 2273 ἐόντας
719 2189 979 2279 ἐλευθέρους,”
958 2212 1032 2261 οσοι
1050 2185 1129 2261 δέ
1106 2213 1195 2280 ησαν

196 2294 300 2371 ξεῖνοί
318 2315 354 2356 τε
377 2293 433 2358 καί
456 2294 572 2360 δοῦλοι
597 2299 665 2360 τῶν
688 2293 877 2378 ἑπομένων,
905 2293 943 2359 έν
969 2288 1194 2380 ἀνδραπόδων

196 2388 286 2477 λύγφ
300 2388 498 2474 ποιεύμενος
514 2388 586 2477 εἶχε.
630 2390 849 2476 Πολυκράτης
868 2389 906 2458 δὲ
920 2386 1194 2478 ἀνακρεμάμενος

196 2487 344 2554 ἐπετέλεε
359 2492 470 2554 πᾶσαν
483 2484 545 2574 τήν
561 2486 640 2570 όφιν
651 2495 708 2576 τῆς
719 2488 904 2575 θυγατρός·
926 2493 1041 2559 ἐλοῦτο
1053 2492 1116 2578 μὲν
1126 2487 1193 2578 γάρ
1272 2508 1273 2519 ’

196 2580 263 2652 ὑπό
289 2589 350 2651 τοῦ
372 2582 473 2672 Διός,
502 2583 589 2667 ὅκως
612 2587 686 2676 ύοι,
715 2590 838 2675 ἐχρίετο
864 2589 901 2656 δὲ
920 2585 988 2658 ἀπὸ
1010 2595 1070 2657 τοῦ
1094 2586 1194 2677 ἡλίου
1271 2630 1272 2639 1

177 2735 181 2743 .
195 2679 299 2761 ἀνιεὶς
313 2679 414 2762 αότός
428 2685 465 2753 ἐκ
478 2691 539 2754 τοῦ
553 2687 704 2774 σώματος
718 2687 850 2773 ἰκμάδα.
883 2689 1116 2777 Πολυκράτεος
1130 2688 1194 2775 μὲν

195 2779 236 2869 δή
248 2785 284 2851 αί
293 2783 412 2851 πολλαλ
423 2780 570 2871 εὐτυχίαι
584 2787 618 2865 ἐς
631 2791 731 2854 τοῦτο
745 2782 972 2874 ἐτελεύτησαν,
990 2793 1030 2875 τῇ
1044 2790 1078 2855 ολ
1086 2784 1194 2874 ’Ἁμα-

195 2875 277 2958 σιςὸ
295 2878 471 2965 Αἰγύπτου
485 2880 643 2970 βασιλεύς
657 2882 957 2971 προεμαντεύσατο.

128 3001 178 3059 126
275 2977 397 3068 Κρόνῳ
420 2981 457 3047 δὲ
480 2977 523 3049 ού
542 2988 655 3072 πολλῷ
674 2980 817 3071 ὕστερον
845 2984 901 3050 καί
914 2978 1066 3069 Ὀροίτην
1078 2989 1193 3053 Πολυ-

194 3075 331 3164 κράτεος
357 3082 458 3157 τίσιες
487 3054 685 3200 μετήλθόυ.
712 3076 795 3167 μετὰ
823 3075 900 3169 γάρ
913 3078 974 3147 τόν
1000 3081 1192 3169 Καμβύσεω

169 3174 345 3243 θάνατον
366 3177 421 3243 καί
434 3200 503 3243 των
514 3177 633 3265 μάγων
648 3203 711 3265 την
731 3183 909 3265 βασιληίην
929 3180 1042 3303 μένωη
1063 3182 1101 3249 ἐν
1115 3189 1193 3272 τῇσι

192 3272 338 3360 Σάρδισι
353 3269 500 3361 Ὀροίτης
516 3271 638 3364 άφίλει
658 3276 721 3400 μὶη
747 3272 849 3345 οὐδὲν
870 3276 1040 3362 Πέρσας’
1020 3276 1104 3349 υπδ
1110 3279 1193 3370 Μή-

192 3374 262 3438 δων
288 3368 644 3458 ἀπαραιρημένους
607 3400 670 3462 την
696 3372 820 3466 ἀρχην,
850 3371 869 3445 ό
896 3376 934 3445 δὲ
959 3380 997 3447 έν
1019 3380 1124 3471 ταύτῃ
1153 3411 1194 3475 τη

190 3477 316 3567 ταραχή
338 3469 423 3546 κατὰ
442 3474 505 3573 μίν
527 3480 653 3553 ἔκτεινε
671 3476 944 3579 Μιτροβάτηυ
908 3505 970 3557 τον
994 3484 1033 3555 ἐκ
1053 3491 1189 3557 Δασκιι
