2566 3934
330 284 414 341 ιιι.
444 286 464 341 1.
497 286 593 344 σεε.
625 293 800 349 ινα-ιω,
1000 283 1060 350 107

148 443 257 530 Νόμοι
270 444 335 532 μὲν
347 441 387 532 δη
398 459 481 515 τοῖσι
490 452 738 536 Βαβυλωνίοισι
749 439 842 515 οὗτοι
859 452 1060 538 κατεστέασι,
1078 468 1130 522 000

84 545 130 613 τίσλ
143 542 231 613 δὲ’
190 553 304 614 αυτάν
318 550 452 635 πατριαὶ
468 563 572 637 τρεῖς,
590 555 628 616 αἳ
642 544 743 616 ούδέν
761 546 841 616 ἀλλο
857 552 1018 618 σιτέονται
1033 555 1064 619 εί

81 669 114 731 γη
105 641 215 731 ἰχθῦς
225 651 373 733 μοῦνον,
387 642 467 725 τοῦς
477 650 551 716 ἐπεί
560 673 597 715 τε
611 643 655 714 ἀν
669 640 899 736 θηρεύσαντες
912 646 1062 736 αῦήυωσι

82 766 147 830 τρος
155 742 268 832 ηλιον,
283 750 416 814 ποιεῦσι
425 745 521 813 ταδε
548 745 748 833 ἐσβαλλουσι
759 748 792 824 ές
803 743 909 833 ολμον
919 749 974 814 καὶ
985 747 1062 833 λεη

38 874 39 923 3
82 843 342 933 ναντεςῦπέροισι
353 849 435 912 σαῖσι
450 841 505 912 διά
522 845 694 925 σινδόνος·
722 842 829 925 καλός
842 873 865 932 μ
867 848 905 935 ν
919 872 963 913 αν
977 846 1062 933 βού-

37 938 39 1047 ζ
81 952 157 1032 ληται
177 944 308 1034 αὐτῶν,
334 944 391 1013 ἀτε
415 946 522 1032 μάζαν
541 946 728 1034 μαξάμενος
750 951 814 1032 ἔχει
821 998 831 1032 ,
860 943 878 1015 ὁ
901 949 937 1015 δὲ
957 945 1061 1032 ἀρτου

82 1042 186 1123 τρόπον
200 1041 355 1133 ὀπτήσας.

38 1170 39 1175 ’
140 1141 193 1223 Ὡς
203 1147 240 1213 δὲ
251 1149 299 1234 τῷ
310 1142 412 1233 Κύρῳ
424 1145 587 1211 καὶτοῦτο
599 1138 637 1209 τό
648 1147 748 1223 ἔθνος
758 1147 969 1233 κατέργαστο,
982 1147 1058 1213 ἐττε-
1074 1166 1125 1220 τοι

84 1239 191 1328 θύμησε
196 1244 420 1327 Μασσαγέτας
433 1236 492 1307 ὑπ’
505 1244 617 1330 ἑωυτῷ
628 1241 842 1329 ποιήσασθαι.
860 1241 897 1313 τὸ
910 1244 947 1312 δέ
958 1249 1059 1321 ἐθνος

83 1346 231 1412 τοῦτοκαὶ
255 1344 341 1430 μέγα
362 1345 490 1427 λέγεται
513 1338 672 1410 εἶναικαὶ
694 1340 853 1431 ἀλκιμον,
881 1347 1059 1430 οἰκημένον

83 1438 109 1505 δὲ
121 1439 194 1528 πρὸς
213 1438 264 1528 ἠῶ
279 1467 316 1507 τε
334 1442 388 1507 καὶ
401 1436 500 1526 ἡλίου
515 1435 696 1528 ἀνατολάς,
722 1445 828 1528 πέρην
844 1448 905 1510 τοῦ
916 1440 1057 1529 Ἀράξεω

38 1548 39 1555 ’
83 1549 224 1629 ποταμοῦ,
244 1539 363 1611 ἀντίον
378 1539 414 1607 δὲ
426 1536 624 1626 Ἰσσηδόνων
639 1537 783 1629 ἀνδρῶν.
811 1545 873 1611 εἰσὶ
887 1542 923 1611 δὲ
938 1546 1058 1621 οἵτινες

83 1638 302 1712 ιιὶΣκυθιιιόν
316 1644 450 1726 λέγουσι
460 1639 558 1707 τοῦτο
573 1637 610 1707 τό
624 1645 724 1720 ἔθνος
740 1639 833 1709 εἶναι.
861 1639 897 1710 Ὁ
913 1642 949 1709 δέ
960 1641 1058 1729 Ἀρά-
1072 1663 1124 1718 202

83 1742 123 1826 ξης
139 1745 262 1830 λέγεται
280 1745 338 1810 καλ
357 1743 463 1827 μέζων
486 1743 541 1808 καλ
566 1741 716 1809 ἐλάσσων
734 1740 819 1810 εἶναι
842 1747 904 1810 τοῦ
914 1739 1056 1829 Ἴστρου.
1131 1746 1132 1755 ’

84 1837 180 1925 τόσους
194 1840 225 1910 δ’
242 1844 282 1910 ἐν
296 1838 387 1930 αύτῷ
399 1844 515 1930 Λέσβῳ
525 1840 677 1925 μεγάθεα
690 1846 919 1929 παραπλησίας
934 1839 1058 1926 συχνάς

84 1959 144 2020 φασι
156 1939 255 2027 εἶναι,
279 1943 317 2008 ἐν
338 1937 375 2007 δέ
387 1935 506 2027 αὐτῇσι
522 1934 744 2027 ἀνθρύπους,
770 1946 805 2008 οἳ
819 1942 981 2008 σιτέονται
995 1938 1057 2025 μέν

83 2036 149 2119 όίζας
164 2036 200 2107 τό
220 2040 326 2123 θέρος
347 2033 547 2123 ὀρύσσοντες
569 2043 744 2125 παντοίας,
769 2034 919 2126 καρπούς
940 2037 976 2104 δὲ
990 2033 1055 2103 ἀπὸ

84 2135 221 2223 δενδρέων
246 2135 488 2222 ἐξευρημένους
515 2154 576 2221 σφι
603 2138 637 2215 ἐς
661 2132 794 2224 φορβὴν
816 2141 1055 2204 κατατίθεσθαι

85 2226 215 2322 ὁρκίους,
244 2236 302 2303 καί
318 2233 458 2311 τούτους
473 2237 642 2302 σιτέεσθαι
663 2231 726 2321 τὴν
740 2233 946 2323 χειμερινήν·
973 2230 1057 2302 ἀλλα

84 2332 111 2398 δέ
119 2353 169 2420 σφι
184 2337 385 2422 ἐξευρῆσθαι
400 2333 539 2421 δένδρεα
555 2331 706 2420 καρπούς
719 2333 873 2402 τοιούσδε
887 2331 980 2413 τινάς
994 2335 1056 2419 φί-

85 2452 175 2519 0οταα,
190 2432 288 2520 τοῦς,
311 2433 418 2500 ἐπείτε
439 2427 483 2498 ἀν
503 2434 536 2510 ἐς
554 2428 662 2499 τύυτό
680 2437 870 2501 συνέλθωσι
886 2431 969 2501 κατά
984 2443 1055 2512 ίλας

84 2533 189 2619 καὶπῦρ
201 2532 470 2619 ἀνακαύσωνται,
482 2533 596 2623 κύκλῳ
607 2534 854 2620 περιιζομένους
865 2535 1055 2622 ἐπιβάλλειν

84 2630 121 2697 ἐτλ
131 2630 162 2700 τό
176 2641 261 2722 πῦρ,
276 2629 568 2720 ὀσφραινομένους
582 2632 619 2700 δέ
629 2633 887 2720 καταγιζομένου
901 2639 962 2700 τοῦ
972 2657 1055 2715 καρ-

84 2736 197 2800 τοῦτοῦ
208 2731 473 2819 ἐπιβαλλομένου
483 2731 717 2816 μεθύσκεσθαι
726 2737 766 2819 τῇ
777 2726 878 2818 ὀδμῇ,
908 2728 1054 2815 κατάπερ

41 2852 42 2891 ῖ
81 2822 210 2917 Έλληνας
222 2841 268 2924 τῷ
284 2843 382 2924 οίυιμ,
406 2838 550 2911 πλεῦνος
565 2834 602 2901 δέ
619 2835 880 2921 ἐπιβαλλομένου
897 2838 955 2900 τοῦ
971 2858 1055 2921 καρ-

84 2934 132 2993 ῑῡῦ
149 2938 272 3016 μᾶλλον
292 2930 544 3019 μεθύσκεσθαι,
555 2958 561 2965 ε
571 2936 604 3011 ές
620 2929 645 2998 ’δ’
664 2935 697 3011 ἐς
717 2929 853 3023 ὄρχησίν
868 2958 903 3000 τε
919 2929 1054 3000 ἀνίστα-

83 3033 144 3094 σθω
156 3032 207 3099 καὶ
221 3033 254 3111 ἐς
264 3027 384 3118 ἀοιδὴν
395 3028 624 3101 ἀπικνέεσθαι.
650 3033 780 3101 τούτων
793 3034 855 3121 μὲν
866 3031 949 3120 αὕτη
961 3035 1055 3120 λέγε-

84 3146 122 3191 ται
141 3130 242 3196 δίαιτα
267 3126 421 3198 εἶναι’
404 3156 423 3198 ο
448 3130 484 3199 δὲ
505 3128 644 3218 Ἀράξης
669 3129 815 3218 ποταμός
838 3133 905 3221 ῥέει
932 3131 994 3218 μέν
1019 3137 1055 3201 ἐκ

85 3224 301 3339 Ματιηυων,”
281 3239 365 3297 οθεν
387 3253 449 3316 περ
472 3226 660 3317 ὁΓύνδης,
687 3227 748 3298 τόν
767 3228 852 3309 ἐς
815 3256 874 3310 τας
891 3230 1056 3319 διύρυχας

85 3344 126 3399 τι0
137 3326 286 3414 ἔξηιιουτά
303 3353 339 3396 τε
359 3329 416 3397 καί
431 3334 620 3416 τριηκοσίας
636 3326 801 3417 διέλαβε
786 3355 805 3396 ο
816 3335 950 3444 Κῦρος,
977 3323 1056 3391 στό-

86 3440 145 3491 εισι
157 3425 189 3493 δὲ
203 3424 408 3514 ἐξερεύγεται
422 3429 681 3515 τεσσεράκοντα,
706 3432 774 3494 τῶν
787 3422 828 3491 τά
845 3421 955 3489 πάντα
968 3413 1055 3497 πλην

87 3513 142 3598 hog
154 3524 183 3602 ἔς
197 3524 269 3595 ἕλεά
279 3552 315 3596 τε
328 3528 384 3596 καί
394 3526 535 3613 τενάγεα
550 3530 691 3615 ἐκδιδοῖ,
709 3528 746 3594 ἐν
756 3535 841 3591 τοῖσι
853 3508 1055 3594 ἀνθρώπους
