2568 3938
366 247 453 303 ΗΒ.
485 247 532 303 ΙΧ.
568 246 667 303 ΟΑΡ.
700 252 841 307 44—48.
1043 245 1104 311 311

7 456 13 491 :
102 413 135 488 ές
150 434 187 476 το
176 405 431 492 στρατόπεδον
446 400 550 471 καί
515 428 576 488 την
591 405 719 471 ἑωυτοῦ
739 402 845 491 τάξιν,
866 407 948 475 οίδδ
963 427 1106 495 στρατη-
1121 433 1154 488 ης

101 510 154 596 γολ
169 512 239 575 τάν
247 501 438 592 Ἀθηναίων
451 502 610 582 ἐλθόντες
625 500 726 571 ἐπὶ
692 530 729 572 το
746 503 857 586 δεξιόν
874 508 972 593 κέρας
989 514 1105 597 έλεγον

7 660 9 689 ,
102 608 280 693 Παυσανίῃ
295 602 336 672 τά
351 626 415 688 περ
429 598 581 689 ἥκουσαν
593 598 820 689 Ἀλεξάνδρου.
851 602 925 672 ὑδδ
938 605 1045 698 τοάτφ
1060 615 1105 697 τῷ

7 754 16 789 5
101 702 191 794 λόγφ
205 699 470 823 καταρρωδήσας
480 725 559 779 τους
570 702 701 785 Πέρσας
715 706 806 788 ἔλεγε
821 700 915 771 τάδε·
935 700 1021 772 Ἐπεί
1035 713 1106 772 τοί

6 880 8 891 Ι
101 828 167 870 νυν
178 796 244 880 ές’
225 806 276 888 ηῶ
289 827 310 888 η
296 796 473 888 *συμβολὴ
485 805 622 885 γινεται,
637 796 741 884 ὑμέας
751 802 813 886 μὲν
826 800 933 889 χρεόν
947 804 1014 871 ἐστι
1025 799 1104 881 τοὺς

98 899 298 986 Ἀθηναίους
309 903 427 986 στὴναι
437 894 521 965 κατὰ
532 895 612 976 τοὺς
619 899 760 983 Πέρσας,
772 894 874 984 ἡμέας
885 899 922 966 δὲ
933 897 1015 967 κατὰ
1026 896 1105 977 τοὺς

7 1048 13 1089 ,
100 998 270 1078 Βοιωτούς
283 1024 318 1066 τε
332 1002 387 1066 καί
401 995 481 1077 τοὺς
494 993 569 1065 κατ’
580 994 683 1083 ὑμέας
696 1003 914 1084 τεταγμένους
922 995 1102 1085 Ἑλλήνων,

101 1102 208 1168 τῶνδε
228 1101 373 1166 εἵνεκεν·
401 1094 497 1184 ὑμεῖς
511 1098 691 1165 ἐπίστασθε
711 1092 790 1175 τυὺς
806 1096 947 1183 Μήδους
965 1099 1021 1165 καί
1041 1096 1103 1184 τὴν

10 1244 15 1255 -
100 1196 210 1285 μάχην
224 1193 337 1265 αὑτῶν
352 1200 389 1264 έν
400 1202 595 1283 Μαραθῶνι
609 1194 840 1282 μαχεσάμενοι,
855 1191 949 1283 ἡμεῖς
960 1195 997 1265 δὲ
1007 1193 1104 1264 άπει-

101 1304 158 1382 ροί
171 1299 209 1366 τί
223 1302 315 1382 είμεν
329 1297 383 1364 καί
398 1293 514 1374 άδαέες
528 1294 657 1363 τούτων
673 1302 740 1363 τῶν
753 1293 903 1382 ἀνδρῶν·
930 1305 1104 1382 Σπαρτιη-

5 1434 14 1487 ·,
101 1398 185 1463 τέων
199 1390 264 1480 γάρ
286 1392 395 1471 οὐδεὶς
411 1399 605 1479 πεπείρηται
621 1393 761 1480 Μήδων.
790 1389 883 1479 ἡμεῖς
899 1392 935 1461 δὲ
945 1398 1104 1461 Βοιωτῶν

5 1520 12 1583 ’,
101 1495 156 1560 καί
167 1497 347 1562 Θεσσαλῶν
358 1495 513 1577 ἔμπειροί
521 1496 621 1577 εἰμεν.
639 1487 711 1560 ἀλλ’
724 1489 953 1579 ἀναλαβόντας
963 1490 1003 1560 τά
1015 1489 1103 1560 ὅπλα

100 1591 208 1680 χρεόν
222 1594 290 1661 ἐστι
304 1595 390 1660 ίέναι
408 1588 512 1678 ὑμέας
524 1593 587 1678 μὲν
598 1595 632 1671 ές
646 1593 724 1661 τόδε
737 1591 774 1662 τό
785 1594 894 1681 κέρας,
908 1591 1011 1682 ἡμέας
1022 1593 1059 1663 δὲ
1070 1595 1104 1673 ές

100 1689 137 1760 τδ
157 1689 344 1779 εὑόνυμον.
376 1687 470 1779 Πρδς
484 1691 519 1760 δλ
539 1698 643 1760 ταῦτα
661 1691 757 1761 εἶπαν
770 1698 805 1763 οί
818 1691 991 1781 Ἀθηναῖοι
1006 1693 1101 1762 τάδε·

5 1842 7 1877 γ
100 1794 166 1860 Καὶ
179 1788 309 1859 αὑτοῖσι
322 1785 404 1877 ἡμῖν
419 1787 522 1857 πάλαι
536 1785 596 1856 ὑπ’
612 1787 730 1878 ἀρχῆς,
746 1797 821 1860 έπεί
830 1817 866 1859 τε
880 1796 1013 1878 είδομεν
1028 1786 1101 1858 κατ’

4 1942 6 1973 ;
101 1894 204 1982 ὑμέας
216 1895 442 1978 τασσομένους
457 1889 536 1971 τοὺς
550 1896 697 1977 Πέρσας,
714 1895 751 1961 έν
766 1892 834 1982 νόφ
852 1893 982 1978 ἐγένετο
998 1895 1103 1958 εἰπεῖν

101 1997 219 2077 ταῦτα,
235 1988 276 2057 τά
290 2013 352 2075 περ
368 1985 463 2075 ὑμεῖς
478 1989 629 2074 φθάντες
643 1992 843 2076 προφέρετε·
863 1983 948 2056 ἀλλά
963 1983 1028 2073 γάρ
1041 1982 1104 2070 άρ,

4 2138 5 2143 1
105 2090 270 2174 ρωδέομεν
284 2082 329 2173 μὴ
344 2083 426 2173 ὑμῖν
440 2083 503 2155 οὑν
523 2083 618 2173 ἡδέες
633 2088 796 2173 γένωνται
813 2091 847 2155 οί
858 2085 963 2171 λόγοι.
985 2085 1054 2153 ἐπεί
1068 2086 1101 2151 δ’

101 2179 150 2255 άν
164 2181 259 2252 αὑτοὶ
275 2182 479 2272 ἐμνήσθητε,
502 2186 557 2253 καί
579 2181 773 2273 ἡδομένοισι
793 2179 873 2271 ἡμῖν
889 2187 923 2251 οί
934 2181 1029 2268 λόγοι
1046 2205 1103 2267 γε·

100 2282 219 2370 γόνασι
238 2284 294 2350 καί
313 2283 437 2368 ἑτοίμοί
456 2288 548 2369 είμεν
561 2286 688 2351 ποιέειν
704 2288 816 2351 ταῦτα.
846 2280 904 2361 Ὡς
924 2278 956 2347 δ’
979 2278 1100 2367 ἡρεσιιε
1119 2291 1152 2343 47

99 2379 317 2467 άμφοτέροισι
337 2387 457 2467 ταῦτα,
480 2378 549 2467 ἡάς
568 2408 603 2449 τε
622 2383 773 2466 διέφαινε
793 2383 847 2448 καί
862 2377 1102 2447 διαλλάσσοντο

99 2476 158 2557 τάς
173 2476 271 2557 τάξις.
300 2477 438 2564 γνόντες
459 2478 494 2547 δὲ
516 2483 551 2548 os
561 2483 701 2550 Βοιωτοί
717 2477 754 2547 τό
770 2479 972 2566 ποιεόμενον
987 2479 1103 2563 ἐξαγο-

100 2575 239 2663 ρεόονσι
253 2579 448 2667 Μαρδονίῳ.
477 2574 496 2645 ὑ
518 2574 550 2645 δ’
567 2580 691 2646 ἐπείτε
711 2577 850 2665 ἤκουσε,
876 2574 994 2645 αὐτίκα
1010 2601 1102 2663 μετι-

100 2672 219 2742 στάναι
232 2675 287 2741 καί
307 2669 408 2752 αὑτός
427 2675 579 2763 ἐπειρᾶτο
600 2674 762 2762 παράγων
781 2672 859 2754 τοὺς
872 2678 1004 2761 Πέρσας
1020 2669 1103 2740 κατά

100 2769 179 2850 τοὺς
192 2775 487 2858 Λακεδαιμονίους.
512 2770 556 2853 ὡς
573 2771 610 2842 δὲ
627 2779 733 2861 ἔμαθε
746 2780 844 2842 τοῦτο
859 2778 989 2841 τοιοῦτο
1003 2769 1104 2857 γενό-

99 2896 205 2958 μενον
219 2867 237 2939 ὁ
252 2878 463 2959 Παυσανίης,
478 2870 581 2959 γνοὺς
597 2871 648 2941 ὅτι
663 2869 705 2941 οὑ
719 2871 902 2956 λανθάνει,
920 2867 1028 2939 ὀπίσοι
1042 2862 1102 2956 ἡγε

100 2964 179 3047 τοὺς
191 2968 404 3056 Σπαρτιήτας
421 2972 474 3038 έπλ
487 2968 525 3040 τό
540 2968 652 3051 δεξιόν
666 2974 779 3057 κέρας·
806 2967 851 3048 άς
872 2966 904 3036 δ’
922 2966 1031 3047 αὑτως
1048 2968 1103 3034 καί

100 3064 119 3135 ὑ
132 3065 327 3152 Μαρδόνιος
341 3070 394 3136 έπὶ
408 3075 469 3136 τοῦ
484 3065 672 3155 εὑωνάμυν.
696 3067 782 3137 Ἐπεὶ
798 3067 834 3137 δὲ
849 3071 1051 3153 κατέστησαν
1067 3066 1100 3143 ές
1118 3084 1156 3139 45

99 3164 157 3248 τὰς
172 3163 309 3255 άρχαίας
325 3167 427 3254 τάξις,
442 3170 573 3254 πέμψας
587 3165 606 3236 ὑ
619 3167 816 3257 Μαρδόνιος
831 3167 962 3256 τιὴρυτια
979 3167 1012 3244 ές
1026 3160 1105 3241 τοὺς

100 3265 321 3354 Σπαρτιὴτας,
336 3271 429 3353 ἔλεγε
442 3266 537 3336 τάδε·
556 3261 594 3336 Ὠ
604 3268 874 3355 Λακεδαιμόνιοι,
890 3263 984 3352 ὑμεῖς
995 3260 1036 3351 δὴ
1049 3264 1105 3332 λε’-

99 3377 202 3452 γεσθε
223 3363 308 3434 εἶναι
331 3364 454 3455 ἄνδρες
473 3365 604 3454 ἄριστοι
625 3364 691 3436 ὑπὸ
713 3375 781 3436 τῶν
801 3370 878 3455 τὴδε
898 3363 1104 3452 ἀνθρώπων,
1188 3358 1190 3365 ’

99 3464 375 3551 έιιπαγλεομένοιν
391 3462 436 3546 άς
452 3463 530 3534 οὑτε
546 3464 688 3553 φεύγετε
705 3467 741 3534 ἐκ
756 3467 903 3550 πολέμου
918 3460 996 3530 οὔτε
1010 3461 1105 3542 τάξιν
