2588 3926
1105 9 1279 209 q

242 437 408 524 βάρβαροι
423 433 523 503 οὐδὲν
537 440 584 504 ἔτι
595 449 712 521 στῖφος
722 436 921 522 ἐποιήσαντο
937 437 1098 516 πεσόντος
1113 448 1180 507 τοῦ
1194 448 1252 509 τεί·

243 563 317 626 χεος
331 533 408 605 οὔτε
419 563 468 616 τις
479 534 591 604 αὐτῶν
601 533 704 622 ἀλκής
715 537 888 622 ἐμέμνητο,
903 533 1090 618 ἀλύκταζόν
1102 566 1140 607 τε
1154 536 1251 609 οἷαέν

185 692 197 700 -
245 637 346 731 ὀλίγῳ
362 639 459 731 χοίρῳ
474 641 702 726 πεφοβημένοι
717 663 752 706 τε
768 641 822 706 καί
834 642 953 708 πολλαί
963 639 1129 725 μυριάδες
1143 666 1248 709 κατει-

244 741 383 827 λημέναι
403 736 606 823 ἀνθρώπων.
640 745 751 824 παρῆν
777 762 812 804 τε
833 752 918 807 τοῖσι
934 736 1069 824 Ἕλλησι
1089 741 1246 824 φονεύειν

244 843 333 912 οὕτω
346 840 429 909 ὥστε
443 840 621 927 τριήκοντα
635 841 812 927 μυριάδων
826 846 981 927 στρατοῦ,
995 845 1246 911 καταδεουσέων

242 945 418 1029 τεσσέρων,
429 938 488 1017 τάς
497 944 582 1025 έχων
594 935 791 1024 Ἀρτάβαζος
802 943 935 1024 ἔφευγε,
946 944 1015 1005 τάν
1025 946 1160 1015 λοιπῶν
1170 942 1245 1026 μηδὲ

242 1052 329 1126 τρεῖς
344 1037 495 1126 χιλιάδας
508 1038 756 1123 περνγενέσθαι.
786 1040 1063 1122 Λακεδαιμονίων
1076 1036 1115 1104 δὲ
1130 1038 1245 1104 τῶνέκ

241 1137 400 1224 Σπάρτης
411 1133 587 1205 ἀπέθανον
599 1139 633 1202 οί
645 1134 768 1212 πάντες
783 1129 871 1223 ἔντη
856 1140 1032 1223 συμβολή
1047 1129 1094 1212 εἷς
1108 1137 1168 1204 καὶ
1180 1137 1245 1203 ένε-

241 1238 398 1327 νήκουτα,
417 1237 606 1322 Τεγεητέων
618 1232 654 1301 δέ
666 1230 874 1319 έκκαίδεκα,’
868 1240 1055 1363 Αθηυαίων
1066 1231 1104 1301 δὲ
1119 1235 1187 1302 δύο
1198 1234 1244 1302 καλ

244 1333 459 1420 πεντήκοντα.

192 1447 225 1507 'Il
323 1433 513 1521 Ἠρίστευσε
528 1435 565 1501 δὲ
578 1441 646 1500 των
659 1432 844 1521 βαρβάρων
860 1456 901 1499 πε
903 1430 956 1513 ζδς
903 1431 1032 1517 ζμδν
1046 1427 1243 1515 ὁΠερσέων,

240 1535 341 1609 ἵππος
355 1528 421 1598 δέ’
403 1557 424 1617 η
438 1533 589 1613 Σακέων,
605 1526 690 1614 ἀνήρ
707 1529 743 1596 δέ
758 1531 886 1614 λέγεται
898 1527 1111 1614 Μαρδόνιος·
1131 1524 1244 1613 Ἐλλή-

239 1655 311 1696 νων
328 1628 381 1713 δέ,
402 1624 544 1713 ἀγαθῶν
564 1628 758 1714 γενομένων
779 1630 835 1695 καὶ
858 1627 1049 1713 Τεγεητέων
1070 1627 1127 1693 καὶ
1144 1622 1244 1708 Ἀθη-

239 1733 361 1811 ναίων,
382 1722 630 1812 ὑπερεβάλοντο
652 1722 753 1813 ἀρετή
769 1722 1037 1809 Λακεδαιμόνιοι.
1072 1718 1164 1811 ἀλλω
1186 1720 1243 1807 μὲν

239 1814 1161 1914 ούδενλέχωἀποσημήνασθαι(όι’παντεςγάροὖτοιτοάς
1171 1820 1239 1888 κατ’
1278 1890 1279 1897 ,

238 1923 384 2004 ἑωυτούς
398 1927 545 2012 ἐνίκων),
563 1922 615 1993 ὅτι
630 1924 668 1990 δὲ
681 1919 765 1990 κατά
779 1947 816 1989 το
804 1919 1049 2008 ίσχυρότατον
1064 1924 1238 2007 προσηυεί-
1278 1918 1279 1949 ³

237 2036 369 2127 ηθησαυ
384 2024 583 2092 καὶτούτων
599 2021 795 2142 ἐκράτησαν.
820 2019 912 2089 καλ”
889 2038 1023 2109 αριστος
1036 2021 1169 2142 ἐγένετο
1180 2047 1236 2106 μα-

237 2151 304 2216 κρςο
293 2121 553 2211 Ἀριστόδημος
564 2118 647 2189 κατά
658 2121 795 2208 γυάμας
805 2118 864 2199 τάς
874 2115 1079 2208 ήμετέρας,“
1059 2144 1097 2198 ος
1108 2120 1145 2187 έκ
1158 2128 1238 2206 Θερ-

243 272 306 335 322
626 276 878 335 HERODOTI

238 2223 416 2308 μοπυλέων
435 2228 560 2307 μοῦνος
579 2226 648 2287 τῶν
664 2224 865 2306 τριηκοσίων
885 2219 1007 2313 σωθεὶς
1027 2214 1091 2304 εἶχε
1113 2215 1238 2295 ὄνειδος
1276 2282 1277 2315 ,

237 2323 293 2388 καὶ
307 2316 449 2405 ἀτιμίην.
473 2341 554 2403 μετα
542 2313 606 2385 δὲ
620 2323 741 2385 τοῦτον
755 2312 956 2404 ήρίστευσαν
969 2314 1197 2392 Ποσειδώνιός
1207 2339 1238 2381 τε

237 2420 293 2485 καί
303 2414 482 2484 Φιλοκύων
496 2410 570 2482 καλ’
564 2414 809 2501 Αμομφάρετος
819 2414 1038 2501 Σπαρτιήτης.
1063 2421 1172 2482 καίτοι
1187 2441 1238 2499 γε·

237 2516 380 2600 νομέυης
399 2510 558 2600 λέσχης“
538 2539 575 2592 ος
593 2511 782 2601 γένοιτο’
741 2540 853 2581 αυτων
869 2513 1019 2601 ἀριστος,
1040 2519 1195 2599 έγυωσαν
1210 2515 1238 2580 οί

237 2610 504 2698 παραγενόμενοι
522 2616 762 2699 Σπαρτιητέων
779 2610 1018 2699 Ἀριστόδημον
1037 2612 1099 2697 μέν
1116 2613 1238 2699 βουλό-
1274 2662 1275 2665 ¹

236 2736 341 2801 μενον
356 2718 510 2799 φανερῶς
530 2709 718 2781 ἀποθανεῖν
738 2716 775 2783 έκ
791 2720 849 2800 τής
868 2710 1058 2799 παρεούσης
1077 2716 1113 2778 οί
1125 2717 1235 2799 αἰτίης,

236 2809 411 2879 λυσσῶντά
425 2836 462 2878 τε
477 2813 532 2878 καί
546 2812 722 2879 ἐκλιπόντα
736 2808 798 2898 τήν
811 2810 906 2890 τάξιν
921 2814 1001 2896 ἔργα
1012 2805 1236 2891 ἀποδέξασθαι
1273 2814 1274 2817 ’

236 2906 380 2993 μεγάλα,
401 2908 632 2999 Ποσειδάνιον
653 2909 689 2977 δέ
715 2906 757 2977 ού
777 2908 988 2995 βουλόμενον
1007 2905 1236 2996 ἀποθνήσκειν
1272 2962 1273 3007 ,

235 3002 343 3091 ἀνδρα
358 3009 518 3091 γενέσθαι
532 3005 683 3093 ἀγαθόν·
705 3009 853 3097 τοσούτω
867 3015 988 3076 τοῦτον
1003 3005 1088 3075 εἶναι
1103 3007 1234 3095 ἀμείνω.
1272 3020 1273 3049 ¹

235 3101 317 3173 ἀλλά
335 3110 437 3170 ταῦτα
457 3104 519 3189 μὲν
542 3108 596 3173 καί
619 3108 741 3199 φθόνῳ
763 3101 808 3174 ἀν
829 3116 971 3194 είποιεν,
997 3100 1091 3175 οὖτοι
1110 3109 1146 3176 δέ
1162 3105 1236 3185 τούς
1271 3096 1272 3179 ἀ

234 3205 387 3279 κατέλεξα
400 3201 536 3289 πάντες,
548 3203 637 3291 πλήν
648 3201 899 3292 Ἀριστοδήμου,
912 3211 980 3273 τῶν
991 3201 1271 3291 ἀποθανόντων
1271 3188 1272 3233 ¹

233 3303 271 3367 έν
285 3300 388 3387 ταύτη
398 3307 438 3389 τῇ
452 3302 548 3392 μάχη,
567 3311 668 3391 τίμιοι
683 3306 849 3392 ἐγένοντο,
861 3302 1144 3390 Ἀριστόδημοςδέ
1156 3313 1239 3393 βου-

233 3399 372 3484 λόμενος
382 3397 569 3469 ἀποθανεῖν
580 3402 684 3472 διά
647 3433 710 3493 την
721 3408 969 3492 προειρημένην
980 3430 1000 3471 α
1001 3409 1088 3490 ίτίην
1099 3402 1166 3475 ούκ
1175 3410 1240 3476 ἐτι-

188 3505 220 3564 72
236 3495 338 3580 μήθη
363 3487 516 3602 Οὗτοιμέ
519 3526 539 3566 ν
549 3507 618 3569 τῶν
629 3505 856 3592 ένΠλαταιήσι
872 3500 1156 3587 ούνομαστότατοι
1169 3508 1240 3591 ἐγέ-
