2606 3930
214 258 276 335 672
587 269 841 333 nssssonorl

213 432 366 523 λέγουσι,
388 434 477 521 μίξιν
497 431 534 502 66
555 433 726 502 ἐπίκοινον
749 438 817 502 τῶν
839 438 1013 521 γυναικῶν
1034 430 1215 520 ποιεῦνται,

214 530 293 601 οὔτε
314 532 545 612 συνοικέοντες
564 531 733 620 κτηνηδόν
753 558 789 600 τε
810 531 1016 621 μισγόμενοι.
1051 530 1153 603 ἐπεάν
1178 532 1215 600 66

108 640 111 647 '
213 632 348 718 γυναικὶ
371 626 409 697 τδ
435 633 571 699 παιδίον
598 626 707 716 άδρδν
728 633 881 721 γένηται,
915 632 1155 719 συμφοιτέουσι
1181 630 1215 707 ἐς

213 725 319 798 τάυτο
308 724 370 797 ολ
384 725 505 816 ἄνδρες
517 733 631 816 τρίτου
646 724 761 816 μηνός
790 732 847 799 καλ
859 735 906 822 τῷ
921 724 965 797 ἂν
979 737 1056 818 οίκη
1068 735 1136 797 τῶν
1151 724 1214 797 άν-

214 824 352 917 δρων
318 853 355 895 το
373 831 525 915 παιδίον,
546 827 669 897 τούτου
683 841 760 908 παις
776 833 950 918 νομίζεται.

149 945 194 999 ιδι
283 917 402 995 Οὗτοι
419 929 482 1014 μὲν
496 930 531 995 οί
543 925 814 1050 παραθαλάσσιοι
825 933 894 995 τῶν
904 924 1064 1047 νομάδων
1074 924 1213 1015 Λιβύων

213 1026 372 1115 εί,ρέαται
388 1022 473 1115 ὑπὲρ
488 1026 524 1096 66
535 1025 665 1095 τούτων
680 1028 714 1107 ές
726 1026 911 1114 μεσόγαιαν
924 1054 944 1114 η
931 1021 1131 1113 ’θηριύδης
1145 1025 1213 1094 έστλ

212 1120 379 1211 Λιβύη,’
362 1125 425 1193 υπδ
427 1150 447 1212 ρ
462 1124 499 1193 66
496 1192 499 1199 ,
512 1131 570 1211 τῆς
583 1123 771 1212 θηριοόδεος
787 1121 900 1215 ὀφρύη
912 1125 1051 1212 ψάμμου
1065 1121 1210 1212 κατήκει,

211 1222 457 1314 παρατείνουσα
467 1221 533 1293 άπδ
541 1223 968 1313 ΘηβέωντοδνΑίγυπτιέων
978 1218 1025 1292 έιί
1029 1222 1212 1308 ’Ἡρακλέας

211 1322 340 1413 στήλας.
362 1327 400 1392 έν
413 1325 449 1393 66
460 1330 500 1414 τῇ
512 1320 625 1413 ὀφρύη
635 1324 739 1412 ταύτη
751 1324 893 1411 μάλιστα
904 1321 960 1393 διδ
972 1328 1052 1393 δέκα
1062 1323 1212 1411 ἡμερέων

211 1419 295 1491 ὁδοῦ
312 1419 392 1503 ἁλός
406 1425 475 1493 ἔστι
488 1422 618 1509 τρύφεα
636 1420 718 1491 κατὰ
737 1422 904 1510 χόνδρους
916 1422 1083 1512 μεγάλους
1100 1425 1138 1491 έν
1151 1447 1211 1490 κο-

211 1528 363 1607 λωνοῖσι,
386 1523 441 1590 καί
462 1522 500 1589 έν
520 1528 690 1611 κορυφῇσι
710 1521 852 1590 ἑκάστου
872 1528 933 1591 τοῦ
952 1527 1106 1592 κολωνοῦ
1126 1517 1211 1590 ἄνα-

210 1622 350 1700 κοντίζει
374 1619 412 1686 έκ
435 1619 540 1705 μέσου
560 1625 622 1687 τού
643 1616 724 1699 ἁλός
744 1618 837 1709 ύδωρ
864 1617 993 1709 ψυχρόν
1013 1623 1069 1690 καλ
1088 1622 1210 1707 γλυκύ,

210 1716 285 1801 περὶ
297 1715 333 1784 66
344 1711 425 1784 αύτδ
437 1714 614 1806 ἅνθρωποι
625 1721 771 1788 οἰκέουσι
781 1726 911 1807 ἔσχατοι
921 1716 1006 1808 πρός
1014 1728 1073 1808 της
1083 1718 1211 1808 ἐρήμου

209 1816 265 1883 καλ
285 1810 369 1904 ὑπὲρ
393 1821 451 1902 τῆς
464 1815 669 1905 δηριύδεος,
690 1824 816 1907 πρῶτοι
831 1818 895 1908 μὲν
914 1815 978 1903 ἀπό
994 1820 1133 1908 Θηβέων
1153 1814 1209 1884 διά

211 1916 291 1984 δέκα
307 1910 458 2003 ἡμερέων
474 1911 559 1984 δδού
575 1911 813 2007 Ἀμμώνιοι,
836 1923 965 2006 ἔχοντες
983 1915 1020 1988 τό
1045 1913 1121 2006 ίρόν
1142 1912 1208 1985 άπὸ

210 2020 271 2083 τοῦ
285 2015 447 2104 Θηβαιέος
461 2017 561 2098 Διός·
582 2019 637 2086 καὶ
653 2016 719 2107 γάρ
734 2016 770 2088 τδ
787 2022 824 2099 έν
834 2020 980 2110 Θήβησι,
996 2016 1040 2100 ὡς
1053 2021 1108 2087 καλ
1123 2016 1208 2104 πρό·

210 2136 308 2205 τερον
334 2121 463 2203 εἴρηταί
480 2141 553 2204 μοι,
582 2118 842 2241 κριοπρόσωπον
866 2126 927 2188 τού
943 2115 1028 2200 Διός
1051 2114 1208 2205 τύμαλμό

209 2215 287 2283 έστι
311 2213 466 2301 τυγχάνει
482 2215 518 2286 66
532 2217 588 2286 καὶ
602 2215 683 2287 άλλο
701 2238 763 2305 σφι
783 2217 875 2309 ὕδωρ
891 2235 1053 2309 κρηναῖον
1073 2216 1147 2306 έδν,
1169 2213 1208 2285 τό

209 2309 269 2381 τόν
283 2309 377 2400 μέν’
356 2323 487 2402 ορθρον
498 2321 625 2402 γίνεται
634 2312 827 2405 χλιαρόν,’
807 2320 977 2406 αγορήςδὲ
988 2317 1208 2408 πληθυούσης
1289 2382 1290 2395 ,

211 2407 434 2503 ψυχρότερον
461 2419 647 2501 μεσαμβρίη
662 2416 701 2482 τέ
711 2414 796 2501 έστι,
817 2413 927 2535 κριλ
893 2442 930 2485 το
953 2416 1059 2505 κάρτα
1077 2423 1207 2539 μίνεται
1289 2412 1290 2451 ⁷

210 2511 349 2631 ψυχρόν.
378 2514 560 2595 τηνικαῦτα
581 2511 618 2579 66
632 2508 774 2599 ἄρδουσι
795 2508 875 2591 τούς
893 2512 1037 2602 κήπους·
1066 2512 1208 2584 άποκλι-

209 2606 351 2694 νομένης
364 2605 401 2676 66
415 2615 472 2711 τής
485 2605 609 2701 ἡμέρης
626 2608 757 2681 υπίειοιι
773 2617 834 2682 τού
849 2620 995 2702 ψυχροῦ,
1011 2610 1080 2696 ές“
1059 2639 1078 2682 ο
1092 2613 1209 2683 δύεταί

208 2729 242 2773 τε
256 2700 312 2774 6
290 2714 382 2793 ηλιος
397 2702 451 2778 καί
470 2705 508 2778 τδ
529 2707 622 2799 ὕδωρ
637 2717 763 2797 γίνεται
776 2712 931 2800 χλιαρόν·
953 2713 1006 2781 ἐπὶ
1020 2712 1058 2783 66
1076 2718 1205 2800 μᾶλλον

207 2800 261 2872 ίδν
281 2801 368 2883 ές
334 2831 371 2874 το
391 2803 524 2895 θερμόν
540 2810 574 2889 ές
592 2810 756 2897 μέσας’
710 2836 835 2892 νυκτας
855 2810 1002 2900 πελάζει,
1023 2818 1205 2935 τηνικαῦτα

207 2901 326 2983 δδζέει
349 2899 564 2993 άμβολύδην
595 2913 819 2999 παρέρχονταί
835 2935 871 2978 τε
890 2914 987 2998 μέσαι
1009 2911 1128 2991 νύκτες
1150 2911 1204 2980 καὶ

207 3002 343 3090 ψύχεται
357 3004 452 3095 μέχρι
466 3003 535 3085 ές’
516 3011 574 3094 ηύ.
598 3009 772 3097 ἐπίκλησιν
786 3008 823 3078 δ
834 3005 948 3098 αύτη“
931 3036 953 3099 η
967 3009 1074 3100 κρήνη
1090 3010 1205 3080 καλέε-

140 3115 188 3172 182
205 3128 256 3171 ται
276 3097 383 3191 ἡλίου.
427 3101 525 3173 Meu>
547 3102 609 3174 66'
604 3114 822 3196 Αμμωνίους,
845 3106 901 3177 διὰ
920 3114 978 3196 τῆς
998 3105 1129 3196 ὀφρύης
1148 3114 1205 3194 ιής

205 3200 344 3292 ψάμμου
358 3199 405 3272 δι’
420 3201 532 3275 αλλων
542 3208 623 3273 δέκα
633 3203 785 3295 ημερέων
796 3203 896 3297 οδοῦ
919 3206 1067 3287 κολωνος
1077 3232 1113 3275 τε
1124 3202 1205 3285 αλυς

205 3304 273 3370 ἐστι
288 3298 447 3396 δμολος
415 3329 461 3371 τοι
447 3300 645 3396 Ἀμμωνίῳ
662 3309 718 3376 καλ
733 3303 843 3428 ὕδωρ,
865 3307 920 3375 καὶ
936 3301 1114 3393 άνδρωποι
1128 3305 1204 3386 περὶ

204 3395 309 3470 αύτδν
330 3372 492 3470 οίκέούσι
519 3429 564 3492 τῳ
550 3403 622 3472 66
641 3404 739 3496 χύρφ
758 3402 866 3496 τούτφ
889 3400 1019 3491 ούνομα
1040 3399 1204 3490 Αὔγιλα

107 3544 110 3549 -
202 3501 280 3573 ἐστι.
310 3501 343 3580 ές
357 3505 477 3571 τοῦτον
498 3499 557 3571 τόν
576 3511 686 3591 χῶρον
709 3506 744 3574 οί
760 3509 966 3595 Νασαμῶνες
981 3499 1204 3595 ὀπωριεῦντες
