2588 3926
203 247 266 313 316
581 241 833 300 HERODOTI

202 412 340 495 ριείχετο
354 401 461 472 αύτον
445 404 641 489 μ’ἐνοντας
653 426 699 488 μη
686 395 917 469 ἐκλιπελν
879 424 943 485 την
955 398 1058 477 τάξιν.
1089 420 1214 485 τροτε·
1278 392 1279 463 ἶ

203 502 351 590 ρεόντων
365 502 402 572 δδ
416 508 484 571 τῶν
498 497 566 569 σύν
582 504 778 586 Παυσανίῃ,
794 496 978 577 καταδόξας
990 492 1118 574 αύτούς
1134 498 1279 584 ma
1278 520 1279 619 χ

201 607 298 692 τίχνη
312 599 490 671 ἀπολιπεῖν
503 594 627 685 αύτόν,
648 590 911 684 ἀναλαβόντα
876 618 937 662 τον
951 593 1052 679 λόχον
1063 590 1107 660 τά
1123 590 1211 661 ὅπλα

201 695 262 791 ἦγε
276 702 386 790 βάδην
400 699 486 788 τρός
498 696 537 767 τό
553 695 635 766 ἄλλο
652 709 778 782 στῖφος.
805 719 843 761 το
832 690 896 759 δ“έ
909 687 1098 760 άπελθόν”
1076 709 1164 758 οσον
1176 714 1210 757 τε

201 803 281 870 δέκα
294 798 413 866 στάδια
427 790 618 882 άνέμενε
583 817 645 860 τον
654 789 907 880 Ἀμομφαρέτου
922 789 1042 877 λόχον,
1056 791 1137 874 περὶ
1147 813 1209 856 πο-

200 896 308 985 ταμόν
321 895 500 966 Μολόεντα
514 889 720 981 ίδρυμένον’
713 890 903 978 Λρχιόπιόν
917 914 954 958 τε
965 897 1078 977 χῶρον
1088 885 1208 959 καλεό-

200 1024 315 1088 μενον,
327 1025 367 1089 τη
352 999 433 1066 καὶ
442 993 625 1083 Δήμητρος
637 981 1050 1078 Ἑλευσινίηςίρόνῆσται·
1066 986 1279 1074 ἀνέμενε

201 1098 236 1167 δέ
258 1098 405 1166 τούδεῖ
374 1120 389 1165 ε
404 1118 519 1177 νεκεν,
538 1086 635 1159 ίνα
613 1117 657 1179 ην
671 1088 717 1178 μη
738 1088 886 1179 άπολίιιη
900 1086 962 1158 τόν
976 1095 1089 1176 χοῖρον
1109 1091 1150 1156 ἐν
1163 1097 1209 1178 ιφ

201 1191 407 1285 ἐτετάχατο
393 1221 411 1264 ο
431 1191 681 1360 Ἀμομφάρετός
702 1217 738 1260 τε
757 1187 848 1259 καί
833 1216 852 1258 ο
873 1189 986 1277 λόχος,
1010 1185 1085 1258 ἀλλ’
1101 1186 1210 1257 αύτού
1278 1180 1279 1265 λ

200 1303 335 1387 μένωσι,
350 1290 521 1382 βοηδέοι’
504 1316 548 1360 οπ
548 1296 611 1360 ίσω
621 1314 689 1376 παρ
692 1288 874 1368 ’ἐκείνους
895 1289 950 1357 καλ
960 1291 997 1357 οἳ
1004 1314 1041 1356 τε
1050 1285 1183 1374 αμφὶ
1148 1313 1210 1356 τον

197 1393 449 1483 Ἀμομφάρετον
464 1387 688 1477 παρεγίνοντό
699 1409 772 1476 σφι,
790 1384 876 1456 κάλ’
858 1414 880 1475 η
890 1384 1020 1466 λαπος’
1002 1414 1024 1474 η
1037 1392 1108 1455 τεόν
1120 1393 1209 1475 βαρ-
1278 1372 1279 1423 ¹

199 1495 316 1584 βάρων
337 1492 535 1579 προσεκέετο
556 1495 655 1557 πᾶσα.
689 1491 724 1556 οί
741 1485 806 1574 γάρ
823 1485 959 1555 ίππόται
980 1487 1116 1553 ἐποίευν
1133 1478 1208 1552 οἷον

199 1596 255 1662 καλ
272 1592 426 1661 ἐόδεσαν
438 1593 564 1657 ποιέειν
581 1594 618 1657 αί
603 1591 698 1674 ί,ίελ
684 1587 812 1667 ίδόντες
832 1591 869 1656 δὲ
888 1584 949 1655 τόν
964 1592 1075 1674 χῶρον
1089 1584 1207 1656 κεινὰν

200 1691 302 1780 ἐντῷ
321 1685 492 1774 ἐτετάχατο
513 1690 549 1754 ol
562 1682 729 1771 Ελληνες
739 1692 814 1775 τῇσι
830 1686 1026 1775 προτέρῃσι,
1051 1681 1279 1772 ἤλαυνον
1278 1750 1279 1793 ,

199 1784 278 1866 τούς
291 1787 415 1864 ἵππους
429 1786 493 1853 αίεὶ
506 1782 544 1853 τό
559 1784 675 1871 πρόσω
690 1787 744 1853 καί
756 1783 826 1872 ἅμα
840 1783 1084 1873 καταλαβόντες
1096 1802 1194 1874 προσ·
1278 1802 1279 1875 η

1278 1994 1279 2037 ι

200 1882 316 1956 εκέατό
330 1904 401 1970 σφι.

151 2002 186 2055 58
285 1980 482 2068 Μαρδόνιος
496 1980 533 2050 δέ
544 1978 589 2060 ὡς
599 1981 745 2051 ἐπύθετο
760 1979 840 2062 τούς
846 1980 1009 2069 Ἕλληνας
1024 1980 1204 2071 άαοιχομέ-
1278 2044 1279 2069 ,

201 2106 283 2161 νους
299 2076 366 2148 ὑπό
381 2080 489 2147 νύκτα
507 2076 576 2146 εἶδέ
585 2104 621 2146 τε
636 2077 696 2148 τόν
710 2085 820 2165 χῶρον
834 2082 976 2167 ἐρῆμον,
991 2084 1132 2160 καλέσας
1145 2079 1204 2150 τόν
1278 2078 1279 2117 ³

200 2189 384 2265 Ληρισαῖον
398 2174 543 2261 Θύρηκα
557 2178 612 2244 καὶ
626 2174 705 2256 τούς
718 2173 904 2264 ἀδελφεούς
919 2174 1025 2246 αύτοῦ
1038 2174 1204 2264 Εύρύπυ-

202 2285 262 2344 λον
276 2275 332 2343 καλ
347 2273 560 2360 Θρασυδήιον
576 2279 684 2360 ἔλεγε·
701 2268 741 2342 Ὦ
755 2279 870 2353 παῖδες
880 2272 1031 2362 Ἀλεύεω,
1047 2280 1096 2344 ἔτι
1106 2281 1142 2343 τί
1148 2277 1205 2343 λε’-

202 2378 271 2454 ξετε
282 2371 360 2440 τάδε
375 2368 526 2457 ὁρέοντες
537 2372 659 2458 ἔρηται
674 2370 769 2459 ύμείς
779 2369 843 2458 γὰρ
856 2376 889 2440 οἱ
898 2372 1120 2460 πλησιόχωροι
1131 2375 1204 2442 ἐλέ·

200 2498 275 2561 χετε
284 2473 569 2556 Λακεδαιμονίους
584 2469 626 2539 ού
641 2472 781 2559 φεύγειν
792 2475 829 2540 ἐκ
843 2471 964 2558 μάχης,
982 2469 1066 2541 ἄλλά
1077 2470 1205 2559 ἄνδρας

199 2563 337 2639 εἶναιτὰ
351 2567 493 2654 πολέμια
505 2567 678 2658 κράτους,
693 2567 773 2649 τούς
783 2569 949 2656 πρότερόν
961 2583 997 2637 τε
1008 2574 1205 2657 μετισταμέ-

198 2694 280 2748 νους
295 2670 331 2751 ἐκ
345 2673 402 2755 τῆς
412 2667 522 2750 τάξιος
535 2672 655 2756 είδετε,
672 2675 738 2737 νύν
749 2694 785 2736 τε
800 2664 867 2735 ὑπό
878 2665 941 2755 τὴν
954 2669 1204 2755 παροιχομένην

198 2768 304 2835 νύκτα
319 2769 375 2834 καλ
395 2770 430 2835 οί
448 2767 571 2848 πάντες
585 2764 727 2855 ὁρέομεν
744 2766 961 2852 διαδράντας·
988 2764 1141 2847 διέδεξάν
1154 2791 1202 2852 τε,

198 2868 272 2934 ἐπεί
290 2885 394 2950 σφεας
411 2869 482 2936 έδεε
502 2865 585 2951 πρός
601 2863 681 2947 τούς
700 2864 870 2947 άύευδέως
889 2862 1046 2951 άρίστους
1062 2862 1203 2953 ἄνδρά-

198 2987 273 3030 ττων
286 2962 374 3052 μάχη
389 2967 622 3052 διακριθῆναι,
638 2963 690 3033 ότι
700 2962 837 3043 ούδένες
846 2961 912 3050 άρα
925 2962 1036 3042 ἐόντες
1050 2964 1087 3032 ἐν
1098 2958 1203 3032 ούδα-

197 3073 288 3147 μοίσι
302 3062 395 3130 ἐοῦσι
403 3059 538 3147 Ἕλλησι
553 3061 843 3131 ἐναπεδεικνύατο.
866 3063 922 3129 καλ
935 3059 1017 3148 ὑμίν
1030 3061 1094 3149 μέν
1108 3060 1202 3130 ἐοῦσι

197 3160 356 3244 Περσέων
370 3155 536 3245 ἀπείροισι
551 3159 656 3246 πολλὴ
674 3166 711 3228 ἔκ
725 3185 764 3247 γε
775 3161 855 3247 ἐμεῦ
867 3161 993 3245 ἐγίνετο
1007 3157 1201 3246 συχχνύμη,

197 3258 422 3327 ἐπαινεόντων
435 3258 594 3346 τούτους,
608 3268 698 3332 τοῖσί
707 3288 739 3330 τι
753 3263 807 3330 καὶ
822 3262 1020 3350 συνηδέατε·
1039 3257 1202 3347 Ἀρταβά-
1278 3282 1279 3289 “

197 3360 255 3436 ζου
270 3354 306 3423 δέ
321 3363 445 3440 δῶνμα
459 3359 514 3424 καλ
527 3364 658 3444 μᾶλλον
672 3362 854 3449 ἐποιεύμην
865 3358 902 3429 τό
917 3362 973 3429 καί
985 3362 1202 3445 καταρρωδη-

195 3470 253 3518 σαι
267 3454 571 3542 Λακεδαιμονίους,
596 3457 899 3547 καταρρωδήσαντά
918 3482 954 3526 τε
974 3454 1202 3538 άποδέξασδαι
