2618 3928
237 248 240 255 ’
340 248 425 303 LIB.
457 246 516 300 Vll.
551 243 649 300 CAP.
684 244 901 312 9,3-10,7.
1057 237 1117 300 129

113 405 236 477 δεινόν.
266 401 347 492 Ἐριδ
363 405 400 473 δὲ
415 401 554 492 οὐδεμιῇ
565 406 666 488 σοφίη
677 404 786 488 οίκηΐη
801 396 900 478 αὐτὸς
913 404 1017 467 ταῦτα
1031 418 1118 483 συμ·
1133 410 1151 466 3

8 506 10 527 9
114 509 295 596 βιὶλλομαι,
317 501 391 574 ἀλλ’
409 498 482 573 οἷόν
503 527 579 571 κοτε
595 498 697 587 ἡμέας
715 495 770 567 ὀλί
767 524 831 584 μου
848 497 961 584 ἐδέησε
975 505 1120 566 καταλα·
1158 561 1161 566 Α

8 618 9 621 ’
113 615 187 694 βεῑυ
201 601 359 690 ποίθος,“
339 627 394 671 οτε
407 599 515 690 πατὴρ
531 597 619 678 ὃσὸς
630 596 931 683 ζεύξαςΒόσπορου
944 593 1005 665 τδυ
1016 603 1120 684 Θρηΐ-

112 728 206 789 κιου,
223 697 425 788 γεφυρώσας
439 701 475 768 δὲ
490 695 641 784 ποταμὸν
649 693 782 783 Ἴστρον
796 698 890 817 διέβη
904 697 958 764 ἐπὶ
967 695 1117 774 Σκύθας.

8 802 10 859 ἐ
112 802 187 869 τότε
207 812 359 869 παντοῖοι
376 801 530 886 ἐγένοντο
545 794 685 867 Σκύθαι
697 793 859 880 δεόμενοι
877 789 999 862 Ἴύναυ
1019 799 1120 862 λῦσαι

114 898 174 970 τὸν
191 897 318 986 πόρου,
339 910 425 966 τοισι
447 889 693 980 ἐπιτέτραπτο
674 919 695 979 η
713 888 846 978 φυλακὴ
861 897 929 960 τῶν
943 893 1120 978 γεφυρέων

112 1027 174 1071 του
159 998 324 1087 ”.Ιστρου
346 995 454 1066 καδ’
415 1021 491 1064 τοτε
500 1022 539 1082 με
549 989 725 1071 Ιστιαίος
710 1018 728 1061 ο
741 989 897 1079 Μιλήτου
911 991 1077 1080 τύραννος
1091 996 1121 1061 εί

113 1099 272 1166 ἐπέσπετο
286 1099 355 1163 τῶν
369 1090 481 1163 ἄλλων
491 1092 671 1179 τυράννων
681 1096 722 1179 τῇ
732 1088 851 1178 μυύμη
861 1090 945 1176 μηδέ
955 1085 1118 1177 ηντιύθη,

66 1217 70 1224 ·
114 1188 332 1282 διέρμαστο“
309 1219 354 1260 αν
372 1189 413 1260 τὰ
434 1195 594 1279 Περσέων
613 1190 799 1355 πρήγματα
828 1195 936 1259 καίτοι
955 1192 1011 1259 καὶ
1030 1188 1119 1281 λόγῳ

113 1292 257 1362 ακουσαι
269 1288 400 1377 δειυου
416 1288 470 1358 ἐπ’
483 1287 586 1378 αυδρί
590 1315 629 1375 με
640 1289 689 1356 ευ
699 1285 809 1355 παντα
819 1311 860 1355 τα
848 1284 1022 1375 βασιλέος
1032 1312 1119 1375 πρη

113 1417 223 1480 μματα
236 1395 448 1477 γεγενῆσθαι.
481 1385 537 1457 Σύ
554 1380 603 1455 66
623 1413 667 1473 μη
657 1383 810 1473 βούλευ
832 1389 865 1466 ές
878 1390 1040 1455 κίνδυνον
1056 1414 1120 1473 μη·
1134 1406 1150 1460 4

114 1493 196 1559 δέκα
209 1493 364 1556 τοιοῦτον
375 1483 556 1555 ἀπικέσθαι
567 1479 757 1573 μηδεμιῆς’
738 1483 887 1571 ανέμκης
900 1484 1028 1572 ἐούσης,
1041 1482 1115 1555 ἀλλ’

115 1591 187 1676 ἐμοὶ
201 1592 337 1655 πείθευ·
359 1592 427 1653 νύν
437 1581 541 1671 μὲν
508 1610 567 1652 του
579 1584 746 1669 σύλλογον
756 1580 854 1651 τόνδε
865 1580 1037 1669 διάλυσον,
1055 1577 1119 1651 αύ-

114 1712 162 1764 τις
177 1680 260 1768 66‚'
240 1708 322 1750 οταν
332 1708 384 1751 τοι
395 1684 505 1770 δοκέῃ,
523 1681 798 1770 προσκεψάμενος
809 1682 862 1749 ἐπὶ
872 1688 1022 1750 σεωυτοῦ
1033 1706 1119 1770 προ-

114 1782 257 1871 αγόρευε
270 1779 312 1849 τύ
327 1807 380 1850 τοι
395 1785 504 1851 δοκέει
516 1781 601 1850 εἶναι
616 1779 743 1868 ἄριστα.
767 1778 804 1849 τὸ
820 1779 884 1868 γὰρ
902 1777 941 1850 εὖ
957 1783 1119 1870 βουλεύε-

8 1954 11 1983 ι
115 1894 197 1951 σθαι
213 1882 330 1967 κέρδος
343 1883 499 1967 μέγιστον
514 1879 658 1967 εὑρίσκω
676 1879 748 1948 ἐόν·
764 1886 801 1949 ἐί
814 1879 947 1969 γὰρκαὶ
960 1883 1119 1950 έναυτιοι-

8 1992 10 2067 ,
114 1986 221 2067 θηναί
232 2004 263 2046 τι
279 1980 399 2071 ἐθέλει,
414 1979 634 2066 βεβούλευται
648 1981 710 2066 μέν
722 1976 823 2047 ούδδν
837 1980 937 2048 ἕσσον
948 1973 998 2068 εὖ,
1014 1982 1119 2049 ἕσσω-

114 2105 168 2147 ται
183 2079 220 2144 δὲ
233 2071 300 2144 ὑπὸ
316 2081 374 2163 τῆς
387 2074 489 2165 τύχης
501 2075 539 2145 τδ
555 2079 743 2166 βούλευμα,
760 2075 779 2146 6
798 2077 834 2146 δὲ
849 2080 1120 2166 βουλευσάμενος

8 2184 10 2229 ss
113 2180 273 2263 αἰσχρῶς,
289 2183 323 2242 εί
333 2170 399 2261 οίὴ
416 2174 498 2261 τύχη
514 2177 700 2264 ἐπίσποιτο,
720 2174 848 2265 εὕρημα
864 2175 1001 2265 εὕρηκε,
1020 2180 1119 2247 ἕσσον

8 2338 10 2353 1
112 2297 148 2340 τε
170 2269 272 2343 οὐδέν
293 2276 328 2341 οί
345 2280 456 2354 κακῶς
470 2274 700 2362 βεβούλευται.
740 2271 839 2365 Ὁρᾷς
858 2273 899 2344 τὰ
918 2273 1153 2363 ύπερέχουτασ

8 2414 10 2469 3
112 2376 177 2459 ζῷα
189 2367 233 2450 ὥς
243 2385 407 2460 κεραυνοί
415 2367 434 2440 6
445 2368 528 2452 θεὸς
539 2369 618 2441 0666
632 2375 670 2462 έᾷ
682 2373 919 2462 φαντάζεσθαι,
934 2371 974 2442 τὰ
990 2375 1026 2443 δέ
1040 2393 1118 2461 σμι-

8 2528 10 2535 .
111 2467 177 2556 κρδ
193 2469 294 2539 οὐδέν
310 2498 369 2558 μιν
383 2477 502 2558 κνίζει,
519 2467 601 2560 ὁρᾷς
616 2473 668 2558 δέ,
685 2467 730 2551 ὡς
745 2473 778 2551 ἐς
793 2474 954 2562 οἰκήματα
968 2470 1009 2542 vo}
1024 2475 1119 2560 μέμι-

110 2590 173 2638 στα
190 2574 226 2636 αί
212 2571 254 2636 ίεὶ
275 2572 331 2637 καὶ
346 2572 486 2656 δένδρεα
505 2566 547 2638 τὰ
568 2577 707 2639 τοιαῦτα
723 2567 928 2659 ἀποσκήπτει
949 2569 989 2640 τα
1009 2573 1115 2658 βέλεα.

111 2662 272 2754 φιλέει
231 2691 297 2753 γαρ
312 2664 330 2734 6
345 2665 427 2745 θεὸς
444 2693 484 2735 τα
473 2663 764 2755 ὑπερέχοντα’
716 2693 826 2737 παντα
841 2667 1005 2737 κολούειν.
1029 2667 1118 2789 0666

8 2832 10 2837 ,
111 2762 152 2852 66
174 2765 230 2831 καὶ
250 2761 388 2851 στρατὸς
410 2762 571 2844 πολλὸς’
553 2764 620 2834 υπδ
642 2765 759 2855 ὀλίγου
781 2773 1013 2867 διαφθείρεται
1034 2764 1118 2836 κατὰ

108 2860 258 2931 τοιόνδε
287 2862 389 2930 ἐπεύυ
409 2882 470 2949 σφι
491 2861 607 2945 ὁθεὸς
628 2868 806 2957 φθονησας
823 2867 934 2957 φόβον
949 2863 1118 2958 ἐμβέληῆ

108 2957 273 3052 βροντηυ,
289 2954 380 3029 δι’
353 2964 614 3051 ωνέφθιίρησαυ
630 2963 926 3048 ἀναξίωςέωντῶυ.
950 2964 992 3036 06
1001 2965 1109 3056 μδρ
1080 2968 1118 3035 66

108 3063 268 3151 φρονέειν
281 3057 397 3147 μέγα
382 3087 401 3129 ο
415 3057 497 3140 θεὸς
508 3059 611 3132 ι’ίλλου
627 3092 648 3153 η
635 3059 797 3134 ἰἑωυτόν.
830 3064 1041 3154 Ἐπειχθῆναι
1055 3034 1117 3151 μέν
1133 3080 1149 3134 6

8 3186 10 3191 ·
107 3167 257 3230 υυυπᾶυ
271 3184 407 3247 πρημμα
420 3165 523 3229 τίκτει
538 3161 733 3251 σφάλματα,
750 3167 787 3233 έκ
803 3169 872 3232 τῶν
887 3170 996 3251 ζημίαι
1011 3161 1116 3248 μεμύ-

8 3272 10 3343 ξ
107 3267 163 3326 λαι
179 3258 334 3343 φιλέουσι
347 3258 521 3343 γίνεσθαι,
544 3259 581 3326 έν
596 3261 632 3328 δὲ
646 3267 692 3351 τῷ
706 3262 852 3348 ἐπισχεῖν
867 3266 976 3329 ἔνεστι
990 3255 1114 3345 ἀγαθοὶ,

8 3362 10 3399 ³
108 3361 139 3423 εί
154 3352 198 3442 μὴ
213 3361 402 3443 παραυτίκα
417 3359 578 3425 δοκέοντα
592 3356 694 3446 εἶναι,
710 3357 786 3428 ἀλλ’
802 3356 867 3427 ἀντὶ
881 3357 1007 3446 χρόνον
1022 3351 1118 3435 ἐξεύ-

8 3452 10 3519 ?
107 3477 163 3537 ροι
177 3476 227 3529 τις
238 3448 292 3520 66.
329 3456 393 3522 Σοί
408 3454 471 3540 μέν
485 3451 526 3541 66
541 3463 655 3544 ταῦτα,
673 3450 701 3525 6
714 3463 865 3544 βασιλεῦ,
881 3451 1116 3539 συμβουλεύω,
1133 3466 1149 3521 7

193 3561 292 3601 τουτου.
314 3547 346 3601 H.
961 3551 978 3601 9
