2568 3938
204 194 267 257 ³10
578 196 829 253 HERODOTI

203 352 280 434 κτύς
295 355 516 442 προελήλατο,
532 358 586 423 καὶ
602 352 720 441 ἡσυχίη
737 352 849 422 ἐδόκεε
865 352 949 422 εἶναι
967 351 1032 422 άνά
1052 353 1095 422 τὰ
1114 376 1224 441 στρα·

202 453 325 521 τόπεδα
341 456 396 522 καί
415 453 556 539 μάλιστα
574 457 608 521 oc
623 451 800 538 ἄνθρωποι
819 449 903 520 εἶναι
921 454 959 520 έν
976 450 1094 544 ύπνῳ,
1124 480 1221 540 τηνι-

202 557 308 619 καῦτα
331 551 541 638 προσελάσας
560 555 650 641 ἵππῳ
671 547 755 636 πρὸς
774 548 838 629 τάς,
853 548 1006 637 φυλακάς
1028 548 1090 630 τάς
1113 548 1221 638 Ἀθη-

202 653 307 716 ναίων
328 645 542 736 Ἀλέξανδρος
562 646 580 717 ό
604 645 788 735 Ἀμύντεω,
813 649 995 734 στρατηγός
1015 674 1050 716 τε
1072 647 1149 718 ἔων
1164 652 1219 717 καὶ

201 743 360 834 βασιλεὺς
376 746 609 833 Μακεδόνων,
630 749 754 832 ἐδίζητο
770 759 855 814 τοῖσι
872 761 1085 834 στρατηγοῖσι
1106 750 1145 828 ἐς
1159 749 1219 817 λό-

201 867 283 929 γους
300 844 422 912 ἐλθεῖν.
452 851 519 913 τῶν
537 846 574 914 δὲ
595 845 759 929 φυλάκων
778 848 813 912 οί
828 847 891 931 μὲν
905 851 1046 924 πλεῦνες
1061 851 1220 933 παρέμε·

201 966 281 1027 νον,
296 945 330 1009 oc
343 939 374 1009 δ’
392 948 493 1011 ἔθεον
508 944 561 1012 ἐπὶ
576 942 655 1023 τούς
668 940 890 1029 στρατηγούς,
913 943 1070 1024 ἐλθόντες
1084 946 1128 1014 δέ
1143 952 1218 1015 ἔλε-

201 1066 280 1127 γον,
303 1036 347 1119 όις
363 1038 545 1128 ἄνθρωπος
559 1040 636 1129 ήκοι
658 1038 710 1110 ἐπ’
726 1044 833 1110 ἰ’ππου
847 1045 884 1110 ἐκ
902 1049 962 1109 τοῦ
980 1048 1222 1129 στρατοπέδου

201 1145 262 1208 τοῦ
278 1139 420 1226 Μήδων,
438 1138 570 1220 δςάλλο
585 1142 647 1228 μὲν
662 1137 763 1209 ούδέν
773 1153 991 1226 παραγυμνοῖ
1001 1145 1090 1225 ἔπος,
1106 1161 1222 1228 στρα-

160 1249 191 1304 25
201 1237 324 1327 πηγοὺς
334 1242 371 1308 δὲ
382 1237 578 1327 ούνομάζων
594 1241 725 1309 ἐθέλειν
739 1240 821 1325 φησλ
832 1240 865 1317 ές
874 1237 998 1324 λόγους
1012 1240 1142 1306 ἐλθεῖν.
1173 1245 1224 1308 Οἱ

202 1338 239 1406 δέ
254 1339 324 1406 ἐπεί
338 1343 441 1405 ταῦτα
457 1336 624 1426 ἥκουσαν,
641 1335 759 1406 αὐτίκα
776 1341 908 1404 εἵποντο
920 1339 953 1416 ἐς
968 1334 1026 1416 τάς
1040 1338 1218 1422 φυλακάς.

201 1434 432 1522 ἀπικομένοισι
449 1441 486 1505 δέ
501 1442 592 1522 ἔλεγε
609 1433 822 1521 Ἀλέξανδρος
836 1432 932 1501 τάδε’
951 1432 1091 1520 ’Ἁνδρες
1103 1432 1221 1521 Ἀθη-

201 1547 301 1618 ναῖοι,
316 1535 521 1620 παραθήκην
535 1531 615 1620 ὑμῖν
629 1532 669 1601 τά
684 1539 764 1601 ἔπεα
778 1531 857 1600 τάδε
871 1536 1017 1619 τίθεμαι,
1032 1528 1218 1620 ἀπόρρητα

202 1629 401 1716 ποιεύμενος
414 1630 499 1717 πρὸς
518 1633 645 1718 μηδένα
662 1634 771 1717 λέγειν
792 1627 894 1716 ὑμέας
908 1627 1012 1699 ἄλλον
1026 1623 1048 1716 ή
1065 1636 1218 1698 Παυσα-

201 1735 295 1817 νίην,
317 1728 364 1817 μή
378 1755 419 1816 με
435 1729 489 1798 καὶ
503 1732 737 1814 διαφθείρητε·
764 1723 806 1795 ού
825 1724 890 1813 γάρ
904 1722 949 1794 άν
964 1733 1098 1813 ἔλεγον,
1121 1735 1155 1798 εί
1167 1728 1214 1816 μή

199 1829 351 1917 μεγάλως
369 1829 539 1917 ἐκηδόμην
561 1827 756 1915 συναπάσης
772 1833 830 1915 τῆς
848 1824 1013 1907 Ἑλλάδος,
1047 1825 1156 1908 αὐτός
1178 1854 1214 1896 τε

201 1927 266 2016 γάρ
277 1926 400 2015 Ἕλλην
415 1931 512 2015 γένος
528 1930 592 2015 είμλ
606 1925 779 2015 τώρχαῖον,
797 1928 853 1994 καὶ
867 1923 941 1993 ἀντ’
954 1927 1140 2013 ἐλευθέρης
1156 1932 1214 1996 δε-

202 2029 419 2114 δουλωμένην
436 2025 498 2095 ούκ
512 2021 557 2094 άν
568 2027 716 2112 ἐθέλοιμι
728 2021 813 2112 ὁρᾶν
827 2020 888 2109 τήν
898 2021 1047 2092 Ἐλλάδα.
1070 2024 1165 2110 λέγω
1177 2027 1213 2093 δέ

202 2118 252 2193 όν
274 2124 326 2194 ότι
342 2131 529 2217 Μαρδονίῳ
544 2150 579 2194 τε
594 2127 649 2192 καλ
670 2130 708 2212 τή
724 2128 859 2210 στρατιῇ
879 2119 919 2188 τδι
934 2120 1061 2208 σφάγια
1081 2118 1125 2189 ού
1148 2124 1214 2190 δύ-

201 2250 298 2292 ναται
310 2223 502 2310 καταθύμια
513 2227 688 2309 γενέσθαι·
700 2221 803 2291 πάλαι
814 2217 878 2308 γάρ
891 2215 935 2287 άν
946 2219 1126 2307 ἐμάχεσθε·
1143 2228 1214 2290 νῦν

200 2325 241 2390 δέ
252 2326 286 2390 οί
300 2325 451 2390 δέδοκται
466 2319 506 2388 τά
520 2322 583 2407 μὲν
597 2319 724 2406 σφάγια
741 2321 800 2388 έᾶν
814 2324 952 2405 χαίρειν,
968 2315 1036 2404 ἅμα
1050 2314 1164 2408 ήμέρη
1175 2320 1213 2388 δὲ

199 2418 440 2506 διαφωσκούσῃ
452 2416 626 2505 συμβολήν
638 2420 821 2486 ποιέεσθαι.
835 2414 1072 2503 καταρρώδηκε
1082 2414 1151 2503 γάρ
1164 2415 1211 2503 μή

196 2520 339 2594 πλεῦνες
350 2522 566 2602 συλλεχθῆτε,
580 2513 624 2595 ὡς
635 2513 700 2602 ἔγώ
713 2515 838 2596 εἰκάζω.
862 2511 946 2600 πρὸς
955 2520 1059 2582 ταῦτα
1070 2515 1211 2600 ἑτοιμά-

197 2618 302 2694 ζεσθε.
325 2605 370 2698 ήν
381 2612 417 2679 δέ
428 2610 494 2700 ἄρα
506 2609 734 2700 ὑπερβάληται
746 2609 807 2698 τήν
820 2607 995 2698 συμβολήν
1006 2610 1209 2698 Μαρδόνιος
1269 2628 1270 2669 λ

196 2711 251 2778 καὶ
266 2705 310 2795 μή
332 2712 499 2796 ποιέηται,
524 2713 696 2798 λιπαρέετε
715 2712 888 2795 μένοντες·
919 2704 1043 2794 ὀλίγων
1062 2708 1129 2796 γάρ
1144 2729 1208 2798 σφι
1269 2790 1270 2797 ,

197 2804 348 2893 ἡμερέων
362 2813 509 2876 λείπεται
524 2815 620 2877 σιτία.
643 2803 687 2894 ήν
704 2808 740 2876 δέ
757 2804 837 2894 ὑμῖν
853 2802 870 2875 ὁ
885 2805 1030 2894 πόλεμος
1044 2804 1102 2873 ὅδε
1120 2806 1206 2877 κατά
1269 2810 1270 2883 ζ

198 2902 281 2970 νόου
295 2902 491 2994 τελευτήσῃ,
512 2911 711 2993 μνησθῆναί
723 2932 797 2973 τινα
816 2901 878 2992 χρή
900 2907 954 2972 καί
969 2907 1048 2991 ἐμεύ
1065 2906 1207 2974 ἐλευθε-
1269 2920 1270 2953 ¹

199 2999 320 3085 ράσιος
336 3001 429 3088 πέρι,
449 2999 485 3080 ὃς
501 3000 670 3092 Ἑλλήνων
685 3005 813 3078 εἵνεκεν
828 3001 917 3072 οὕτω
935 3008 1034 3090 ἔργον
1051 3003 1207 3092 παράβο-
1269 2998 1270 3041 ³

198 3110 260 3172 λον
276 3105 437 3187 ἔργασμαι
453 3097 519 3167 ὑπὸ
535 3106 736 3189 προθυμίης,
753 3103 881 3171 ἐθέλων
893 3098 974 3188 ὑμῖν
986 3105 1134 3188 δηλῶσαι
1144 3101 1207 3191 τήν
1269 3114 1270 3117 ’

199 3200 354 3268 διάνοιαν
368 3197 429 3286 τήν
444 3202 662 3286 Μαρδονίου,
683 3203 740 3268 ἵνα
753 3197 798 3288 μή
814 3199 994 3269 ἐπιπέσωσι
1009 3196 1089 3287 ὑμῖν
1103 3201 1208 3283 [ἐξαί-

199 3310 297 3385 φνης]
313 3301 347 3365 οί
358 3296 526 3385 βάρβαροι
534 3295 579 3384 μή
591 3302 890 3386 προσδεκομένοισί
902 3324 959 3367 κω.
984 3300 1048 3385 είμὶ
1063 3297 1101 3366 δὲ
1111 3295 1207 3368 Ἀλέ-

199 3397 338 3483 ξανδρος
350 3391 556 3463 ὁΜακεδόν.
572 3394 608 3464 ‘0
621 3396 682 3483 μέν
694 3405 796 3466 ταῦτα
809 3408 901 3477 εῖπας
912 3395 1086 3485 άπήλαυνε
1096 3395 1206 3477 ὀπίσω
