2618 3928
193 239 236 302 96
573 240 821 297 HERODOTI

195 399 369 487 ἐσβάλασι.
396 404 501 466 ταῦτα
515 395 721 478 ἀκούσαντες
740 402 775 466 οί
788 404 965 486 Αἰγινῆται
986 407 1121 489 ἔσχοντο
1142 410 1201 493 τῆς

195 495 342 584 ἀγωγῆς,
370 493 529 585 ὁμολογίῃ
557 494 594 562 δε
617 494 797 583 ἐχρήσαντο
819 501 947 586 τοιῇδε,
975 501 1201 589 ἐπισπόμενον

194 598 402 682 Λευτυχίδην
416 597 449 674 ἐς
466 591 611 682 Ἀθήνας
628 591 814 663 ἀποδοῦναι
827 600 1027 690 Λίγινήτησι
1042 600 1121 682 τούς
1136 601 1198 670 ἀν-

142 709 178 766 66
196 699 286 782 δρας.
314 690 373 772 Ὡς
387 691 422 762 δὲ
435 691 637 779 ἀπικόμενος
646 697 851 781 Λευτυχίδης
860 698 894 776 ἐς
903 695 963 777 τάς
972 695 1119 788 Ἀθήνας
1132 698 1197 770 ἀπ·-

193 799 280 860 αίτεε
291 788 353 877 τὴν
367 791 586 879 παραθήκην,
603 796 637 860 οί
648 789 821 878 Ἀθηναῖοι
832 795 1023 881 προφάσιας
1034 793 1145 871 εἷλκον
1156 795 1198 868 ού

192 893 394 982 βουλόμενοι
411 889 615 979 ἀποδοῦναι,
631 891 755 979 φάντες
770 892 832 960 δύο
847 897 951 980 σφίας
971 897 1086 977 ἐόντας
1100 906 1197 986 βασι-

193 998 268 1074 λέας
280 996 496 1080 παραθέσθαι
508 997 564 1062 καί
575 991 616 1061 ού
627 996 782 1063 δικαιοῦν
794 1000 840 1084 τῷ
853 997 951 1087 ἕτέρφ
963 994 1046 1066 ἀνευ
1056 1005 1117 1067 τοῦ
1129 1000 1197 1067 ἐτέ-
1302 1018 1303 1023 ’

162 1113 177 1164 l
195 1117 258 1179 ρον
272 1089 480 1160 ἀποδιδόναι.
509 1089 551 1160 ού
567 1091 726 1178 φαμένων
746 1092 783 1159 δὲ
803 1089 993 1162 ἀποδώσειν
1011 1101 1080 1163 τῶν
1095 1093 1193 1182 Ἀθη-

192 1201 298 1263 ναίαν
313 1193 404 1272 ἔλεξέ
413 1210 475 1277 σφι
485 1192 689 1275 Λευτυχίδης
702 1189 798 1257 τάδε·
815 1182 855 1257 Ὤ
865 1187 1056 1281 Ἀθηναῖοι,
1070 1195 1196 1262 ποιέετε

192 1299 255 1381 μὲν
273 1289 413 1378 ὁκότερα
425 1289 594 1379 βούλεσθε
609 1286 720 1357 αύτοί·
741 1286 874 1375 καὶγὰρ
890 1286 1107 1370 ἀποδιδόντες
1120 1315 1197 1359 ποι·

193 1397 262 1463 ἐετε
273 1390 360 1479 ὅσια,
375 1392 431 1461 καὶ
440 1389 484 1478 μὴ
498 1387 714 1468 ἀποδιδόντες
723 1385 765 1457 τά
775 1391 910 1458 ἐναντία
919 1391 1065 1460 τούτων·
1083 1390 1196 1462 ὁκοῖον

193 1496 306 1577 μέντοι
320 1515 352 1557 τι
363 1492 401 1558 ἐν
414 1496 454 1579 τῇ
464 1488 606 1576 Σπάρτη
617 1493 822 1575 συνηνείχθη
833 1490 993 1574 γενέσθαι
1003 1494 1079 1578 περὶ
1089 1515 1197 1577 παρα-

192 1590 318 1676 θήκης,
334 1589 499 1675 βούλομαι
511 1586 593 1673 ὑμίν
605 1585 701 1655 εἶπαι.
723 1590 864 1673 λέγομεν
878 1584 972 1675 ἡμεῖς
983 1594 1017 1658 οί
1024 1595 1197 1675 Σπαρτιῆ-
1302 1632 1303 1635 =

193 1714 246 1754 ται
260 1690 419 1773 γενέσθαι
435 1690 472 1755 ἐν
484 1693 524 1775 τῇ
536 1688 684 1754 Λακεδαί
669 1691 760 1771 ίμονι
773 1682 857 1754 κατά
871 1692 986 1774 τρίτην
1000 1686 1122 1776 γενεὴν
1136 1685 1196 1774 την
1302 1714 1303 1717 ’

193 1782 239 1851 ἀπ
242 1782 344 1871 ’ἐμέο
360 1790 515 1852 Γλαῦκον
526 1781 718 1862 Ἐπικύδεος
731 1788 842 1853 παῖδα.
872 1792 994 1854 τοῦτον
1008 1783 1069 1855 τὸν
1089 1784 1196 1870 ἀνδρα

193 1881 360 2007 φαμὲν’
318 1909 359 1952 τα
370 1909 406 1952 τε
423 1882 507 1952 ἀλλα
521 1882 631 1951 πάντα
646 1884 818 1971 περιήκειν
827 1881 868 1952 τδι
880 1892 1005 1974 πρῶτα,
1020 1887 1075 1956 καὶ
1085 1885 1126 1972 δη
1142 1890 1198 1955 καὶ

192 1982 331 2052 ἀκούειν
343 1981 461 2071 ἀριστα
476 1983 691 2070 δικαιοσύνης
704 1972 794 2068 πέρι
795 1982 949 2071 πάντων,
965 1984 1039 2054 ὅσοι
1054 1982 1117 2073 τὴν
1127 1993 1197 2055 Λα·

192 2087 373 2169 κεδαίμονα
387 2090 509 2151 τούτου
523 2080 583 2151 τδν
596 2083 721 2169 χρόνον
736 2091 857 2151 οίκεον.
886 2090 1147 2172 συνενειχθῆναι
1161 2086 1199 2152 δέ

193 2184 275 2249 οίέν
293 2187 401 2274 χρόνῳ
422 2183 607 2271 ίκνευμένφ
625 2182 705 2249 τάδε
724 2182 882 2270 λέγομεν,
906 2180 1014 2270 ἀνδρα
1027 2185 1198 2271 Μιλήσιον

192 2277 433 2366 ἀπικόμενονέ
433 2306 450 2358 ς
464 2279 629 2366 Σπάρτην
642 2280 831 2367 βούλεσθαί
841 2287 875 2352 οί
887 2284 1001 2352 ἐλθεῖν
1017 2287 1050 2364 ἐς
1064 2285 1196 2371 λόγους,
1302 2312 1303 2359 χ

192 2378 437 2465 προϊσχόμενον
454 2377 645 2447 τοιάδε·Ε
612 2380 691 2464 Είμί
710 2380 773 2466 μὲν
752 2381 1015 2504 Μνιλησιος,”
990 2410 1064 2471 ηκεο
1084 2386 1121 2453 δὲ
1140 2391 1197 2471 τῆς

192 2482 261 2561 σης,
269 2481 412 2562 Γλαυκε,
420 2474 636 2563 δικαιοσύνης
646 2477 853 2565 βονλομενος
861 2478 1099 2553 απολαυσαι
1077 2511 1121 2564 τος
1131 2508 1197 2570 γαρ

191 2568 266 2657 δη’
248 2568 313 2638 ανά
329 2579 441 2642 πᾶσαν
454 2572 564 2660 μὲν
527 2601 589 2662 την
600 2575 707 2664 ἀλλην
714 2575 866 2697 Ελλάδα,
879 2583 916 2649 ἐν
927 2582 964 2650 δέ
974 2582 1030 2651 καὶ
1039 2580 1135 2669 περί’
1130 2591 1198 2652 [ω-

190 2675 321 2755 νίην
282 2696 340 2757 της
350 2677 409 2760 σῆς
420 2667 669 2761 δικαιοσύνης
645 2701 690 2760 ην
701 2675 802 2762 λόγος
812 2674 952 2766 πολλός,
968 2681 1121 2772 ἐμεωυτῷ
1135 2679 1197 2750 λό-

190 2797 272 2888 γους
286 2773 422 2841 ἐδίδουν
435 2772 523 2843 wast
501 2800 553 2842 οτι
564 2775 777 2855 ἐπικίνδυνός
791 2779 905 2846 ἐστιί
869 2804 891 2846 α
892 2783 938 2846 ίεί
948 2805 1025 2849 κοτε
1042 2778 1062 2868 ἡ
1076 2778 1195 2898 Ἰωνίη,
1302 2784 1303 2787 '

188 2895 209 2953 η
197 2866 261 2934 ‘ok
278 2868 537 2956 Πελοπόννησος
552 2869 726 2958 ἀσφαλέως
737 2877 921 2962 ἱδρυμένη,
937 2879 993 2945 καί
1009 2878 1096 2946 διότι
1112 2877 1196 2965 χρή·
1302 2956 1303 2959 ¹

188 2990 274 3052 ματα
289 2963 420 3052 ούδαμά
434 2964 514 3045 τούς
533 2965 657 3050 αύτούς
673 2967 776 3039 ἐστι’
762 2976 847 3055 οράν
866 2977 1009 3059 ἐχοντας.
1038 2974 1144 3043 ταῦτά
1159 3000 1197 3043 τε

189 3054 238 3131 ἀν
258 3065 481 3156 ἐπιλεγομένφ
503 3067 559 3133 καί
575 3071 809 3161 βουλευομέυφ
830 3073 925 3151 ἐδοξέ
936 3096 993 3158 μοι
1015 3071 1056 3141 τά
1076 3071 1196 3161 ημίσεα
1302 3146 1303 3151 1

187 3160 295 3246 πασης
305 3185 363 3246 της
375 3157 491 3246 ουσίης
501 3164 777 3253 ἐξαργυρωσαντα
789 3171 916 3239 θέσθαι
927 3195 1018 3260 παρα
1005 3169 1079 3259 σέ,
1092 3166 1198 3253 εύέξ-
1302 3176 1303 3205 ³

188 3256 456 3349 επισταμένφ,”
429 3284 473 3337 ως
486 3285 543 3345 μοι
557 3269 692 3349 κείμενα
708 3271 799 3335 ἔσται
813 3291 904 3357 παρα
892 3265 972 3338 σοὶ
987 3277 1069 3339 σῶα.
1093 3269 1137 3340 σύ
1151 3266 1196 3360 δή
1302 3268 1303 3305 ³

187 3378 244 3438 μοι
257 3351 364 3420 καί
328 3379 368 3420 τα
381 3354 531 3441 χρήματα
545 3362 634 3440 δέξαι
648 3366 703 3432 καί
717 3363 848 3434 τάδε
810 3393 850 3434 τα
868 3366 1021 3490 σύμβολα
1035 3376 1118 3452 σῶζε
1132 3379 1195 3438 λα-

187 3450 274 3535 βάν·
298 3448 422 3530 δςδ’“
401 3478 445 3521 αν
466 3459 550 3541 ἔχων
569 3466 672 3528 ταῦτα
692 3459 848 3554 ἀπαιτέη,
869 3466 977 3556 τούτῳ
991 3463 1192 3536 ἀποδοῦναι.
