2626 3932
1122 9 1291 183 ”1

217 402 325 474 πολλὰ
348 405 535 473 αἰνεθέντα.
570 407 606 469 οἳ
624 405 661 468 δέ
688 397 800 468 αῦτοῦν
820 396 997 486 ἀπέφυγον
1018 397 1081 488 τήν
1102 401 1228 489 μάχην,
1253 458 1257 465 .

219 502 472 587 ἐσκεδάσθησαν
484 497 550 568 ἀνά
569 497 627 577 τάς
642 499 769 578 πόλιας.

152 624 202 677 103
307 599 389 668 Τότε
408 600 471 686 μὲν
488 596 529 686 δή
551 595 640 666 οὕτω
653 594 880 684 ήγανίσαντο,
901 594 983 683 μετὰ
999 599 1036 665 δὲ
1048 595 1228 685 Ἀθηναιοι

216 700 279 787 μὲν
291 695 328 767 τὸ
344 696 504 785 παράπαν
519 694 740 776 ἀπολιπόντες
750 692 952 775 τοῦςἼανας
963 699 1229 784 ἐπικαλεομένου

217 798 320 885 σφέας
332 794 439 866 πολλά
453 793 499 863 δι’
522 792 673 882 ἀγγέλων
689 791 930 882 Ἀρισταγόρεω
944 791 1010 863 οῦκ
1025 799 1156 881 ἔφασαν
1171 821 1227 863 τι-

217 896 387 985 μωρήσειν
396 907 500 982 σφίσι.
516 892 627 974 ’Ἱεονες
638 895 675 963 δέ
685 900 743 981 τῆς
752 891 942 981 Ἀθηναίων
951 901 1136 982 συμμαχίης
1147 914 1228 963 στε-

218 998 378 1082 ρηθέντες
389 991 492 1072 (οῦτοι
504 993 571 1081 γάρ
582 1012 643 1081 σφι
656 991 783 1081 ῦπήρχε
797 996 1002 1080 πεποιημένα
1013 996 1046 1073 ἐς
1056 999 1224 1082 Δαρείου)

218 1091 318 1161 οῦδὲν
333 1089 374 1179 δή
391 1094 491 1162 ἕσσον
507 1091 568 1160 τὸν
582 1089 667 1180 πρδς
680 1094 816 1179 βασιλέα
830 1091 978 1177 πόλεμον
992 1091 1222 1173 ἐσκευάζοντο.

217 1190 408 1270 πλάσαντες
422 1192 458 1259 δὲ
474 1194 507 1270 ἐς
521 1189 582 1259 τδν
589 1189 833 1278 Ἑλλήσποντον
846 1186 1032 1270 Βυζάντιόν
1044 1214 1081 1258 τε
1093 1191 1150 1258 καὶ
1164 1189 1225 1269 τὰς

216 1287 319 1368 ἀλλας
333 1288 429 1369 πόλις
440 1287 570 1369 ἁπάσας
583 1286 642 1368 τάς
654 1288 759 1376 ταῦτη
770 1283 830 1354 ὑπ’
846 1287 997 1354 ἑωυτοῖσι
1008 1287 1223 1376 ἐποιήσαντο,

217 1387 445 1466 ἐκπλώσαντές
458 1414 494 1456 τε
511 1392 573 1469 ἔξω
587 1385 648 1457 τδν
656 1385 902 1473 Ἑλλήσποντον
915 1392 1042 1474 Καρίης
1061 1385 1124 1474 τήν
1137 1398 1223 1456 πολ-

216 1483 280 1572 λήν
293 1485 561 1573 προσεκτήσαντο
577 1492 672 1574 σφίσι
688 1484 863 1571 σύμμαχον
878 1481 979 1552 εἶναι·
1007 1485 1142 1572 καὶγὰρ
1159 1485 1222 1573 τήν

218 1589 358 1653 Καῦνον
373 1584 538 1673 πρότερον
553 1583 595 1653 οῦ
615 1587 826 1673 βουλομένην
841 1588 1060 1674 συμμαχέειν,
1087 1585 1132 1666 ὡς
1146 1589 1222 1656 ἐνέ-

149 1702 200 1753 104
215 1701 348 1769 πρησαν
357 1679 561 1768 τάςΣάρδις,
576 1683 650 1752 τότε
661 1701 721 1768 σφι
732 1683 788 1750 καὶ
799 1680 883 1769 αῦτη
894 1686 1123 1771 προσεγένετο.
1146 1686 1222 1754 Κό-

216 1805 308 1866 πριοι
322 1780 360 1847 δὲ
374 1782 552 1850 ἐθελονταί
558 1800 619 1868 σφι
632 1779 755 1860 πάντες
765 1785 1008 1867 προσεγένοντο
1019 1782 1108 1871 πλήν
1119 1781 1221 1871 Ἀμα-

113 1956 126 1979 '
215 1882 385 1945 θουσίοον·
409 1874 597 1966 ἀπέστησαν
607 1877 672 1967 γάρ
683 1881 738 1947 καὶ
750 1870 843 1946 οῦτοι
859 1871 924 1947 ὦδε
934 1877 999 1948 ἀπὸ
1012 1881 1154 1968 Μήδων.
1176 1876 1221 1970 ήν
1290 1850 1291 1945 δ

213 1968 383 2064 Ὀνήσιλος
396 1975 531 2065 Γόργου
550 1982 613 2066 μδν
629 1986 690 2046 τοῦ
710 1984 928 2064 Σαλαμινίων
947 1984 1099 2065 βασιλέος
1120 1977 1218 2050 ἀδελ-

216 2073 298 2162 φεδς
309 2072 480 2163 νεότερος,
492 2080 632 2164 Χέρσιος
644 2078 680 2145 δὲ
690 2083 751 2144 τοῦ
762 2077 925 2163 Σιρόμου
935 2084 996 2146 τοῦ
1007 2076 1221 2158 Εὐέλθοντος

216 2189 301 2252 παῖς.
325 2166 424 2252 οὗτος
440 2171 531 2261 ἀνήρ
546 2174 706 2253 πολλάκις
719 2173 782 2260 μὲν
798 2175 853 2242 καί
873 2173 1040 2262 πρότερον
1055 2172 1116 2244 τδυ
1129 2177 1222 2265 Γόρ·

214 2299 278 2359 γον
292 2273 517 2357 παρηγορέετο
531 2268 734 2340 ἀπίστασθαι
750 2268 815 2342 ἀπδ
831 2273 1002 2359 βασιλέος,
1017 2272 1092 2341 τότε
1107 2272 1153 2361 δ’,
1176 2272 1221 2353 ὡς
1288 2348 1289 2357 ¹

215 2372 270 2439 καὶ
282 2367 362 2447 τοῦς
373 2367 491 2448 ’Ίοινας
508 2369 652 2437 ἐπύθετο
667 2366 865 2456 ἀπεστάναι,
888 2369 997 2456 πάγχυ
1014 2372 1222 2458 ἐπικείμενος
1288 2376 1289 2389 ’

215 2473 321 2556 ἐνῆγε.
345 2466 390 2547 ὡς
405 2469 442 2536 δὲ
457 2464 520 2536 οῦκ
537 2473 653 2536 ἔπειθε
665 2465 726 2535 τὸν
739 2468 889 2555 Γόργον,
911 2468 1061 2537 ἐνθαῦτά
1076 2496 1136 2556 μιν
1151 2496 1221 2556 φυ-

214 2565 315 2647 λάξας
326 2564 504 2646 ἐξελθόντα
514 2563 552 2634 τδ
565 2563 648 2634 ἀστυ
659 2563 696 2634 τὸ
708 2574 926 2653 Σαλαμινίαν
937 2563 956 2636 δ
969 2565 1220 2657 Ὀνήσιλοςάμα

213 2680 298 2734 τοῖσι
310 2667 438 2734 ἑαιποῦ
449 2663 647 2754 στασιώτῃσι
661 2661 841 2753 ἀπεκλήισε
851 2672 919 2734 τῦν
929 2671 1073 2739 πυλέων.
1089 2670 1221 2755 Γόργος

213 2766 276 2851 μὲν
289 2761 330 2852 δή
346 2765 587 2851 στερηθεὶςτής
602 2763 719 2844 πόλιος
733 2771 855 2852 ἔφευγε
871 2767 904 2846 ἐς
914 2765 1075 2854 Μήδους,
1087 2763 1220 2854 Ὀνήσι-

213 2872 271 2940 λος
285 2861 322 2929 δὲ
340 2855 421 2948 ήρχε
434 2869 627 2948 Σαλαμῖνος
648 2866 704 2931 καλ
723 2860 882 2933 ἀνέπειθε
902 2864 1030 2946 πάντας
1043 2873 1220 2955 Κυπρίους

214 2966 491 3028 συναπίστασθαι.
514 2959 594 3040 τοῦς
604 2963 666 3048 μεν
677 2960 717 3050 δή
733 2961 855 3042 ἀλλους
866 2959 1220 3050 ἀνέπεισε,Ἀμαθου·
1285 3030 1286 3055 ,

214 3064 308 3138 σίονς
319 3057 356 3124 δὲ
366 3054 409 3125 οῦ
422 3060 650 3146 βουλομένους
663 3065 697 3131 οί
710 3068 890 3131 πείθεσθαι
904 3060 1097 3149 ἐπολιόρκεε
1110 3082 1219 3150 προο-

213 3155 404 3243 κατήμενος.

145 3272 196 3327 105
294 3254 464 3343 Ὀνήσιλος
478 3258 540 3342 μέν
553 3285 620 3328 νυν
635 3260 827 3349 ἐπολιόρκεε
843 3258 1072 3348 Ἀμαθοῦντα,
1088 3261 1220 3347 βασιλέι
1284 3228 1285 3279 ¹

213 3352 249 3421 (δὲ
264 3358 398 3445 Δαρείῳ
413 3351 458 3433 ὦς
475 3358 657 3448 ἐξηγγέλθη
671 3360 800 3450 Σάρδις
821 3359 968 3440 ἀλοῦσας
983 3362 1217 3448 ἐμπεπρῆσθαι
1283 3390 1284 3449 ,

212 3447 280 3520 ῦπό
294 3476 330 3521 τε
342 3450 531 3543 Ἀθηναίων
547 3460 602 3526 καὶ
615 3456 752 3540 Ἰάνων,
769 3457 830 3528 τὸν
844 3461 882 3527 δὲ
893 3455 1043 3545 ήγεμόνα
1056 3459 1217 3545 γενέσθαι
1283 3454 1284 3501 ¹

217 241 260 306 52
597 241 848 300 HERODOTI
