2626 3932
361 253 446 309 ΗΒ.
478 253 514 308 V.
551 254 650 311 CAP.
684 259 824 313 77-82.
1053 254 1093 315 37

90 409 293 497 βουλόμενοι
304 416 462 478 τίσασθαι
474 408 681 497 Ἀθηναίους,
697 408 718 498 ἡ
731 412 767 479 δέ
776 419 892 500 Πυθίη
904 412 969 483 ἄπδ
981 421 1095 503 σφέων

90 507 154 593 μέν
169 505 281 576 αῦτῦυ
301 506 364 577 οῦκ
380 513 444 595 ἔφη
466 505 595 577 αῦτοϊσι
611 507 696 576 εἰναι
714 514 818 597 τίσιν,
839 513 871 590 ές
892 514 1094 601 πολύφημον

91 607 128 673 δὲ
142 608 369 686 ἐξενείκαντας
378 610 508 675 ἐκέλευε
523 613 591 673 τῶν
604 605 741 692 ἄγχιστα
753 609 899 677 δέεσθαι.
923 607 1094 680 ἀπελθόν-

91 728 159 771 των
176 696 226 772 ἄν
239 711 309 772 τοῖν
328 702 534 786 θεοπρόπων
553 706 711 791 ἐξέφερον
724 702 761 772 τὸ
778 707 979 795 χρηστήριον
995 705 1094 794 ἁλίην

91 801 328 888 ποιησάμενοι·
350 799 395 880 ὡς
410 800 645 870 ἐπυνθάνοντο
663 804 700 870 δὲ
714 802 883 889 λεγόντων
900 804 1094 874 αὐτῶντῶν

91 894 229 983 ἄγχιστα
245 901 398 986 δέεσθαι,
415 897 512 972 εἰπαν
527 905 561 968 οἰ
574 909 714 988 Θηβαῖοι
728 898 933 983 ἀκούσαντες
947 906 1093 974 τούτων·

11 1045 25 1058 .
91 992 155 1062 οὐκ
171 988 220 1063 ἄν
241 994 379 1083 ἄγχιστα
393 995 506 1084 ἡμέων
521 1001 666 1067 οἰκέουσι
685 1007 890 1088 Ταναγραῖοί
906 1028 943 1071 τε
956 1007 1011 1071 καὶ
1025 1011 1096 1071 Κο-

92 1108 231 1176 ρωναῖοι
244 1097 299 1164 καί
313 1098 487 1182 Θεσπιέες,
509 1096 565 1164 καί
578 1088 676 1165 οὗτοί
687 1123 727 1183 γε
740 1096 808 1185 ἄμα
824 1096 905 1186 ἡμῖν
917 1102 981 1168 αἰεὶ
990 1099 1096 1186 μαχό-

92 1219 188 1279 μενοι
211 1195 398 1282 προθύμως
418 1197 682 1281 συνδιαφέρουσι
705 1191 765 1262 τὸν
785 1194 942 1281 πόλεμον.
977 1201 1010 1262 τί
1029 1196 1095 1262 δέει

91 1291 223 1360 τούτων
235 1318 273 1378 γε
290 1293 443 1375 δέεσθαι;
459 1289 544 1361 ἀλλὰ
554 1298 682 1378 μᾶλλον
695 1290 740 1378 μη
752 1289 793 1361 οῦ
808 1300 906 1361 τοῦτο
923 1285 943 1382 ᾗ
958 1289 994 1360 τὸ
1013 1317 1095 1380 χρη-

93 1390 239 1479 σπη’ριον.
287 1398 433 1460 Τοιαῦτα
451 1390 517 1480 [δὴ]
535 1394 780 1483 ἐπιλεγομένων
797 1388 868 1458 εἰπε
883 1391 1015 1478 δήποτε
1030 1417 1095 1475 μα·
1108 1404 1144 1458 80

94 1493 168 1560 θοίν
181 1516 246 1570 τις·
264 1490 347 1579 ’λέγω
361 1519 419 1579 μοι
434 1497 539 1561 δοκέω
554 1494 705 1560 συνιέναι
720 1488 756 1559 τδ
773 1494 883 1561 ἐθέλει
895 1494 1005 1577 λέγειν
1016 1490 1095 1579 ἡμῖν

92 1588 128 1658 ιδ
155 1589 327 1676 μαντήιον,
374 1588 526 1660 Ἀσωποῦ
552 1593 705 1678 λέγονται
731 1591 891 1675 γενέσθαι
913 1594 1096 1677 θυγατέρες

91 1684 187 1783 (διέβη
201 1712 237 1755 τε
250 1686 306 1756 καί
319 1697 459 1776 Αἰγινα·
482 1688 612 1757 τούτων
632 1685 807 1774 ἀδελφεῶν
827 1689 972 1755 έουσέωυ
990 1687 1095 1754 δοκέω

93 1782 172 1872 ἡμίν
182 1789 391 1872 Αἰγινητέων
401 1789 539 1856 δέεσθαι
552 1785 613 1856 τόν
626 1785 712 1855 θεδν
723 1793 843 1874 χρῇσαι
857 1785 1096 1874 τιμωρητήρων

91 1887 261 1970 γενέσθαι.
284 1887 340 1954 καὶ
354 1883 395 1953 οῦ
408 1885 475 1973 γᾶρ
491 1911 541 1966 τις
551 1885 673 1972 ταύτης
687 1882 835 1971 ἄμείνων
852 1883 967 1971 γνώμη
984 1882 1097 1951 έδόκεε

93 1989 293 2070 φαίνεσθαι,
312 1983 430 2052 αὐτίκα
445 1987 633 2073 πέμψαντες
647 1987 778 2054 ἐδέοντο
790 1983 1008 2070 Αἰγινητέων,
1025 1984 1097 2049 ἐπι-

92 2078 290 2168 καλεόμενοι
305 2080 389 2149 κατᾶ
403 2080 441 2150 τὸ
460 2081 663 2170 χρηστήριόν
677 2101 738 2168 σφι
756 2083 932 2169 βοηθέειν,
955 2076 999 2157 ὡς
1019 2078 1097 2147 ἐόν-

92 2205 161 2249 των
188 2176 386 2267 ἄγχιστέων,
416 2185 449 2248 οἰ
475 2184 514 2249 δέ
539 2202 600 2268 σφι
626 2183 772 2250 αἰτέουσι
798 2181 994 2264 ἐπικουρίην
1017 2175 1097 2255 τοῦς

92 2284 253 2358 Αἰακίδας
272 2284 483 2368 συμπέμπειν
505 2285 643 2368 ἔφασαν.
687 2280 951 2365 Πειρησαμένων
973 2281 1010 2346 δὲ
1027 2284 1096 2345 τῶν
1109 2300 1140 2354 31

92 2384 250 2466 Θηβαίων
263 2377 347 2448 κατὰ
364 2377 427 2467 τὴν
440 2386 631 2466 συμμαχίην
650 2385 719 2446 τῶν
733 2379 921 2445 Αἰακιδέων
940 2377 996 2444 καί
1017 2400 1097 2463 τρη-

91 2480 172 2563 χέως
186 2480 441 2563 περιεφθέντων
452 2474 520 2547 ὑπὸ
532 2483 600 2545 ιῦν
610 2473 799 2562 Ἀθηναίων
811 2467 906 2554 αὖτις
916 2477 951 2544 οἰ
956 2481 1097 2562 Θηβαῖοι

92 2577 280 2660 πέμψαντες
299 2572 379 2655 τοῦς
398 2577 462 2663 μέν
476 2578 637 2652 Αἰακίδας
657 2593 718 2659 σφι
735 2569 954 2659 ἀπεδίδοσαν,
977 2579 1046 2640 τῶν
1060 2571 1097 2638 δέ

94 2670 228 2758 ἄνδρων
239 2675 380 2743 ἐδέοντο.
402 2680 578 2762 Αἰγινῆται
593 2675 630 2741 δὲ
646 2670 841 2760 εὐδαιμονίη
850 2698 885 2740 τε
896 2664 1023 2760 μεγᾶλη
1036 2673 1096 2738 έπ-

93 2769 272 2854 αερθέντες
283 2773 342 2849 ικαλ
361 2776 483 2859 ἔχθρης
505 2777 647 2856 παλαιῆς
668 2769 940 2856 ἀναμνησθέντες
958 2766 1096 2854 έχοῦσης

92 2870 126 2946 ές
143 2864 344 2952 Ἀθηναίους
365 2868 441 2938 τότε
455 2876 613 2956 Θηβαίων
630 2868 822 2954 δεηθέντων
845 2866 992 2953 πόλεμον
1012 2864 1097 2952 ἄκη-

92 2968 219 3055 ρυκτον
235 2965 442 3056 Ἀθηναίοισι
457 2972 629 3056 ἐπέφερον.
661 2971 879 3054 ἐπικειμένων
899 2964 964 3055 γὰρ
984 2965 1096 3035 αὐτῶν

91 3065 268 3138 Βοιωτοίσι
284 3067 530 3146 ἐπιπλώσαντες
544 3073 689 3154 μακρῇσι
706 3067 806 3153 νηυσὶ
826 3068 860 3145 ές
873 3063 936 3152 τὴν
946 3061 1096 3148 Ἀττικην

92 3163 175 3233 κατὰ
189 3166 252 3252 μὲν
267 3171 393 3254 ἔσυραν
407 3166 585 3253 Φάληρον,
601 3161 684 3232 κατὰ
700 3166 736 3232 δὲ
747 3171 804 3251 τῆς
818 3161 920 3249 ἄλλης
934 3165 1095 3247 παραλίης

91 3261 237 3343 πολλοὺς
264 3264 408 3352 δήμους,
437 3272 609 3343 ποιεῦντες
633 3266 669 3332 δὲ
693 3269 796 3331 ταῦτα
823 3262 974 3350 μεγάλως
993 3255 1096 3343 Ἀθη·

92 3367 208 3440 ναίους
224 3364 383 3431 ἐσίνοντο.

169 3456 214 3526 Ἡ
225 3459 261 3528 δὲ
278 3466 381 3548 ἔχθρη
395 3458 416 3548 ἡ
435 3465 702 3549 προοφειλομένη
719 3463 753 3538 ές
763 3456 962 3546 Ἀθηναίους
976 3459 1014 3523 έκ
1028 3460 1095 3523 τῶν
1109 3467 1144 3522 82
