<?xml version="1.0" encoding="UTF-8"?>
<!DOCTYPE html PUBLIC "-//W3C//DTD XHTML 1.0 Transitional//EN"
    "http://www.w3.org/TR/xhtml1/DTD/xhtml1-transitional.dtd">
<html xmlns="http://www.w3.org/1999/xhtml" xml:lang="en" lang="en">
 <head>
  <title>
</title>
<meta http-equiv="Content-Type" content="text/html;charset=utf-8" />
  <meta name='ocr-system' content='tesseract 3.04.00' />
  <meta name='ocr-capabilities' content='ocr_page ocr_carea ocr_par ocr_line ocrx_word'/>
</head>
<body>
  <div class='ocr_page' id='page_1' title='image "./historiarumlibr03herogoog_0252.png"; bbox 0 0 2568 3938; ppageno 0'>
   <div class='ocr_carea' id='block_1_1' title="bbox 214 274 1076 368">
    <p class='ocr_par' dir='ltr' id='par_1_1' title="bbox 214 274 1076 368">
     <span class='ocr_line' id='line_1_1' title="bbox 214 274 1076 368; baseline 0.007 -35"><span class='ocrx_word' id='word_1_1' title='bbox 214 364 216 368; x_wconf 7' lang='grc' dir='ltr'><strong>λ</strong></span> <span class='ocrx_word' id='word_1_2' title='bbox 332 274 418 332; x_wconf 78' lang='grc' dir='ltr'><strong><em>ιιε</em></strong></span> <span class='ocrx_word' id='word_1_3' title='bbox 449 276 493 333; x_wconf 84' lang='lat'><strong><em>111</em></strong></span> <span class='ocrx_word' id='word_1_4' title='bbox 527 275 623 333; x_wconf 71' lang='grc' dir='ltr'><strong><em>σαν.</em></strong></span> <span class='ocrx_word' id='word_1_5' title='bbox 656 282 796 341; x_wconf 78' lang='lat'><strong>57-61</strong></span> <span class='ocrx_word' id='word_1_6' title='bbox 1013 279 1076 345; x_wconf 73' lang='grc' dir='ltr'><strong><em>κιο</em></strong></span> 
     </span>
    </p>
   </div>
   <div class='ocr_carea' id='block_1_2' title="bbox 50 430 1201 3099">
    <p class='ocr_par' dir='ltr' id='par_1_2' title="bbox 76 430 1076 1018">
     <span class='ocr_line' id='line_1_2' title="bbox 83 430 1076 531; baseline 0.015 -30"><span class='ocrx_word' id='word_1_7' title='bbox 83 435 132 503; x_wconf 77' lang='grc' dir='ltr'><strong><em>καὶ</em></strong></span> <span class='ocrx_word' id='word_1_8' title='bbox 152 432 397 523; x_wconf 73' lang='grc' dir='ltr'><strong><em>εὐδαιμόνησαν</em></strong></span> <span class='ocrx_word' id='word_1_9' title='bbox 419 430 472 502; x_wconf 79' lang='grc' dir='ltr'><strong><em>ἐπ’</em></strong></span> <span class='ocrx_word' id='word_1_10' title='bbox 494 438 567 501; x_wconf 80' lang='grc' dir='ltr'><strong><em>ἔτεα</em></strong></span> <span class='ocrx_word' id='word_1_11' title='bbox 592 435 760 523; x_wconf 76' lang='grc' dir='ltr'><strong><em>πέντε,”</em></strong></span> <span class='ocrx_word' id='word_1_12' title='bbox 731 458 815 508; x_wconf 89' lang='grc' dir='ltr'><strong><em>ωστε</em></strong></span> <span class='ocrx_word' id='word_1_13' title='bbox 836 439 876 508; x_wconf 84' lang='grc' dir='ltr'><strong><em>τά</em></strong></span> <span class='ocrx_word' id='word_1_14' title='bbox 897 440 953 531; x_wconf 80' lang='grc' dir='ltr'><strong><em>ίρά</em></strong></span> <span class='ocrx_word' id='word_1_15' title='bbox 975 443 1017 513; x_wconf 80' lang='grc' dir='ltr'><strong><em>τά</em></strong></span> <span class='ocrx_word' id='word_1_16' title='bbox 1039 448 1076 516; x_wconf 76' lang='grc' dir='ltr'><strong><em>όν</em></strong></span> 
     </span>
     <span class='ocr_line' id='line_1_3' title="bbox 81 523 1076 626; baseline 0.014 -27"><span class='ocrx_word' id='word_1_17' title='bbox 81 537 231 624; x_wconf 76' lang='grc' dir='ltr'><strong><em>Κυδωνίη</em></strong></span> <span class='ocrx_word' id='word_1_18' title='bbox 246 533 344 604; x_wconf 75' lang='grc' dir='ltr'><strong><em>ἐόντα</em></strong></span> <span class='ocrx_word' id='word_1_19' title='bbox 364 539 432 601; x_wconf 83' lang='grc' dir='ltr'><strong><em>νῦν</em></strong></span> <span class='ocrx_word' id='word_1_20' title='bbox 450 523 547 600; x_wconf 87' lang='grc' dir='ltr'><strong><em>ούτοί</em></strong></span> <span class='ocrx_word' id='word_1_21' title='bbox 564 538 628 601; x_wconf 86' lang='grc' dir='ltr'><strong><em>είσι</em></strong></span> <span class='ocrx_word' id='word_1_22' title='bbox 649 538 686 603; x_wconf 87' lang='grc' dir='ltr'><strong><em>σί</em></strong></span> <span class='ocrx_word' id='word_1_23' title='bbox 702 535 919 626; x_wconf 77' lang='grc' dir='ltr'><strong><em>ποιήσαντες,</em></strong></span> <span class='ocrx_word' id='word_1_24' title='bbox 940 539 1048 610; x_wconf 84' lang='grc' dir='ltr'><strong><em>καλ</em></strong></span> <span class='ocrx_word' id='word_1_25' title='bbox 1014 568 1076 612; x_wconf 88' lang='grc' dir='ltr'><strong><em>τον</em></strong></span> 
     </span>
     <span class='ocr_line' id='line_1_4' title="bbox 81 629 1074 721; baseline 0.009 -21"><span class='ocrx_word' id='word_1_26' title='bbox 81 635 132 716; x_wconf 78' lang='grc' dir='ltr'><strong><em>τῆς</em></strong></span> <span class='ocrx_word' id='word_1_27' title='bbox 140 630 309 718; x_wconf 80' lang='grc' dir='ltr'><strong><em>Δικτύνης</em></strong></span> <span class='ocrx_word' id='word_1_28' title='bbox 322 629 417 718; x_wconf 90' lang='grc' dir='ltr'><strong><em>νηόν</em></strong></span> <span class='ocrx_word' id='word_1_29' title='bbox 436 631 519 720; x_wconf 79' lang='grc' dir='ltr'><strong><em>ἔκτφ</em></strong></span> <span class='ocrx_word' id='word_1_30' title='bbox 533 629 570 699; x_wconf 72' lang='grc' dir='ltr'><strong><em>δὲ</em></strong></span> <span class='ocrx_word' id='word_1_31' title='bbox 584 635 652 700; x_wconf 80' lang='grc' dir='ltr'><strong><em>ἔτει·</em></strong></span> <span class='ocrx_word' id='word_1_32' title='bbox 657 637 835 721; x_wconf 80' lang='grc' dir='ltr'><strong><em>Αίγινήται</em></strong></span> <span class='ocrx_word' id='word_1_33' title='bbox 852 632 976 718; x_wconf 83' lang='grc' dir='ltr'><strong><em>αὐτούς</em></strong></span> <span class='ocrx_word' id='word_1_34' title='bbox 989 664 1074 710; x_wconf 87' lang='grc' dir='ltr'><strong><em>ναυ-</em></strong></span> 
     </span>
     <span class='ocr_line' id='line_1_5' title="bbox 80 728 1075 823; baseline 0.011 -28"><span class='ocrx_word' id='word_1_35' title='bbox 80 731 172 817; x_wconf 77' lang='grc' dir='ltr'><strong><em>μυχίη</em></strong></span> <span class='ocrx_word' id='word_1_36' title='bbox 198 728 395 818; x_wconf 78' lang='grc' dir='ltr'><strong><em>νικήσαντες</em></strong></span> <span class='ocrx_word' id='word_1_37' title='bbox 420 725 711 815; x_wconf 75' lang='grc' dir='ltr'><strong><em>ἠνδραποδίσαντο</em></strong></span> <span class='ocrx_word' id='word_1_38' title='bbox 734 729 815 818; x_wconf 83' lang='grc' dir='ltr'><strong><em>μετά</em></strong></span> <span class='ocrx_word' id='word_1_39' title='bbox 836 740 987 823; x_wconf 75' lang='grc' dir='ltr'><strong><em>Κρητῶν.</em></strong></span> <span class='ocrx_word' id='word_1_40' title='bbox 1019 743 1075 809; x_wconf 77' lang='grc' dir='ltr'><strong><em>καί</em></strong></span> 
     </span>
     <span class='ocr_line' id='line_1_6' title="bbox 79 823 1074 919; baseline 0.01 -29"><span class='ocrx_word' id='word_1_41' title='bbox 79 831 141 892; x_wconf 82' lang='grc' dir='ltr'><strong><em>τ’δν</em></strong></span> <span class='ocrx_word' id='word_1_42' title='bbox 150 832 238 895; x_wconf 81' lang='grc' dir='ltr'><strong><em>νεύν</em></strong></span> <span class='ocrx_word' id='word_1_43' title='bbox 252 833 414 913; x_wconf 78' lang='grc' dir='ltr'><strong><em>καπρίους</em></strong></span> <span class='ocrx_word' id='word_1_44' title='bbox 428 823 640 911; x_wconf 79' lang='grc' dir='ltr'><strong><em>ἐχουσέων</em></strong></span> <span class='ocrx_word' id='word_1_45' title='bbox 603 850 663 906; x_wconf 86' lang='grc' dir='ltr'><strong><em>τας</em></strong></span> <span class='ocrx_word' id='word_1_46' title='bbox 672 828 809 919; x_wconf 74' lang='grc' dir='ltr'><strong><em>πρῴρας</em></strong></span> <span class='ocrx_word' id='word_1_47' title='bbox 819 825 1074 918; x_wconf 79' lang='grc' dir='ltr'><strong><em>ἠκρωτηρίασαν</em></strong></span> 
     </span>
     <span class='ocr_line' id='line_1_7' title="bbox 76 920 1074 1018; baseline 0.011 -29"><span class='ocrx_word' id='word_1_48' title='bbox 76 924 126 990; x_wconf 79' lang='grc' dir='ltr'><strong><em>καὶ</em></strong></span> <span class='ocrx_word' id='word_1_49' title='bbox 140 920 308 993; x_wconf 78' lang='grc' dir='ltr'><strong><em>ἀνέθεσαν</em></strong></span> <span class='ocrx_word' id='word_1_50' title='bbox 323 920 401 1002; x_wconf 78' lang='grc' dir='ltr'><strong><em>ἐς</em></strong></span> <span class='ocrx_word' id='word_1_51' title='bbox 366 948 403 992; x_wconf 88' lang='grc' dir='ltr'><strong><em>το</em></strong></span> <span class='ocrx_word' id='word_1_52' title='bbox 419 921 544 1010; x_wconf 87' lang='grc' dir='ltr'><strong><em>ίρδν</em></strong></span> <span class='ocrx_word' id='word_1_53' title='bbox 505 948 563 1009; x_wconf 89' lang='grc' dir='ltr'><strong><em>της</em></strong></span> <span class='ocrx_word' id='word_1_54' title='bbox 575 920 755 1012; x_wconf 73' lang='grc' dir='ltr'><strong><em>Ἀθηναίης</em></strong></span> <span class='ocrx_word' id='word_1_55' title='bbox 768 928 862 996; x_wconf 80' lang='grc' dir='ltr'><strong><em>ἐνί</em></strong></span> <span class='ocrx_word' id='word_1_56' title='bbox 815 936 848 995; x_wconf 94' lang='lat' dir='ltr'><em>A</em></span> <span class='ocrx_word' id='word_1_57' title='bbox 847 933 947 1018; x_wconf 88' lang='grc' dir='ltr'><strong><em>ί.γίνη</em></strong></span> <span class='ocrx_word' id='word_1_58' title='bbox 969 938 1074 1000; x_wconf 82' lang='grc' dir='ltr'><strong><em>ταῦτα</em></strong></span> 
     </span>
    </p>

    <p class='ocr_par' dir='ltr' id='par_1_3' title="bbox 70 1017 1095 1505">
     <span class='ocr_line' id='line_1_8' title="bbox 76 1017 1075 1141; baseline 0.011 -53.505"><span class='ocrx_word' id='word_1_59' title='bbox 76 1017 283 1141; x_wconf 76' lang='grc' dir='ltr'><strong><em>δδέποίησαν</em></strong></span> <span class='ocrx_word' id='word_1_60' title='bbox 300 1026 438 1108; x_wconf 76' lang='grc' dir='ltr'><strong><em>ἔγκοτον</em></strong></span> <span class='ocrx_word' id='word_1_61' title='bbox 453 1026 583 1107; x_wconf 81' lang='grc' dir='ltr'><strong><em>ἔχοντες</em></strong></span> <span class='ocrx_word' id='word_1_62' title='bbox 597 1029 756 1139; x_wconf 85' lang='grc' dir='ltr'><strong><em>Σαμίοισι</em></strong></span> <span class='ocrx_word' id='word_1_63' title='bbox 769 1030 955 1114; x_wconf 72' lang='grc' dir='ltr'><strong><em>Αἰγινῆτα.</em></strong></span> <span class='ocrx_word' id='word_1_64' title='bbox 987 1031 1075 1118; x_wconf 82' lang='grc' dir='ltr'><strong><em>πρό·</em></strong></span> 
     </span>
     <span class='ocr_line' id='line_1_9' title="bbox 73 1115 1074 1209; baseline 0.014 -27"><span class='ocrx_word' id='word_1_65' title='bbox 73 1141 158 1202; x_wconf 83' lang='grc' dir='ltr'><strong><em>τεροι</em></strong></span> <span class='ocrx_word' id='word_1_66' title='bbox 179 1117 247 1207; x_wconf 82' lang='grc' dir='ltr'><strong><em>γάρ</em></strong></span> <span class='ocrx_word' id='word_1_67' title='bbox 271 1118 397 1206; x_wconf 80' lang='grc' dir='ltr'><strong><em>Σάμιοι</em></strong></span> <span class='ocrx_word' id='word_1_68' title='bbox 424 1115 477 1186; x_wconf 78' lang='grc' dir='ltr'><strong><em>ἐπ’</em></strong></span> <span class='ocrx_word' id='word_1_69' title='bbox 501 1115 739 1207; x_wconf 76' lang='grc' dir='ltr'><strong><em>Ἀμφικράτεος</em></strong></span> <span class='ocrx_word' id='word_1_70' title='bbox 766 1123 1004 1209; x_wconf 74' lang='grc' dir='ltr'><strong><em>βασιλεύοντος</em></strong></span> <span class='ocrx_word' id='word_1_71' title='bbox 1035 1129 1074 1196; x_wconf 77' lang='grc' dir='ltr'><strong><em>ἐν</em></strong></span> 
     </span>
     <span class='ocr_line' id='line_1_10' title="bbox 72 1212 1095 1312; baseline 0.011 -30"><span class='ocrx_word' id='word_1_72' title='bbox 72 1212 174 1308; x_wconf 87' lang='grc' dir='ltr'><strong><em>Σάμφ</em></strong></span> <span class='ocrx_word' id='word_1_73' title='bbox 189 1214 471 1303; x_wconf 89' lang='grc' dir='ltr'><strong><em>στρατευσάμενοι</em></strong></span> <span class='ocrx_word' id='word_1_74' title='bbox 486 1213 537 1284; x_wconf 79' lang='grc' dir='ltr'><strong><em>ἐπ’</em></strong></span> <span class='ocrx_word' id='word_1_75' title='bbox 550 1225 697 1304; x_wconf 83' lang='grc' dir='ltr'><strong><em>Αίγιναν</em></strong></span> <span class='ocrx_word' id='word_1_76' title='bbox 713 1218 841 1306; x_wconf 86' lang='grc' dir='ltr'><strong><em>μεγάλα</em></strong></span> <span class='ocrx_word' id='word_1_77' title='bbox 854 1220 941 1290; x_wconf 83' lang='grc' dir='ltr'><strong><em>κακά</em></strong></span> <span class='ocrx_word' id='word_1_78' title='bbox 958 1226 1073 1312; x_wconf 79' lang='grc' dir='ltr'><strong><em>ἐποίη-</em></strong></span> <span class='ocrx_word' id='word_1_79' title='bbox 1092 1272 1095 1277; x_wconf 68' lang='grc'><strong><em>»</em></strong></span> 
     </span>
     <span class='ocr_line' id='line_1_11' title="bbox 70 1313 1070 1433; baseline 0.009 -50"><span class='ocrx_word' id='word_1_80' title='bbox 70 1338 132 1385; x_wconf 90' lang='grc' dir='ltr'><strong><em>σαν</em></strong></span> <span class='ocrx_word' id='word_1_81' title='bbox 147 1317 332 1433; x_wconf 81' lang='grc' dir='ltr'><strong><em>Αἰγινήτας</em></strong></span> <span class='ocrx_word' id='word_1_82' title='bbox 355 1320 410 1387; x_wconf 77' lang='grc' dir='ltr'><strong><em>καὶ</em></strong></span> <span class='ocrx_word' id='word_1_83' title='bbox 434 1314 605 1387; x_wconf 60' lang='grc' dir='ltr'><strong><em>ἔπαθον*</em></strong></span> <span class='ocrx_word' id='word_1_84' title='bbox 587 1313 647 1385; x_wconf 88' lang='grc' dir='ltr'><strong><em>νπ’</em></strong></span> <span class='ocrx_word' id='word_1_85' title='bbox 676 1317 873 1388; x_wconf 76' lang='grc' dir='ltr'><strong><em>ἐκείνωνι</em></strong></span> <span class='ocrx_word' id='word_1_86' title='bbox 856 1347 887 1408; x_wconf 91' lang='grc' dir='ltr'><strong><em>η</em></strong></span> <span class='ocrx_word' id='word_1_87' title='bbox 898 1324 961 1408; x_wconf 69' lang='grc' dir='ltr'><strong><em>μὲν</em></strong></span> <span class='ocrx_word' id='word_1_88' title='bbox 983 1329 1070 1410; x_wconf 86' lang='grc' dir='ltr'><strong><em>αίτίη</em></strong></span> 
     </span>
     <span class='ocr_line' id='line_1_12' title="bbox 70 1414 158 1505; baseline 0.063 -24"><span class='ocrx_word' id='word_1_89' title='bbox 70 1414 158 1505; x_wconf 79' lang='grc' dir='ltr'><strong><em>αὕτη.</em></strong></span> 
     </span>
    </p>

    <p class='ocr_par' dir='ltr' id='par_1_4' title="bbox 62 1513 1201 2103">
     <span class='ocr_line' id='line_1_13' title="bbox 146 1513 1120 1606; baseline 0.004 -19.016"><span class='ocrx_word' id='word_1_90' title='bbox 146 1516 364 1606; x_wconf 73' lang='grc' dir='ltr'><strong><em>Ἐμήκυναδὲ</em></strong></span> <span class='ocrx_word' id='word_1_91' title='bbox 377 1519 453 1602; x_wconf 77' lang='grc' dir='ltr'><strong><em>περὶ</em></strong></span> <span class='ocrx_word' id='word_1_92' title='bbox 464 1520 604 1602; x_wconf 83' lang='grc' dir='ltr'><strong><em>Σαμίων</em></strong></span> <span class='ocrx_word' id='word_1_93' title='bbox 617 1513 799 1602; x_wconf 81' lang='grc' dir='ltr'><strong><em>μάλλον,“</em></strong></span> <span class='ocrx_word' id='word_1_94' title='bbox 778 1541 830 1585; x_wconf 89' lang='grc' dir='ltr'><strong><em>οτι</em></strong></span> <span class='ocrx_word' id='word_1_95' title='bbox 844 1535 905 1603; x_wconf 85' lang='grc' dir='ltr'><strong><em>σφι</em></strong></span> <span class='ocrx_word' id='word_1_96' title='bbox 915 1522 991 1603; x_wconf 86' lang='grc' dir='ltr'><strong><em>τρία</em></strong></span> <span class='ocrx_word' id='word_1_97' title='bbox 1004 1519 1072 1587; x_wconf 76' lang='grc' dir='ltr'><strong><em>ἐστὶ</em></strong></span> <span class='ocrx_word' id='word_1_98' title='bbox 1085 1538 1120 1592; x_wconf 78' lang='lat'><strong><em>60</em></strong></span> 
     </span>
     <span class='ocr_line' id='line_1_14' title="bbox 68 1611 1071 1704; baseline 0.005 -22"><span class='ocrx_word' id='word_1_99' title='bbox 68 1618 203 1701; x_wconf 78' lang='grc' dir='ltr'><strong><em>μέγιστα</em></strong></span> <span class='ocrx_word' id='word_1_100' title='bbox 237 1613 399 1685; x_wconf 78' lang='grc' dir='ltr'><strong><em>ἁπάντων</em></strong></span> <span class='ocrx_word' id='word_1_101' title='bbox 424 1611 594 1701; x_wconf 78' lang='grc' dir='ltr'><strong><em>Ἑλλήνων</em></strong></span> <span class='ocrx_word' id='word_1_102' title='bbox 618 1616 857 1703; x_wconf 79' lang='grc' dir='ltr'><strong><em>ἐξεργασμένα,</em></strong></span> <span class='ocrx_word' id='word_1_103' title='bbox 889 1614 1009 1704; x_wconf 86' lang='grc' dir='ltr'><strong><em>ούρεός</em></strong></span> <span class='ocrx_word' id='word_1_104' title='bbox 1034 1644 1071 1687; x_wconf 86' lang='grc' dir='ltr'><strong><em>τε</em></strong></span> 
     </span>
     <span class='ocr_line' id='line_1_15' title="bbox 67 1709 1070 1801; baseline 0.005 -23"><span class='ocrx_word' id='word_1_105' title='bbox 67 1709 197 1801; x_wconf 73' lang='grc' dir='ltr'><strong><em>ὑψηλοῦ</em></strong></span> <span class='ocrx_word' id='word_1_106' title='bbox 229 1718 264 1796; x_wconf 85' lang='grc' dir='ltr'><strong><em>ἐς</em></strong></span> <span class='ocrx_word' id='word_1_107' title='bbox 290 1713 498 1800; x_wconf 85' lang='grc' dir='ltr'><strong><em>πεντήκοντα</em></strong></span> <span class='ocrx_word' id='word_1_108' title='bbox 523 1715 579 1781; x_wconf 80' lang='grc' dir='ltr'><strong><em>καί</em></strong></span> <span class='ocrx_word' id='word_1_109' title='bbox 607 1712 728 1782; x_wconf 78' lang='grc' dir='ltr'><strong><em>ἑκατόν</em></strong></span> <span class='ocrx_word' id='word_1_110' title='bbox 756 1711 915 1801; x_wconf 84' lang='grc' dir='ltr'><strong><em>ὀργυιάς,</em></strong></span> <span class='ocrx_word' id='word_1_111' title='bbox 946 1715 1070 1784; x_wconf 87' lang='grc' dir='ltr'><strong><em>τούτου</em></strong></span> 
     </span>
     <span class='ocr_line' id='line_1_16' title="bbox 66 1809 1070 1904; baseline 0.006 -25"><span class='ocrx_word' id='word_1_112' title='bbox 66 1809 197 1902; x_wconf 77' lang='grc' dir='ltr'><strong><em>ὄρυγμα</em></strong></span> <span class='ocrx_word' id='word_1_113' title='bbox 212 1815 370 1885; x_wconf 75' lang='grc' dir='ltr'><strong><em>κάτωθεν</em></strong></span> <span class='ocrx_word' id='word_1_114' title='bbox 382 1810 583 1901; x_wconf 72' lang='grc' dir='ltr'><strong><em>ἀρξάμενον,</em></strong></span> <span class='ocrx_word' id='word_1_115' title='bbox 598 1811 817 1903; x_wconf 79' lang='grc' dir='ltr'><strong><em>ἀμφίστομον.</em></strong></span> <span class='ocrx_word' id='word_1_116' title='bbox 839 1814 878 1885; x_wconf 82' lang='grc' dir='ltr'><strong><em>τό</em></strong></span> <span class='ocrx_word' id='word_1_117' title='bbox 890 1818 952 1904; x_wconf 74' lang='grc' dir='ltr'><strong><em>μὲν</em></strong></span> <span class='ocrx_word' id='word_1_118' title='bbox 965 1824 1070 1904; x_wconf 82' lang='grc' dir='ltr'><strong><em>μήκος</em></strong></span> 
     </span>
     <span class='ocr_line' id='line_1_17' title="bbox 64 1909 1068 2002; baseline 0.005 -24"><span class='ocrx_word' id='word_1_119' title='bbox 64 1919 123 1980; x_wconf 84' lang='grc' dir='ltr'><strong><em>τοῦ</em></strong></span> <span class='ocrx_word' id='word_1_120' title='bbox 138 1910 331 2002; x_wconf 81' lang='grc' dir='ltr'><strong><em>ὀρύγματος</em></strong></span> <span class='ocrx_word' id='word_1_121' title='bbox 352 1909 433 1981; x_wconf 82' lang='grc' dir='ltr'><strong><em>ἑπτά</em></strong></span> <span class='ocrx_word' id='word_1_122' title='bbox 448 1913 580 1982; x_wconf 89' lang='grc' dir='ltr'><strong><em>σιάδιοί</em></strong></span> <span class='ocrx_word' id='word_1_123' title='bbox 591 1919 671 2000; x_wconf 83' lang='grc' dir='ltr'><strong><em>είσι,</em></strong></span> <span class='ocrx_word' id='word_1_124' title='bbox 691 1912 729 1981; x_wconf 89' lang='grc' dir='ltr'><strong><em>τδ</em></strong></span> <span class='ocrx_word' id='word_1_125' title='bbox 746 1914 782 1984; x_wconf 72' lang='grc' dir='ltr'><strong><em>δὲ</em></strong></span> <span class='ocrx_word' id='word_1_126' title='bbox 797 1913 884 1997; x_wconf 78' lang='grc' dir='ltr'><strong><em>ύψος</em></strong></span> <span class='ocrx_word' id='word_1_127' title='bbox 898 1919 953 1985; x_wconf 77' lang='grc' dir='ltr'><strong><em>καὶ</em></strong></span> <span class='ocrx_word' id='word_1_128' title='bbox 970 1910 1068 2000; x_wconf 85' lang='grc' dir='ltr'><strong><em>εύρος</em></strong></span> 
     </span>
     <span class='ocr_line' id='line_1_18' title="bbox 62 2005 1201 2103; baseline 0.006 -27"><span class='ocrx_word' id='word_1_129' title='bbox 62 2005 146 2079; x_wconf 87' lang='grc' dir='ltr'><strong><em>όκτω</em></strong></span> <span class='ocrx_word' id='word_1_130' title='bbox 135 2009 326 2098; x_wconf 75' lang='grc' dir='ltr'><strong><em>ἑκάτερον</em></strong></span> <span class='ocrx_word' id='word_1_131' title='bbox 340 2010 449 2090; x_wconf 85' lang='grc' dir='ltr'><strong><em>πόδες</em></strong></span> <span class='ocrx_word' id='word_1_132' title='bbox 473 2007 529 2078; x_wconf 84' lang='grc' dir='ltr'><strong><em>διά</em></strong></span> <span class='ocrx_word' id='word_1_133' title='bbox 543 2008 1067 2103; x_wconf 78' lang='grc' dir='ltr'><strong><em>παντδςδδαύτοῦάλλοόρυγμα</em></strong></span> <span class='ocrx_word' id='word_1_134' title='bbox 1194 2030 1201 2037; x_wconf 87' lang='grc'><em>·</em></span> 
     </span>
    </p>

    <p class='ocr_par' dir='ltr' id='par_1_5' title="bbox 50 2106 1068 3099">
     <span class='ocr_line' id='line_1_19' title="bbox 60 2106 1063 2228; baseline 0.007 -53.211"><span class='ocrx_word' id='word_1_135' title='bbox 60 2112 257 2198; x_wconf 83' lang='grc' dir='ltr'><strong><em>εἰκοσίπηχυ</em></strong></span> <span class='ocrx_word' id='word_1_136' title='bbox 271 2106 411 2197; x_wconf 85' lang='grc' dir='ltr'><strong><em>βάθος’</em></strong></span> <span class='ocrx_word' id='word_1_137' title='bbox 394 2108 599 2228; x_wconf 83' lang='grc' dir='ltr'><strong><em>ορύρακται,</em></strong></span> <span class='ocrx_word' id='word_1_138' title='bbox 622 2118 678 2197; x_wconf 86' lang='grc' dir='ltr'><strong><em>τρί</em></strong></span> <span class='ocrx_word' id='word_1_139' title='bbox 676 2136 765 2180; x_wconf 89' lang='grc' dir='ltr'><strong><em>πονν</em></strong></span> <span class='ocrx_word' id='word_1_140' title='bbox 780 2111 867 2181; x_wconf 79' lang='grc' dir='ltr'><strong><em>δδ</em></strong></span> <span class='ocrx_word' id='word_1_141' title='bbox 832 2130 870 2181; x_wconf 90' lang='grc' dir='ltr'><strong><em>το</em></strong></span> <span class='ocrx_word' id='word_1_142' title='bbox 887 2108 996 2201; x_wconf 86' lang='grc' dir='ltr'><strong><em>εύρος,</em></strong></span> <span class='ocrx_word' id='word_1_143' title='bbox 1018 2112 1063 2182; x_wconf 92' lang='grc' dir='ltr'><strong><em>δι</em></strong></span> 
     </span>
     <span class='ocr_line' id='line_1_20' title="bbox 59 2199 1066 2299; baseline 0.007 -25"><span class='ocrx_word' id='word_1_144' title='bbox 59 2199 151 2278; x_wconf 86' lang='grc' dir='ltr'><strong><em>σύτο</em></strong></span> <span class='ocrx_word' id='word_1_145' title='bbox 141 2206 306 2294; x_wconf 86' lang='grc' dir='ltr'><strong><em>ύδωρ’</em></strong></span> <span class='ocrx_word' id='word_1_146' title='bbox 289 2210 527 2296; x_wconf 84' lang='grc' dir='ltr'><strong><em>οχετευόμενον</em></strong></span> <span class='ocrx_word' id='word_1_147' title='bbox 544 2209 601 2280; x_wconf 83' lang='grc' dir='ltr'><strong><em>διά</em></strong></span> <span class='ocrx_word' id='word_1_148' title='bbox 621 2211 783 2299; x_wconf 77' lang='grc' dir='ltr'><strong><em>σωλήνων</em></strong></span> <span class='ocrx_word' id='word_1_149' title='bbox 799 2219 1016 2299; x_wconf 89' lang='grc' dir='ltr'><strong><em>παραγίνεται</em></strong></span> <span class='ocrx_word' id='word_1_150' title='bbox 1033 2215 1066 2292; x_wconf 64' lang='lat' dir='ltr'><strong><em>dc</em></strong></span> 
     </span>
     <span class='ocr_line' id='line_1_21' title="bbox 57 2308 1068 2401; baseline 0.006 -25"><span class='ocrx_word' id='word_1_151' title='bbox 57 2337 117 2398; x_wconf 92' lang='grc' dir='ltr'><strong><em>την</em></strong></span> <span class='ocrx_word' id='word_1_152' title='bbox 130 2308 273 2386; x_wconf 85' lang='grc' dir='ltr'><strong><em>πόλιν’</em></strong></span> <span class='ocrx_word' id='word_1_153' title='bbox 253 2309 422 2398; x_wconf 89' lang='grc' dir='ltr'><strong><em>αγύμενον</em></strong></span> <span class='ocrx_word' id='word_1_154' title='bbox 436 2309 501 2380; x_wconf 86' lang='grc' dir='ltr'><strong><em>άπδ</em></strong></span> <span class='ocrx_word' id='word_1_155' title='bbox 514 2313 660 2400; x_wconf 84' lang='grc' dir='ltr'><strong><em>μεγάλης</em></strong></span> <span class='ocrx_word' id='word_1_156' title='bbox 674 2320 790 2401; x_wconf 81' lang='grc' dir='ltr'><strong><em>πηγῆς.</em></strong></span> <span class='ocrx_word' id='word_1_157' title='bbox 813 2311 1012 2398; x_wconf 74' lang='grc' dir='ltr'><strong><em>ἀρχιτέκτων</em></strong></span> <span class='ocrx_word' id='word_1_158' title='bbox 1029 2314 1068 2382; x_wconf 70' lang='grc' dir='ltr'><strong><em>δὲ</em></strong></span> 
     </span>
     <span class='ocr_line' id='line_1_22' title="bbox 58 2409 1067 2501; baseline 0.001 -21"><span class='ocrx_word' id='word_1_159' title='bbox 58 2422 118 2481; x_wconf 81' lang='grc' dir='ltr'><strong><em>τοῦ</em></strong></span> <span class='ocrx_word' id='word_1_160' title='bbox 145 2412 344 2501; x_wconf 84' lang='grc' dir='ltr'><strong><em>ὀρύγματος</em></strong></span> <span class='ocrx_word' id='word_1_161' title='bbox 366 2413 490 2481; x_wconf 86' lang='grc' dir='ltr'><strong><em>τούτου</em></strong></span> <span class='ocrx_word' id='word_1_162' title='bbox 515 2415 647 2500; x_wconf 73' lang='grc' dir='ltr'><strong><em>ἐγένετο</em></strong></span> <span class='ocrx_word' id='word_1_163' title='bbox 673 2409 854 2499; x_wconf 79' lang='grc' dir='ltr'><strong><em>Μεγαρεύς</em></strong></span> <span class='ocrx_word' id='word_1_164' title='bbox 877 2409 1067 2493; x_wconf 76' lang='grc' dir='ltr'><strong><em>Εὐπαλῖνος</em></strong></span> 
     </span>
     <span class='ocr_line' id='line_1_23' title="bbox 57 2509 1066 2600; baseline 0.003 -22"><span class='ocrx_word' id='word_1_165' title='bbox 57 2511 305 2600; x_wconf 89' lang='grc' dir='ltr'><strong><em>Ναυστρόφου.</em></strong></span> <span class='ocrx_word' id='word_1_166' title='bbox 335 2516 434 2578; x_wconf 87' lang='grc' dir='ltr'><strong><em>τούτο</em></strong></span> <span class='ocrx_word' id='word_1_167' title='bbox 454 2511 516 2597; x_wconf 68' lang='grc' dir='ltr'><strong><em>μὲν</em></strong></span> <span class='ocrx_word' id='word_1_168' title='bbox 532 2509 572 2598; x_wconf 85' lang='grc' dir='ltr'><strong><em>δή</em></strong></span> <span class='ocrx_word' id='word_1_169' title='bbox 588 2515 626 2579; x_wconf 74' lang='grc' dir='ltr'><strong><em>ἓν</em></strong></span> <span class='ocrx_word' id='word_1_170' title='bbox 641 2518 710 2580; x_wconf 80' lang='grc' dir='ltr'><strong><em>τῶν</em></strong></span> <span class='ocrx_word' id='word_1_171' title='bbox 726 2518 829 2598; x_wconf 81' lang='grc' dir='ltr'><strong><em>τριῶν</em></strong></span> <span class='ocrx_word' id='word_1_172' title='bbox 850 2513 933 2598; x_wconf 74' lang='grc' dir='ltr'><strong><em>ἐστὶ,</em></strong></span> <span class='ocrx_word' id='word_1_173' title='bbox 951 2512 1066 2581; x_wconf 86' lang='grc' dir='ltr'><strong><em>δεύτε-</em></strong></span> 
     </span>
     <span class='ocr_line' id='line_1_24' title="bbox 55 2609 1064 2701; baseline 0.001 -24"><span class='ocrx_word' id='word_1_174' title='bbox 55 2636 117 2694; x_wconf 93' lang='grc' dir='ltr'><strong><em>ρον</em></strong></span> <span class='ocrx_word' id='word_1_175' title='bbox 128 2612 166 2680; x_wconf 74' lang='grc' dir='ltr'><strong><em>δὲ</em></strong></span> <span class='ocrx_word' id='word_1_176' title='bbox 177 2612 260 2698; x_wconf 77' lang='grc' dir='ltr'><strong><em>περὶ</em></strong></span> <span class='ocrx_word' id='word_1_177' title='bbox 269 2610 388 2697; x_wconf 82' lang='grc' dir='ltr'><strong><em>λιμένα</em></strong></span> <span class='ocrx_word' id='word_1_178' title='bbox 397 2616 491 2697; x_wconf 79' lang='grc' dir='ltr'><strong><em>χῶμα</em></strong></span> <span class='ocrx_word' id='word_1_179' title='bbox 502 2612 539 2678; x_wconf 77' lang='grc' dir='ltr'><strong><em>ἐν</em></strong></span> <span class='ocrx_word' id='word_1_180' title='bbox 552 2611 724 2701; x_wconf 82' lang='grc' dir='ltr'><strong><em>θαλάσση,</em></strong></span> <span class='ocrx_word' id='word_1_181' title='bbox 739 2610 848 2700; x_wconf 86' lang='grc' dir='ltr'><strong><em>βάθος</em></strong></span> <span class='ocrx_word' id='word_1_182' title='bbox 862 2609 945 2680; x_wconf 83' lang='grc' dir='ltr'><strong><em>κατά</em></strong></span> <span class='ocrx_word' id='word_1_183' title='bbox 961 2621 1064 2680; x_wconf 86' lang='grc' dir='ltr'><strong><em>είκοσι</em></strong></span> 
     </span>
     <span class='ocr_line' id='line_1_25' title="bbox 54 2705 1061 2799; baseline 0.002 -24"><span class='ocrx_word' id='word_1_184' title='bbox 54 2705 244 2797; x_wconf 81' lang='grc' dir='ltr'><strong><em>ὀργυιέων,</em></strong></span> <span class='ocrx_word' id='word_1_185' title='bbox 266 2715 372 2799; x_wconf 79' lang='grc' dir='ltr'><strong><em>μῆκος</em></strong></span> <span class='ocrx_word' id='word_1_186' title='bbox 395 2706 431 2777; x_wconf 77' lang='grc' dir='ltr'><strong><em>δδ</em></strong></span> <span class='ocrx_word' id='word_1_187' title='bbox 451 2713 513 2777; x_wconf 85' lang='grc' dir='ltr'><strong><em>τοῦ</em></strong></span> <span class='ocrx_word' id='word_1_188' title='bbox 534 2708 685 2795; x_wconf 82' lang='grc' dir='ltr'><strong><em>χιόματος</em></strong></span> <span class='ocrx_word' id='word_1_189' title='bbox 704 2714 802 2796; x_wconf 74' lang='grc' dir='ltr'><strong><em>μέζον</em></strong></span> <span class='ocrx_word' id='word_1_190' title='bbox 826 2709 890 2777; x_wconf 92' lang='grc' dir='ltr'><strong><em>δύο</em></strong></span> <span class='ocrx_word' id='word_1_191' title='bbox 909 2712 1061 2777; x_wconf 89' lang='grc' dir='ltr'><strong><em>σταδίων.</em></strong></span> 
     </span>
     <span class='ocr_line' id='line_1_26' title="bbox 51 2804 1064 2896; baseline 0.001 -21"><span class='ocrx_word' id='word_1_192' title='bbox 51 2816 167 2895; x_wconf 88' lang='grc' dir='ltr'><strong><em>τρίτον</em></strong></span> <span class='ocrx_word' id='word_1_193' title='bbox 189 2811 232 2877; x_wconf 80' lang='grc' dir='ltr'><strong><em>δέ</em></strong></span> <span class='ocrx_word' id='word_1_194' title='bbox 250 2828 313 2895; x_wconf 90' lang='grc' dir='ltr'><strong><em>σφι</em></strong></span> <span class='ocrx_word' id='word_1_195' title='bbox 334 2810 525 2894; x_wconf 75' lang='grc' dir='ltr'><strong><em>ἐξέργασται</em></strong></span> <span class='ocrx_word' id='word_1_196' title='bbox 545 2804 627 2894; x_wconf 88' lang='grc' dir='ltr'><strong><em>νηδς</em></strong></span> <span class='ocrx_word' id='word_1_197' title='bbox 642 2809 795 2896; x_wconf 80' lang='grc' dir='ltr'><strong><em>μέγιστος</em></strong></span> <span class='ocrx_word' id='word_1_198' title='bbox 814 2807 952 2877; x_wconf 89' lang='grc' dir='ltr'><strong><em>πάντων</em></strong></span> <span class='ocrx_word' id='word_1_199' title='bbox 970 2813 1064 2894; x_wconf 79' lang='grc' dir='ltr'><strong><em>νηόν</em></strong></span> 
     </span>
     <span class='ocr_line' id='line_1_27' title="bbox 50 2904 1063 2998; baseline 0.001 -21"><span class='ocrx_word' id='word_1_200' title='bbox 50 2917 119 2978; x_wconf 79' lang='grc' dir='ltr'><strong><em>τῶν</em></strong></span> <span class='ocrx_word' id='word_1_201' title='bbox 138 2908 239 2998; x_wconf 73' lang='grc' dir='ltr'><strong><em>ἡμεῖς</em></strong></span> <span class='ocrx_word' id='word_1_202' title='bbox 257 2913 371 2996; x_wconf 83' lang='grc' dir='ltr'><strong><em>ίδμεν,</em></strong></span> <span class='ocrx_word' id='word_1_203' title='bbox 392 2914 454 2976; x_wconf 89' lang='grc' dir='ltr'><strong><em>τού</em></strong></span> <span class='ocrx_word' id='word_1_204' title='bbox 474 2904 676 2995; x_wconf 83' lang='grc' dir='ltr'><strong><em>όρχιτέκτων</em></strong></span> <span class='ocrx_word' id='word_1_205' title='bbox 692 2915 823 2996; x_wconf 80' lang='grc' dir='ltr'><strong><em>πρῶτος</em></strong></span> <span class='ocrx_word' id='word_1_206' title='bbox 839 2911 968 2995; x_wconf 79' lang='grc' dir='ltr'><strong><em>ἐγένετο</em></strong></span> <span class='ocrx_word' id='word_1_207' title='bbox 979 2904 1063 2978; x_wconf 77' lang='lat' dir='ltr'><em>‘Poc-</em></span> 
     </span>
     <span class='ocr_line' id='line_1_28' title="bbox 50 3007 1063 3099; baseline -0.003 -20"><span class='ocrx_word' id='word_1_208' title='bbox 50 3023 108 3091; x_wconf 82' lang='grc' dir='ltr'><strong><em>κὀς</em></strong></span> <span class='ocrx_word' id='word_1_209' title='bbox 129 3019 249 3081; x_wconf 87' lang='grc' dir='ltr'><strong><em>Φίλεω</em></strong></span> <span class='ocrx_word' id='word_1_210' title='bbox 277 3008 459 3099; x_wconf 73' lang='grc' dir='ltr'><strong><em>ἐπιχώριος.</em></strong></span> <span class='ocrx_word' id='word_1_211' title='bbox 491 3009 622 3078; x_wconf 89' lang='grc' dir='ltr'><strong><em>τούτων</em></strong></span> <span class='ocrx_word' id='word_1_212' title='bbox 639 3011 767 3078; x_wconf 80' lang='grc' dir='ltr'><strong><em>εἵνεκεν</em></strong></span> <span class='ocrx_word' id='word_1_213' title='bbox 785 3007 915 3096; x_wconf 84' lang='grc' dir='ltr'><strong><em>μᾶλλόν</em></strong></span> <span class='ocrx_word' id='word_1_214' title='bbox 933 3033 966 3078; x_wconf 91' lang='grc' dir='ltr'><strong><em>τι</em></strong></span> <span class='ocrx_word' id='word_1_215' title='bbox 986 3010 1063 3095; x_wconf 78' lang='grc' dir='ltr'><strong><em>περὶ</em></strong></span> 
     </span>
    </p>
   </div>
   <div class='ocr_carea' id='block_1_3' title="bbox 50 3084 1261 3500">
    <p class='ocr_par' dir='ltr' id='par_1_6' title="bbox 50 3084 1261 3301">
     <span class='ocr_line' id='line_1_29' title="bbox 50 3084 1261 3263; baseline -0.007 -83"><span class='ocrx_word' id='word_1_216' title='bbox 50 3118 194 3199; x_wconf 85' lang='grc' dir='ltr'><strong><em>Σαμίων</em></strong></span> <span class='ocrx_word' id='word_1_217' title='bbox 210 3109 375 3199; x_wconf 77' lang='grc' dir='ltr'><strong><em>ἐμήκυνα</em></strong></span> <span class='ocrx_word' id='word_1_218' title='bbox 1256 3084 1261 3263; x_wconf 43' lang='grc' dir='ltr'>Ξ</span> 
     </span>
     <span class='ocr_line' id='line_1_30' title="bbox 132 3211 1109 3330; baseline -0.005 -49"><span class='ocrx_word' id='word_1_219' title='bbox 132 3211 311 3301; x_wconf 86' lang='grc' dir='ltr'><strong><em>Καμβυση</em></strong></span> <span class='ocrx_word' id='word_1_220' title='bbox 328 3211 365 3280; x_wconf 93' lang='grc' dir='ltr'><strong><em>δ</em></strong></span> <span class='ocrx_word' id='word_1_221' title='bbox 386 3237 431 3301; x_wconf 82' lang='grc' dir='ltr'><strong><em>τφ</em></strong></span> <span class='ocrx_word' id='word_1_222' title='bbox 416 3212 568 3301; x_wconf 75' lang='grc' dir='ltr'><strong><em>’Κύρου</em></strong></span> <span class='ocrx_word' id='word_1_223' title='bbox 586 3217 770 3300; x_wconf 79' lang='grc' dir='ltr'><strong><em>χρονίζοντι</em></strong></span> <span class='ocrx_word' id='word_1_224' title='bbox 789 3213 864 3296; x_wconf 81' lang='grc' dir='ltr'><strong><em>περὶ</em></strong></span> <span class='ocrx_word' id='word_1_225' title='bbox 886 3220 1061 3330; x_wconf 58' lang='grc' dir='ltr'><strong><em>ιήίγυπτον</em></strong></span> <span class='ocrx_word' id='word_1_226' title='bbox 1078 3231 1109 3286; x_wconf 77' lang='lat'><strong><em>61</em></strong></span> 
     </span>
    </p>

    <p class='ocr_par' dir='ltr' id='par_1_7' title="bbox 50 3306 1059 3400">
     <span class='ocr_line' id='line_1_31' title="bbox 50 3306 1059 3400; baseline -0.003 -22"><span class='ocrx_word' id='word_1_227' title='bbox 50 3315 104 3382; x_wconf 85' lang='grc' dir='ltr'><strong><em>καὶ</em></strong></span> <span class='ocrx_word' id='word_1_228' title='bbox 131 3336 293 3400; x_wconf 88' lang='grc' dir='ltr'><strong><em>παραφρ</em></strong></span> <span class='ocrx_word' id='word_1_229' title='bbox 294 3308 445 3399; x_wconf 70' lang='grc' dir='ltr'><strong><em>»νήσαντο</em></strong></span> <span class='ocrx_word' id='word_1_230' title='bbox 468 3312 696 3380; x_wconf 73' lang='grc' dir='ltr'><strong><em>ἐπανιστέαται</em></strong></span> <span class='ocrx_word' id='word_1_231' title='bbox 723 3306 843 3396; x_wconf 86' lang='grc' dir='ltr'><strong><em>άνδρες</em></strong></span> <span class='ocrx_word' id='word_1_232' title='bbox 869 3306 970 3395; x_wconf 92' lang='grc' dir='ltr'><strong><em>μάγοι</em></strong></span> <span class='ocrx_word' id='word_1_233' title='bbox 996 3307 1059 3375; x_wconf 87' lang='grc' dir='ltr'><strong><em>δύο</em></strong></span> 
     </span>
    </p>

    <p class='ocr_par' dir='ltr' id='par_1_8' title="bbox 50 3401 1062 3500">
     <span class='ocr_line' id='line_1_32' title="bbox 50 3401 1062 3500; baseline -0.005 -25"><span class='ocrx_word' id='word_1_234' title='bbox 50 3401 229 3500; x_wconf 79' lang='grc' dir='ltr'><strong><em>ἀδελφεοί,</em></strong></span> <span class='ocrx_word' id='word_1_235' title='bbox 252 3437 325 3479; x_wconf 91' lang='grc' dir='ltr'><strong><em>των</em></strong></span> <span class='ocrx_word' id='word_1_236' title='bbox 337 3408 398 3480; x_wconf 87' lang='grc' dir='ltr'><strong><em>τόν</em></strong></span> <span class='ocrx_word' id='word_1_237' title='bbox 413 3413 528 3498; x_wconf 89' lang='grc' dir='ltr'><strong><em>ετερον</em></strong></span> <span class='ocrx_word' id='word_1_238' title='bbox 542 3415 774 3479; x_wconf 87' lang='grc' dir='ltr'><strong><em>καταλελοίπεε</em></strong></span> <span class='ocrx_word' id='word_1_239' title='bbox 786 3412 855 3474; x_wconf 80' lang='grc' dir='ltr'><strong><em>τῶν</em></strong></span> <span class='ocrx_word' id='word_1_240' title='bbox 870 3410 984 3475; x_wconf 79' lang='grc' dir='ltr'><strong><em>οἰκίων</em></strong></span> <span class='ocrx_word' id='word_1_241' title='bbox 1000 3428 1062 3490; x_wconf 84' lang='grc' dir='ltr'><strong><em>με-</em></strong></span> 
     </span>
    </p>
   </div>
   <div class='ocr_carea' id='block_1_4' title="bbox 48 3499 1062 3657">
    <p class='ocr_par' dir='ltr' id='par_1_9' title="bbox 48 3499 1062 3657">
     <span class='ocr_line' id='line_1_33' title="bbox 48 3499 1062 3657; baseline -0.007 -77"><span class='ocrx_word' id='word_1_242' title='bbox 48 3506 239 3580; x_wconf 86' lang='grc' dir='ltr'><strong><em>λεδωνδνὸ</em></strong></span> <span class='ocrx_word' id='word_1_243' title='bbox 258 3507 452 3598; x_wconf 82' lang='grc' dir='ltr'><strong><em>Καμβύσης</em></strong></span> <span class='ocrx_word' id='word_1_244' title='bbox 482 3499 581 3613; x_wconf 75' lang='grc' dir='ltr'><strong><em>οὗτος</em></strong></span> <span class='ocrx_word' id='word_1_245' title='bbox 594 3499 680 3596; x_wconf 86' lang='grc' dir='ltr'><strong><em>δή</em></strong></span> <span class='ocrx_word' id='word_1_246' title='bbox 653 3533 703 3576; x_wconf 92' lang='grc' dir='ltr'><strong><em>ων</em></strong></span> <span class='ocrx_word' id='word_1_247' title='bbox 716 3511 750 3576; x_wconf 89' lang='grc' dir='ltr'><strong><em>οί</em></strong></span> <span class='ocrx_word' id='word_1_248' title='bbox 751 3508 926 3657; x_wconf 59' lang='grc' dir='ltr'><strong><em>ἐπανέφθτη</em></strong></span> <span class='ocrx_word' id='word_1_249' title='bbox 940 3500 1062 3589; x_wconf 86' lang='grc' dir='ltr'><strong><em>μαθόν</em></strong></span> 
     </span>
    </p>
   </div>
   <div class='ocr_carea' id='block_1_5' title="bbox 0 0 1288 3938">
    <p class='ocr_par' dir='ltr' id='par_1_10' title="bbox 0 0 1288 3938">
     <span class='ocr_line' id='line_1_34' title="bbox 0 0 1288 3938; baseline 0 8"><span class='ocrx_word' id='word_1_250' title='bbox 0 0 1288 3938; x_wconf 95' lang='lat' dir='ltr'><strong><em> </em></strong></span> 
     </span>
    </p>
   </div>
  </div>
 </body>
</html>
