2606 3920
375 268 460 325 LIB.
492 267 563 327 VIII.
599 265 697 325 CAP.
725 273 859 329 57-01.
1057 264 1119 330 247
1216 328 1221 338 ,

113 433 224 517 λέγων
237 421 339 523 τάδέζ.
350 423 405 495 Ἐν
416 429 469 494 σοὶ
482 431 549 493 νῦν
560 425 627 492 ἐστὶ
637 430 742 493 σῷσαι
756 424 818 513 τήν
829 425 980 515 Ἑλλάδα,
994 422 1039 516 ήν
1049 432 1120 516 ἐμοὶ
1137 449 1149 499 1

113 536 218 621 πείθῃ
228 531 416 614 ναυμαχίην
426 519 533 593 αὐτοῦ
542 525 656 609 μένων
666 525 851 612 ποιέεσθαι,
863 529 945 612 μηδὲ
956 524 1119 613 πειθόμε-

112 656 174 709 νος
194 626 326 695 τούτων
346 636 431 692 τοῖσι
448 626 584 709 λέγουσι
600 619 781 711 ἀναζεύξῃς
800 620 885 711 πρὸς
904 621 967 692 τόν
981 621 1118 712 Ἰσθμὸν

111 725 174 806 τάς
187 727 274 803 νέας.
303 721 439 800 ἀντίθες
451 717 517 808 γάρ
539 719 698 808 ἐκάτερον
714 716 870 800 άκούσας.
897 719 981 806 πρὸς
994 721 1058 808 μέν
1071 728 1116 812 τῷ

108 822 232 910 Ἰσθμῷ
250 817 453 907 συμβάλλων
466 819 504 886 ἐν
518 817 656 904 πελάγει
668 815 930 910 ἀναπεπταμένῳ
944 817 1117 907 ναυμαχή-

112 942 199 1006 σεις,
217 922 251 1000 ἐς
260 915 298 988 τὰ
310 916 428 1004 ήκιστα
438 914 518 1004 ἡμῖν
528 914 709 1003 σύμφορόν
719 918 786 983 ἐστι
798 918 876 995 νέας
887 922 998 1003 έχουσι
1008 924 1116 1005 βαρυ-

8 1020 10 1035 *
112 1027 210 1105 τέρας
224 1017 279 1085 καὶ
294 1011 444 1100 άριθμόν
458 1013 656 1097 ἐλάσσονας,
670 1019 770 1080 τοῦτο
785 1013 821 1081 δέ
831 1011 987 1093 άπολέεις
1000 1018 1116 1082 Σαλα-

7 1156 9 1165 *
111 1113 194 1201 μλνά
214 1138 250 1180 τε
270 1113 325 1179 καὶ
340 1113 484 1199 Μέγαρα
501 1112 555 1179 καὶ
571 1118 733 1197 Αίχιναν,
752 1107 799 1199 *ἢν
814 1128 882 1199 περ
902 1115 957 1180 καὶ
974 1110 1015 1180 τά
1031 1112 1115 1182 άλλα

113 1209 356 1299 εὐτυχήσωμεν.
380 1206 448 1297 ἅμα
468 1207 533 1297 γάρ
547 1216 594 1302 τῷ
608 1217 756 1303 ναυτικῷ
773 1208 886 1281 αύτῷυ
900 1215 1013 1294 ἕψεται
1026 1217 1081 1283 καί
1095 1211 1113 1283 ὁ

110 1308 208 1392 πεζὸς
222 1308 369 1397 στρατός.
393 1311 448 1377 καί
462 1306 551 1376 οὕτω
566 1310 670 1395 σφέας
683 1306 785 1387 αὐτὸς
798 1307 888 1392 άξεις
903 1313 957 1380 ἐπὶ
970 1308 1032 1399 τήν
1046 1319 1115 1379 Πε·

7 1418 9 1489 ξ
109 1408 340 1495 λοπόννῃσον,
355 1408 588 1486 κινδυνεύσεις
600 1432 635 1476 τε
650 1405 763 1498 ἁπάσῃ
773 1407 964 1498 τήῈλλάσι.
991 1407 1057 1480 Ἢν
1074 1413 1144 1481 σέο

109 1504 150 1576 τά
168 1504 234 1593 ἐμοὶ
249 1509 335 1593 λέγω
354 1507 511 1596 ποιήσῃς,
532 1505 653 1575 τοσάδε
667 1509 705 1575 ἐν
721 1505 850 1577 αύτοῑσι
863 1506 988 1595 χρηστά
1010 1507 1113 1597 εὑρή-

109 1625 195 1685 σεις·
216 1611 332 1692 πρῶτα
346 1605 409 1691 μὲν
419 1606 456 1672 ἐν
471 1611 590 1697 στεινῷ
604 1601 853 1694 συμβάλλοντες
866 1610 965 1693 νηυσὶ
982 1604 1112 1696 ὀλίγῃσι

7 1720 8 1723 ’
108 1702 194 1792 πρὸς
205 1702 340 1790 πολλάς,
353 1699 398 1791 ήν
408 1700 449 1771 τά
461 1701 574 1772 οἰκότα
586 1704 622 1771 ἐκ
631 1710 693 1771 τού
704 1708 853 1791 πολέμου
866 1707 1013 1792 ἐκβαίνῃ,
1028 1714 1112 1774 πολ·

108 1800 171 1871 λόν
186 1801 412 1889 κρατήσομεν,
430 1842 466 1852 -
488 1798 526 1869 τὸ
543 1799 608 1888 γάρ
623 1803 661 1868 ἐν
679 1808 797 1892 στεινῷ
811 1804 1012 1887 ναυμαχέειν
1027 1800 1112 1889 πρὸς

6 1970 8 1985 ,
108 1901 221 1990 ἡμέων
235 1902 319 1986 ἐστὶ,
334 1901 371 1967 ἐν
388 1897 575 1988 εὐρυχωρίῃ
591 1899 626 1967 δέ
641 1897 724 1985 πρὸς
741 1901 880 1967 ἐκείνων
886 1949 896 1985 ,
911 1939 954 1952 —-
969 1892 1063 1978 αὖτις
1074 1900 1111 1968 δέ

108 2002 259 2087 Σαλαμὶς
269 2003 483 2087 περιγίνεται,
491 1999 524 2076 ἐς
533 1995 596 2085 τήν
605 1995 685 2084 ήμϊν
695 1994 889 2064 ύπεκκέεται
899 1999 999 2064 τέκνα
1010 2021 1046 2063 τε
1055 1997 1111 2066 καί

107 2110 273 2184 γυναῖκες.
302 2091 442 2181 καὶμὴν
456 2096 511 2162 καί
526 2094 604 2163 τάδε
625 2094 662 2161 ἐν
682 2092 811 2160 αὐτοῖσι
829 2098 953 2180 ἐνεστι,
976 2101 1038 2160 τού
1054 2096 1110 2162 καὶ

106 2196 301 2282 περιέχεσθε
313 2192 469 2278 μάλιστα
492 2189 613 2279 ὁμοίως
626 2189 778 2261 αύτούτε
787 2194 901 2279 μένων
910 2216 1109 2281 προναυμα-

10 2306 15 2317 ¹
106 2291 216 2382 χήσεις
229 2290 494 2378 Πελοποννήσου
510 2290 566 2358 καὶ
580 2287 665 2377 πρὸς
677 2296 724 2383 τῷ
741 2287 879 2382 Ἰσθμῷ,
896 2286 977 2358 ούέέ
990 2311 1106 2377 σφεας,

107 2400 140 2459 εί
149 2413 212 2477 περ
227 2381 267 2456 εὖ
283 2388 456 2474 φρονέεις,
472 2385 560 2468 άξεις
573 2389 626 2456 ἐπὶ
636 2385 698 2475 τήν
707 2387 980 2474 Πελοπόννησον.
995 2383 1060 2455 Ἦν
1071 2387 1140 2455 θέο

107 2512 143 2577 με
158 2489 212 2554 καὶ
226 2483 266 2553 τά
282 2482 347 2571 ἐμά
362 2489 479 2567 ἐλπίζω
493 2488 628 2572 γένηται
640 2487 697 2554 καί
707 2486 898 2574 νικήσωμεν
910 2493 985 2575 τήσι
995 2493 1106 2573 νηυσί,

111 2581 182 2653 οὔτε
197 2580 279 2669 ὑμίν
296 2585 329 2661 ἐς
345 2581 407 2652 τόν
423 2581 560 2669 Ἰσθμόν
579 2585 780 2669 παρέσονται
798 2589 832 2653 oc
849 2583 1013 2673 βάρβαροι
1030 2584 1107 2652 ούτε

105 2679 331 2768 προβήσονται
354 2680 520 2768 ἑκαστέρω
534 2686 594 2768 τῆς
614 2678 774 2768 Ἀττικῆς,
800 2677 919 2749 άτιίασί
936 2705 973 2748 τε
993 2677 1107 2749 οὐδενὶ

106 2780 229 2871 κόσμῳ,
241 2778 436 2866 Μεγάροισί
446 2806 481 2847 τε
494 2781 724 2868 ’κερδανέομεν
733 2785 904 2868 περιεοῦσι
911 2782 973 2848 ’καὶ
982 2785 1106 2869 Αίχίνῃ

6 2946 7 2955 ,
105 2883 159 2948 καὶ
174 2886 359 2964 Σαλαμῖνι,
382 2881 420 2946 ἐν
438 2885 478 2967 τῇ
494 2877 644 2967 ἡμῖνκαὶ
663 2877 782 2965 λύχιύν
801 2881 870 2948 ἐστι
884 2885 953 2947 τῷν
972 2880 1106 2966 ἐχθρῶν

104 2979 295 3061 κατύπερθε
304 2977 473 3063 γενέσθαι.
487 2978 601 3047 ocum
611 2978 674 3065 μέν
685 3004 752 3046 νυν
760 2976 1036 3067 βουλευομένοισι
1047 2976 1104 3048 άν

6 3128 7 3143 λ
103 3078 271 3167 θρύποισι
293 3072 338 3153 ὥς
357 3072 395 3143 τὸ
412 3078 535 3146 ἐπίπαν
552 3077 662 3146 ἐθέλει
678 3084 851 3164 γίνεσθαι,
874 3074 918 3163 μή
936 3076 973 3145 σέ
989 3072 1104 3148 οίκὸτα

6 3222 7 3231 ι
103 3171 378 3264 βουλευομένοισι
404 3172 467 3241 ούκ
493 3173 604 3244 ἐθέλει
630 3172 749 3244 ούθέὸ
776 3174 858 3255 θεὸς
877 3183 1104 3265 προσχωρέειν

6 3274 8 3285 s
103 3270 185 3358 πρὸς
200 3268 258 3350 τάς
275 3266 494 3360 άνθρωπῃίας
507 3272 651 3360 χνύμας.
695 3280 807 3344 Ταῦτα
827 3275 983 3362 λέγοντος
997 3285 1100 3361 Θεμι-
1116 3290 1148 3349 61

103 3370 257 3450 στοκλέος
271 3362 366 3451 αύτις
383 3369 401 3440 ὁ
420 3376 605 3460 Κορίνθιος
614 3370 826 3460 ’Ἀδείμαντος
836 3374 1031 3463 ἐπεφέρετο,
1047 3396 1101 3444 σι-

103 3475 165 3554 χάν
178 3495 214 3536 τε
227 3470 376 3540 κελεύων
391 3474 438 3565 τῷ
452 3471 498 3560 μή
512 3475 580 3540 ἐστι
595 3474 727 3558 πατρὶς,
743 3474 798 3539 καὶ
810 3468 1024 3559 Εὐρυβιάδεα
1039 3470 1102 3540 οὐκ
