2606 3930
440 686 798 784 inlinitur.

157 882 232 973 libri
247 922 271 972 V
288 939 310 976 c.
331 922 347 973 3
365 939 412 988 pro
430 917 472 988 μή
489 937 553 973 κοτε
571 915 714 989 ἐγγένηται
732 920 833 974 Schncl.
851 937 884 987 op
906 963 912 977 .
932 924 965 972 nd
984 923 1056 973 Dem.
1077 925 1139 991 11ρ,

85 982 245 1055 11210ομ7]
270 993 416 1057 suspicatus
441 1000 487 1043 est.
525 994 598 1054 Quod
617 994 719 1044 Murro
745 992 865 1042 exhibent
882 937 915 1042 {v
939 985 1067 1056 γένηται,
1091 1008 1140 1044 non

85 1066 154 1110 recte
174 1061 294 1126 probasse
313 1069 414 1111 auctore
431 1062 568 1113 Matthieeo
581 1062 711 1124 Bibrinm‚
731 1060 841 1113 ostendit
853 1062 922 1124 quod
936 1063 1066 1127 praecedit
1080 1062 1140 1126 σφί.

85 1128 169 1178 Fluxit
186 1129 229 1180 illn
247 1131 375 1197 scripture
393 1146 426 1181 ex
446 1131 524 1194 libro,
547 1147 594 1198 per
610 1133 804 1198 grammaticum
824 1132 949 1194 quendum
966 1141 1088 1188 correcto.
1106 1159 1139 1169 -—

84 1215 107 1250 c.
121 1202 148 1252 4.
161 1199 282 1258 Quemvis
299 1190 469 1264 α’νηγεῐσθαι
487 1202 616 1267 ροὲιίυοοι
632 1203 665 1252 sit
681 1201 767 1268 (Pind.
784 1201 857 1254 Nem.
870 1199 904 1261 X,
914 1197 971 1264 35),
989 1209 1073 1253 tumen
1090 1217 1140 1252 non

85 1268 167 1318 audeo
186 1277 272 1320 contra
289 1284 378 1321 omnes
396 1269 475 1321 libros
492 1286 550 1320 cum
572 1271 651 1325 Bekk.
675 1281 700 1321 et
722 1269 852 1321 Dindorflo
871 1259 1058 1334 οἷκηγεόμενοι
1077 1272 1140 1321 sori·

85 1339 154 1391 bere.
174 1365 209 1376 -
236 1355 258 1389 c.
276 1339 302 1391 0.
325 1333 405 1400 ζοίοιν
428 1354 474 1405 pro
496 1337 561 1405 ζῆν,
586 1341 654 1404 quod
671 1356 757 1391 omnes
776 1340 834 1389 libri
851 1348 948 1400 teuent,
964 1341 1054 1405 scripsi
1073 1354 1139 1389 auct.

83 1407 159 1462 Bred.
179 1408 335 1473 p.170.-=
363 1426 386 1464 c.
406 1408 432 1463 0.
458 1401 489 1458 ολ
509 1409 576 1459 mole
601 1425 651 1460 om.
676 1407 793 1460 SVFnbc.
830 1409 879 1459 Pro
899 1409 1009 1459 absurdo
1024 1398 1139 1472 ἄπειρος

84 1491 143 1525 cnm
161 1477 240 1528 Bekis.
260 1479 353 1544 scripsi
367 1471 484 1545 ἄπορος.
521 1481 606 1530 Verba
618 1480 707 1529 ultima
716 1470 848 1544 σινυννας
859 1505 892 1514 -
901 1468 935 1527 τοὶ
947 1471 1053 1539 δόρατα
1064 1478 1136 1528 Wcs.

84 1546 140 1612 sel,
157 1547 257 1608 anck„
273 1548 365 1599 Lorch.
384 1563 434 1598 non
451 1551 525 1599 iustis
543 1549 575 1599 de
589 1550 688 1600 caussis
702 1550 733 1600 ab
751 1548 916 1616 grammatico
930 1549 1040 1611 quodam
1053 1558 1138 1598 assuto

85 1616 202 1666 ridentur
217 1618 354 1668 indicasse.
364 1644 399 1656 -
410 1635 432 1669 o.
446 1619 485 1670 10.
500 1617 604 1669 Cautius
616 1620 761 1670 existimavi
773 1612 918 1683 κατέχουσι
937 1619 1049 1678 retineri,
1063 1632 1138 1680 quem

85 1701 142 1734 eum
163 1700 213 1735 uuo
239 1685 257 1736 S
282 1689 360 1755 scribi
389 1685 553 1753 κατέχουσαι
571 1678 605 1737 τοὶ
629 1683 719 1753 πέρην
736 1686 786 1736 τοῦ
800 1677 910 1750 Ἴστρου
927 1680 989 1740 εἰσί.
1009 1713 1042 1724 -
1062 1703 1085 1749 o.¹
1105 1686 1138 1737 12

84 1746 176 1804 Λύδια
189 1757 280 1805 rectius
297 1757 375 1807 scribi
389 1773 464 1820 quam
484 1773 543 1808 cum
562 1757 605 1808 SV
621 1752 740 1821 Λυδικοῖ,
760 1757 870 1807 ostendit
886 1755 960 1805 Bred.
979 1771 1005 1820 p.
1028 1754 1086 1806 179.
1103 1781 1138 1791 -

85 1840 106 1878 c.
129 1823 170 1875 13.
190 1814 237 1873 &ul
259 1820 350 1885 ξείνια
368 1827 479 1878 Wessel.
498 1828 559 1882 Vid.
579 1826 654 1880 Bred.
671 1843 698 1892 p.
721 1827 778 1877 150.
811 1826 882 1875 Libri
907 1821 996 1891 ξεινία
1020 1824 1061 1874 vel
1085 1820 1137 1884 ξει-

85 1890 133 1941 νία
151 1894 190 1943 vel
210 1889 324 1954 ξεινίας,
348 1921 383 1934 --
406 1913 429 1951 ο.
450 1897 492 1948 21.
511 1894 549 1963 τῷ
566 1894 708 1964 στρατηγῷ
725 1895 814 1945 Velcls.
846 1893 930 1959 Vulgo
948 1891 1004 1942 cciv
1022 1906 1138 1956 στρατη-

83 1960 147 2026 γῶν.
166 1988 202 1998 -
214 1978 236 2016 c.
256 1965 299 2018 22.
318 1954 383 2021 τούς
400 1973 459 2031 post
473 1955 588 2022 τούτους
606 1965 671 2014 male
688 1981 740 2016 om.
752 1965 803 2019 SV.
814 1994 847 2004 -
862 1979 884 2016 c.
902 1961 946 2014 23.
966 1956 998 2011 ul
1014 1971 1073 2026 post
1087 1976 1138 2025 μα-

83 2022 147 2080 dciv
161 2039 228 2082 recte
245 2048 295 2083 om.
312 2032 381 2093 SPF3
400 2046 453 2085 tum
465 2025 653 2098 &putribundae
667 2033 747 2095 SVnc,
763 2024 945 2098 ἐγκτίσασθαι
963 2032 996 2085 el.
1011 2057 1046 2068 -
1057 2047 1080 2079 c.
1092 2033 1136 2081 27.

84 2101 207 2161 Quoniam
225 2103 303 2153 verba
319 2097 395 2168 αἰτίη
413 2098 444 2154 db
459 2095 559 2153 τούτου
576 2095 629 2169 ἥδε
648 2103 764 2154 liberiore
782 2103 858 2152 modo
873 2110 931 2166 post
950 2101 1083 2165 complure
1099 2101 1136 2148 iu-

83 2172 207 2235 terpositn
221 2170 365 2222 referuntur
389 2174 422 2223 od
439 2174 590 2240 populorum
610 2174 713 2224 illorum
736 2173 929 2229 subiectionem,
951 2168 1065 2226 luerunt,
1094 2172 1136 2250 qpl

82 2249 126 2289 out
141 2240 268 2290 excidisse
286 2242 382 2305 aliquid
401 2250 527 2309 putarent,
545 2253 573 2294 ut
591 2243 689 2303 Volcis„
708 2249 751 2293 eut
765 2241 920 2291 Herodotum
939 2239 1014 2288 verbo
1031 2228 1072 2288 Ol
1086 2251 1137 2301 μεν

83 2299 119 2372 δὴ
135 2337 169 2345 -
187 2309 298 2379 τελευτᾷ
315 2327 374 2360 cum
391 2327 465 2362 omne
483 2328 548 2379 opus
566 2329 641 2364 suum
658 2312 791 2377 relegeret,
806 2310 932 2361 adiecisse
949 2309 1034 2372 itaque
1052 2308 1136 2372 ipsum

83 2379 219 2428 orationem
240 2382 402 2431 conturbasse
418 2382 557 2444 crederent,
576 2390 604 2432 ut
622 2381 720 2432 Schwei
738 2380 774 2439 h„
793 2378 883 2437 Goisi„
901 2378 977 2432 Bdhr.
997 2378 1135 2438 Utrumque

83 2447 203 2496 refutavit
221 2449 282 2504 Eltz.
301 2465 327 2514 p.
345 2449 403 2503 330.
440 2452 582 2502 Articulum
604 2461 661 2501 ante
679 2397 738 2500 cing
746 2443 893 2505 ’Σκυθέων
911 2448 976 2498 mule
999 2463 1049 2500 om.
1070 2446 1133 2499 PFb.

83 2543 116 2553 --
135 2533 155 2569 c.
175 2515 218 2596 28,5
235 2517 312 2568 Recte
331 2520 461 2570 Reislsium
478 2537 524 2587 pro
537 2510 624 2579 ἄνετος
641 2521 681 2571 vel
696 2511 786 2581 ἄνεος,
804 2520 873 2584 quod
892 2519 918 2568 in
936 2517 1007 2567 libris
1020 2524 1067 2581 est,
1081 2531 1136 2565 cor·

82 2586 181 2635 rexisse
199 2599 305 2647 ανεσις,
326 2604 412 2639 ornnes
430 2590 622 2650 intellexerunt;
648 2599 673 2640 at
691 2589 795 2641 difficile
822 2589 855 2638 ad
878 2586 1069 2638 diiudicandum
1089 2598 1135 2650 est,

82 2663 167 2707 utrum
184 2656 211 2704 in
233 2664 298 2705 extr.
321 2671 378 2723 cap.
403 2660 497 2709 rectius
520 2675 577 2709 curn
594 2657 675 2709 svin
693 2648 723 2708 ἔκ
741 2649 854 2707 πάντων
867 2647 1007 2718 Ἑλλήνων
1026 2669 1058 2703 au
1077 2669 1134 2701 cum

84 2724 154 2788 vulg.
172 2715 287 2774 πάντων
310 2724 366 2775 τῶν
387 2717 526 2792 Ἑλλήνων
549 2729 680 2778 scribetur.
700 2758 732 2766 —
761 2744 783 2777 c.
802 2726 845 2780 29.
867 2718 897 2773 ἐν
915 2715 1083 2788 ἀνεστηκυίῃ
1101 2723 1134 2787 τῂ

81 2782 159 2858 χαίρῃ
177 2794 263 2848 Reislr.
284 2804 308 2846 et
327 2796 467 2858 Abreschs,
489 2788 519 2847 ἔν
542 2813 593 2849 om.
620 2812 708 2847 omnes
728 2796 787 2846 edd.
808 2805 832 2845 et
849 2794 924 2848 codd.
961 2792 1064 2842 Rectius
1084 2790 1135 2841 lor·

82 2871 152 2910 tasse
170 2864 323 2928 corrigetur:
339 2855 523 2931 ολυεστηκυίης
541 2863 590 2931 τῆς
608 2857 709 2932 χώρης.
722 2893 756 2902 -
772 2882 794 2918 c.
811 2864 853 2916 34.
871 2857 919 2912 καλ
936 2864 1000 2911 σῖτα
1017 2857 1065 2911 καλ
1084 2874 1135 2908 πο-

80 2921 116 2977 τὰ
129 2924 179 2980 καλ
193 2922 224 2980 τὸ
242 2933 333 2997 τοῖχος
351 2925 484 2996 ἐσάξαντο
503 2936 584 2996 sura,
602 2931 650 2985 καλ
665 2937 755 3001 τοῖχος
773 2934 833 2984 Ald.
852 2941 876 2983 et
894 2933 953 2987 edd.
973 2947 1044 2995 seqq.
1065 2930 1134 2990 Quae

81 3000 125 3061 qui
142 2999 318 3064 defenderunt,
337 3004 371 3053 ita
390 3006 554 3070 explicarunt,
571 3014 599 3053 ut
615 3000 663 3055 καλ
681 3007 744 3055 σῖτα
761 2999 809 3052 καὶ
828 2993 901 3051 ποτά
918 3017 974 3052 cum
983 3012 1135 3066 παρεσκευ-

80 3064 187 3119 υλσαυτο
202 3073 390 3137 coniungerent,
410 3083 433 3124 et
450 3064 583 3135 ἐσάξαντο
600 3073 646 3140 (ab
654 3064 763 3125 σολττειν
772 3073 886 3134 ductum)
905 3072 972 3123 idern
985 3087 1042 3121 esse
1059 3078 1134 3131 etque

81 3130 239 3202 ἐφράξαντο
258 3141 378 3208 dicerent,
395 3145 462 3206 quod
477 3144 563 3209 ipsum
581 3145 764 3195 restituendum
776 3143 975 3206 censuitHbger.
987 3142 1053 3193 Acti.
1065 3138 1131 3186 Mon.

81 3208 112 3255 lll
132 3224 156 3272 p.
175 3209 227 3261 492
245 3226 284 3273 sq.
321 3213 394 3263 Atei
407 3214 500 3263 rationi
517 3215 545 3265 id
563 3216 652 3273 obstat,
671 3215 740 3277 quod
758 3206 909 3262 oolrseodnc
930 3211 961 3261 de
977 3206 1133 3258 relarciendo

80 3292 206 3341 nusquam
225 3279 288 3330 alibi
312 3282 408 3331 dictum
432 3291 470 3332 est
491 3282 562 3346 (uum
580 3284 650 3335 aliud
674 3292 712 3334 est
736 3272 917 3342 οἷκοσολττοιν,
940 3279 1009 3342 quod
1027 3276 1132 3324 offerunt

80 3345 279 3411 Harpocration,
316 3349 381 3401 lolse
406 3351 526 3402 Herodoti
553 3353 636 3403 locum
663 3353 720 3404 libri
748 3356 783 3403 Vl
812 3352 920 3403 laudons
964 3354 988 3396 et
1016 3342 1132 3407 suidas).

80 3415 164 3474 Quare
182 3417 226 3466 elii
244 3417 295 3468 καί
309 3421 461 3471 eliciendum
478 3432 630 3471 censuerunt
649 3431 673 3471 et
690 3414 721 3471 τὸ
737 3423 829 3487 τεῖχος
847 3436 905 3469 υκαι
920 3386 1054 3476 ἐσάξαντο
1074 3428 1131 3462 0011·

79 3485 221 3539 iunxerunt.
239 3487 302 3537 lulse
321 3491 347 3538 id
365 3491 395 3539 ab
413 3481 521 3553 ἒοοὶγειν
538 3491 770 3556 lnctnmputontes,
787 3507 843 3541 curn
860 3490 949 3595 aor.*l.
969 3489 1039 3538 verbi
1053 3501 1130 3552 αγειν

888 3571 903 3604 ο
