2606 3920
12 768 16 851 λ

12 1086 14 1149 λ

367 233 859 322 ωεωιωλωιω
1047 243 1109 319 ωε

185 410 244 493 Ὡς
261 411 328 483 δὲ’
311 442 332 501 η
348 420 512 501 ναυμαχίη
527 419 712 502 διελέλυτο,
730 417 983 536 κατειρύσαντες
997 408 1031 498 ές
1019 401 1106 505 τήν
1123 428 1157 492 9‘6

107 519 283 597 Σαλαμῖνα
294 510 349 581 οί“
343 520 489 598 Ελληνες
499 518 567 579 τῶν
578 509 781 598 ναυηγίων”
760 531 823 579 οσα
834 513 938 603 ταύτη
949 514 1107 602 ἐτύγχανε

13 680 14 719 ρ
105 615 154 679 ἐτι
171 608 284 696 ἐόντα,
303 602 461 730 ἑτοῖμοι
439 628 526 696 ησαυ
542 612 575 688 ές
590 608 696 694 ἀλλην
707 618 911 697 ναυμαχίην,
925 614 1108 692 ἐλπίζοντες

104 718 179 799 τήσι
196 709 410 798 περιεούσῃσι
431 711 529 795 νηυσὶ
547 714 594 776 έτι
613 709 797 829 χρήσεσθαι
810 713 956 795 βασιλέα,
984 715 1051 777 τῶν
1072 710 1108 778 δέ

41 859 46 866 ·
103 816 277 895 ναυηγίων
297 805 403 877 πολλά
425 805 650 897 ύπολαβοδν”
627 833 749 893 αυεμος
770 811 910 894 ζέφυρος
930 814 1029 894 ἔφερε
1049 817 1106 896 τῆς

101 905 248 993 Ἀττικῆς
263 907 316 974 ἐπὶ
330 903 392 992 τήν
408 904 506 993 ήίύνα
521 902 583 993 τήν
603 908 808 991 καλεομένην
824 907 999 994 Κωλιάδα,
1022 906 1105 975 ύστε

104 1005 321 1092 ἀποπλήσθαι
342 1004 402 1074 τὸν
417 1003 569 1094 χρησμὸν
583 1004 643 1073 τόν
657 1030 693 1072 τε
712 1002 816 1073 ἀλλον
830 1006 939 1073 πάντα
957 1004 1017 1074 τάν
1030 1007 1105 1093 περὶ

103 1111 161 1191 τῆς
177 1108 361 1190 ναυμαχίης
380 1104 502 1188 ταύτης
519 1105 694 1189 εἰρημένον
712 1102 832 1170 Βάκιδι
853 1107 908 1172 καὶ
928 1111 1103 1195 Μουσαίῳ,

27 1288 31 1294 ¹
103 1203 159 1270 καὶ
173 1197 214 1288 δή
228 1202 284 1268 καὶ
297 1197 380 1268 κατά
395 1197 435 1268 τά
447 1200 593 1287 ναυήγια
601 1198 641 1266 τά
652 1199 756 1288 ταύτη
767 1201 993 1288 ἐξενειχθέντα
1004 1198 1041 1268 τὸ
1057 1207 1105 1268 εί-

102 1300 250 1388 ρημένον
263 1304 414 1366 πολλοῖσι
425 1301 511 1364 έτεσι
523 1296 689 1383 πρότερον
700 1296 830 1363 τούτων
840 1299 879 1365 έν
885 1304 1021 1387 χρησμῷ
1035 1304 1105 1364 Λν-

102 1397 266 1490 σιστράτφ
277 1394 444 1486 Ἀθηναίῳ
456 1392 553 1482 ἀνδρὶ
563 1392 791 1484 χρησμολόγῳ,
801 1390 838 1460 τὸ
851 1392 1005 1478 ἐλελήθεε
1017 1393 1105 1461 πάν-

103 1526 161 1579 τας
175 1494 432 1583 τούςἝλληνας,
1098 1544 1101 1550 .

145 1594 316 1674 Κωλιάδες
330 1596 367 1662 δὲ
379 1605 536 1680 γυναῖκες
553 1593 717 1680 ἐρετμοῖσι
733 1591 915 1679 φρύξουσι·

102 1703 201 1764 τούτο
217 1696 253 1763 δέ
267 1700 382 1781 έμελλε
396 1691 624 1772 ἀπελάσαντος
636 1694 789 1782 βασιλέος
804 1696 948 1761 ἐσεσθαι.

187 1795 363 1870 amna*
378 1792 414 1859 δέ
435 1788 480 1870 ὡς
500 1795 605 1875 έμαθε
618 1787 656 1857 τὸ
673 1786 813 1875 γεγονὸς
831 1788 958 1874 πάθος,
979 1792 1099 1875 δείσας,
1116 1810 1151 1870 ςχ

102 1892 147 1977 μή
163 1916 212 1969 τις
224 1896 293 1957 τῶν
309 1886 431 1956 Ἰάνων
445 1886 612 1973 ὑπόθηται
626 1900 711 1955 τοῖσι
722 1885 856 1975 Ἕλλησι
876 1882 899 1973 ή
914 1883 1009 1954 αὐτοὶ
1022 1885 1103 1973 νοή-

102 2008 186 2056 σωσι
201 1988 328 2056 πλάειν
342 1989 375 2066 ἐς
388 1985 448 2055 τδν
456 1984 700 2074 Ἑλλήσποντον
710 1987 869 2066 λύσοντες
882 1982 940 2064 τάς
953 1986 1103 2074 γεφύρας

103 2089 159 2154 καλ
172 2082 404 2172 ἀπολαμφθεὶς
419 2087 456 2153 έν
469 2090 510 2173 τῇ
525 2081 674 2173 Εύρύπη
688 2081 872 2155 ἀπολέσθαι
887 2083 1101 2172 κινδυνεύσῃ,

105 2182 254 2274 δρησμὸν
274 2180 448 2269 ἐβούλευε·
475 2183 604 2250 ἐθέλων
624 2181 660 2249 δὲ
681 2179 726 2269 μή
747 2185 900 2269 ἐπίδηλος
921 2178 1005 2250 ἐἶναι
1022 2180 1102 2268 μήτε

11 2346 13 2373 ,
102 2296 187 2352 τοῖσι
198 2277 332 2367 Ἕλλησι
352 2278 433 2367 μήτε
447 2292 532 2347 τοῖσι
545 2283 673 2350 ἑωυτοῦ
688 2282 721 2360 ἐς
741 2277 802 2367 τήν
816 2287 991 2365 Σαλαμῖνα
1009 2285 1102 2365 χῶμα

103 2384 256 2464 ἐπειρᾶτο
271 2381 424 2463 διαχοῦν,
440 2372 587 2464 γαυλούς
599 2404 635 2446 τε
649 2384 863 2464 Φοινικηίους
878 2378 1030 2463 συνέδεε,
1045 2378 1102 2442 ἵνα

103 2477 180 2547 ἀντί
190 2503 226 2546 τε
240 2480 368 2563 σχεδίης
384 2483 462 2545 ἐωσι
476 2477 532 2545 καὶ
545 2482 685 2564 τείχεος,
710 2470 844 2564 ἀρτέετό
858 2501 894 2544 τε
908 2477 941 2555 ές
954 2474 1102 2558 πόλεμον

104 2574 149 2656 ὡς
162 2581 349 2661 ναυμαχίην
358 2572 465 2660 ἀλλην
479 2573 708 2660 ποιησόμενος.
729 2571 882 2661 ὁρέοντες
896 2576 935 2641 δέ
946 2589 1004 2659 μιν
1015 2570 1102 2640 πάν-

105 2698 157 2751 τες
171 2675 205 2739 oc
217 2667 311 2739 ἀλλον
325 2677 428 2739 ταῦτα
440 2669 633 2759 πρήσσοντα
649 2662 688 2738 εὖ
700 2666 887 2758 ήπιστέατο,
903 2666 947 2749 ὡς
961 2674 998 2739 έκ
1014 2693 1101 2736 παυ-

103 2768 160 2850 τδς
169 2769 254 2838 νόον
264 2771 528 2856 παρεσκεύασται
540 2772 652 2857 μένων
662 2769 879 2857 πολεμήσειν·
901 2769 1101 2857 Μαρδόνιον
1235 2774 1242 2783 ’

104 2863 136 2935 δ’
156 2863 256 2934 οὐδὲν
275 2866 405 2957 τούτων
420 2867 588 2938 ἐλάνθανε
609 2865 654 2948 ὡς
668 2866 810 2955 μάλιστα
830 2873 987 2953 ἔμπειρον
1004 2866 1100 2936 ἐόντα

104 2970 160 3050 τής
176 2964 307 3032 ἐκείνου
323 2967 480 3054 διανοίης.
508 2967 613 3035 ταῦτά
633 2991 668 3034 τε
683 2964 752 3052 ἅμα
765 2967 888 3053 ,Ξέρξης
901 2968 1025 3054 ἐποίεε,
1046 2967 1101 3035 καὶ

103 3067 227 3147 ἔπεμπε
241 3062 274 3141 ές
289 3064 418 3146 Πέρσας
432 3061 631 3184 ἀγγελέοντα
653 3060 714 3149 τήν
727 3063 920 3150 παρεοῦσάν
940 3084 1000 3150 σφι
1015 3082 1101 3148 συμ-

103 3158 223 3247 φορήν.
248 3159 385 3228 Τούτων
396 3160 432 3230 δέ
441 3168 510 3229 τῶν
524 3159 675 3249 ἀγγέλων
689 3166 757 3230 έστι
773 3158 908 3230 oms
888 3188 907 3230 ο
921 3189 953 3230 τι
950 3168 1099 3229 θᾶσσον
1115 3175 1149 3232 98

104 3261 319 3375 παραγίνεται
329 3255 460 3345 θνητὸν
474 3259 547 3328 έύν
570 3256 661 3327 οὕτω
673 3273 758 3328 τοῖσι
768 3260 915 3348 Πέρσησι
930 3254 1101 3375 έξιύρηται

103 3359 210 3422 τούτο
231 3352 418 3441 λέγουσι
378 3382 456 3443 γαρ,
471 3355 515 3435 ὡς
526 3353 617 3425 ὅσων
628 3351 673 3423 ἀν
682 3349 866 3444 ήμερέωνή
880 3332 1101 3473 ήπᾶσαὸδδς,

20 3538 24 3543 ¹
104 3457 252 3517 τοσοῦτοι
267 3454 363 3521 ίπποι
377 3477 412 3520 τε
427 3457 482 3522 καλ
496 3452 616 3537 ἄνδρες
630 3456 793 3535 διεστᾶσι,
815 3449 898 3519 κατά
921 3450 1102 3537 ἡμερησίην
