2606 3920
204 252 267 319 200
581 257 833 316 HERODOTI

201 611 415 700 Ἀρτεμίσιον.

140 725 186 783 178
287 715 330 779 oi
339 714 401 799 μὲν
413 708 617 800 δηἝλληνες
628 711 711 780 κατά
723 712 821 799 τάχος
832 711 997 799 ἐβοήθεον
1008 713 1210 796 διαταχθέν-

202 838 272 897 τες,
290 813 421 896 Δελφοὶ
441 807 473 878 δ’
489 813 527 879 ἐν
542 807 649 902 τούτῳ
664 817 710 901 τῷ
723 809 835 903 χρόνρο
852 805 1146 896 ἐχρηστηριάζοντο
1161 816 1210 900 τῷ

202 915 273 1000 θεῷ
290 906 375 995 ὑπὲρ
388 912 522 978 ἑωυτῶν
534 912 588 977 καλ
602 916 659 997 τῆς
668 906 824 988 Ἑλλάδος
835 906 1139 994 καταρρωδηκότες,
1151 912 1213 974 καί

169 1076 173 1082 ,
203 1027 264 1092 σφι
280 1008 427 1096 ἐχρήσθη
443 1006 593 1095 ἀνέμοισι
610 1005 783 1094 εὔχεσθαι·
806 1007 971 1094 μεγάλους
987 1002 1052 1094 γάρ
1065 1004 1209 1084 τούτους

203 1113 340 1175 ἔσεσθαι
357 1116 396 1197 τῇ
406 1106 538 1176 Ἐλλάδι
553 1107 754 1195 συμμάχους.
778 1109 907 1195 Δελφοὶ
923 1107 959 1176 δέ
980 1105 1155 1192 δεξάμενοι
1168 1101 1205 1173 τό
1292 1196 1293 1201 ¹

206 1205 367 1293 μαντήϊον
381 1213 495 1294 πρῶτα
510 1205 572 1292 μὲν
586 1203 755 1293 Ἑλλήνων
769 1219 854 1273 τοῖσι
873 1207 1107 1292 βουλομένοισι
1122 1200 1209 1270 εἶναι

205 1305 413 1391 ἐλευθέροισι
428 1302 620 1393 ἐξήγγειλαν
639 1300 679 1370 τά
696 1305 885 1392 χρησθέντα
907 1299 1051 1389 αύτοίσι,
1075 1307 1135 1369 καί
1146 1320 1208 1387 σφι

98 1478 100 1483 ,
204 1409 322 1482 δεινῶς
336 1406 604 1492 καταρρωδέουσι
619 1401 679 1472 τόν
695 1404 870 1492 βάρβαρον
884 1405 1130 1492 ἐξαγγείλαντες
1145 1401 1208 1491 χά-

202 1529 257 1589 ριν
273 1501 448 1571 άθάνατον
463 1504 660 1571 κατέθεντο·
680 1500 762 1589 μετά
774 1502 924 1571 δὲταῦτα
939 1505 972 1570 οί
979 1505 1109 1588 Δελφοί
1121 1516 1207 1570 τοῖσι

78 1610 82 1616 ’
201 1601 354 1689 άνέμοισι
368 1602 484 1690 βωμόν
499 1628 534 1669 τε
549 1599 712 1682 άπέδεξαν
728 1605 878 1690 ἐνδοίη,
894 1608 934 1690 τῇ
948 1625 1010 1687 περ
1024 1607 1082 1689 τῆς
1092 1607 1209 1687 Κηφι-

201 1711 265 1771 σοῦ
279 1699 450 1789 θυγατρός
462 1709 565 1789 Θυίης
580 1700 616 1770 τό
628 1700 764 1790 τέμενός
780 1703 866 1788 ἐστι,
882 1698 935 1769 ἐπ’
947 1692 986 1789 ἦς
997 1703 1052 1769 καλ
1066 1696 1084 1770 ό
1098 1707 1208 1788 χῶρος

201 1794 300 1880 ούτος
312 1798 374 1889 τὴν
390 1804 583 1888 ἐπωνυμίην
598 1807 679 1889 ἔχει,
695 1803 750 1870 καλ
765 1806 906 1890 θοσίησί
917 1820 1022 1887 σφεας
1035 1800 1204 1889 μετήισαν.

200 1902 331 1986 Δελφοί
352 1903 414 1986 μέν
434 1926 501 1968 νον
522 1896 605 1967 κατά
627 1897 664 1967 τό
685 1899 887 1986 χρηστήριον
904 1903 951 1966 ἐτι
971 1901 1026 1966 καλ
1046 1905 1112 1965 νῦν
1127 1893 1205 1974 τούς

201 1996 345 2084 άνέμονς
362 1998 564 2067 ίλάσκονται.

137 2118 183 2173 179
278 2096 315 2167 ‘0
327 2107 391 2168 ΔΕ
400 2095 557 2175 ναυτικὸς
567 2097 695 2184 Ξέρξεω
707 2094 846 2184 στρατός
857 2093 1060 2185 ὁρμεόμενος
1071 2097 1108 2181 έκ
1118 2097 1206 2179 Θέρ-

200 2226 263 2286 μης
277 2198 393 2276 πόλιος
407 2198 574 2284 παρέβαλε
588 2200 687 2282 νηυσί
703 2203 778 2286 τῇσι
791 2194 909 2282 άριστα
920 2195 1113 2285 πλωούσησι
1125 2194 1207 2261 δέκα

201 2296 262 2365 ίθύ
269 2295 438 2381 Σκιάθου,
448 2300 534 2362 ἔνθα
544 2286 630 2381 ἦσαν
641 2296 943 2380 προφυλάσσουσαι
954 2297 1026 2372 νέες
1035 2304 1123 2378 τρεῖς
1131 2289 1205 2361 Ἐλ-

200 2397 342 2480 ληνίδες,
357 2396 532 2479 Τροιζηνίη
543 2417 579 2458 τε
589 2393 644 2459 καλ
654 2399 812 2481 Αίγιναίη
823 2396 878 2463 καλ
889 2390 1027 2480 Ἀττική.
1043 2388 1206 2476 προϊδόν-

199 2518 253 2571 τες
267 2492 304 2561 δδ
319 2483 413 2559 οὗτοι
427 2488 486 2569 τάς
497 2493 574 2568 νέας
587 2497 655 2558 τῶν
666 2492 848 2579 βαρβάρων
860 2494 893 2571 ές
904 2487 1018 2579 φυγὴν
1031 2487 1202 2577 άρμησαν.

132 2609 181 2667 180
199 2589 269 2679 Τὴν
283 2591 345 2679 μέν
361 2589 401 2678 δὴ
421 2596 635 2680 Τροιζηνίην,
650 2598 708 2678 της
721 2585 801 2679 ἦρχε
813 2594 996 2680 Πρηξῖνος,
1015 2584 1133 2656 αύτίκα
1148 2590 1205 2654 αί·

197 2697 312 2779 ρέουσι
326 2690 542 2778 ἐπισπόμενοι
558 2694 592 2758 οί
603 2690 777 2778 βάρβαροι.
797 2693 852 2758 καλ
864 2694 992 2757 ἔπειτεν
1003 2693 1071 2756 τῶν
1086 2689 1206 2772 ἐπιβα-

196 2793 281 2859 τέων
296 2787 398 2875 αὐτῆς
413 2786 473 2857 τόν
488 2790 747 2858 καλλιστεύοντα
762 2786 943 2875 ἀγαγόντες
957 2790 1014 2873 ίπλ,
1031 2784 1092 2873 τὴν
1106 2784 1202 2873 πρηέ-

197 2919 261 2980 ρην
275 2898 332 2978 τῆς
352 2888 428 2969 νεός
443 2895 608 2977 ἔσφαξαν,
628 2892 794 2971 διαδέξιον
815 2889 1010 2975 ποιεύμενοι
1028 2883 1090 2954 τόν
1112 2881 1205 2952 εἷλον

196 2998 264 3058 τῶν
272 2987 443 3075 Ἑλλήνων
453 2989 650 3075 πρῶτονκαλ
657 2987 844 3057 κάλλιστον.
857 2994 903 3078 τῷ
915 2987 951 3056 δὲ
958 2985 1204 3074 σφαγιασθέντι

195 3091 303 3181 τούτῳ
318 3086 447 3175 ούνομα
464 3081 506 3174 ἦν
521 3091 633 3156 Λέων·
656 3086 739 3173 τάχα
753 3085 785 3155 δ’
804 3086 847 3155 άν
861 3111 893 3154 τι
907 3088 962 3155 καλ
976 3089 1038 3152 τού
1052 3079 1204 3167 οὐνόμα-

131 3206 177 3260 181
193 3216 250 3268 τος
264 3184 453 3274 ἐπαύροιτο.
481 3183 501 3273 ἡ
519 3186 555 3255 δέ
568 3191 741 3273 Αίγιναίη,
763 3191 821 3273 τῆς
836 3181 1046 3271 ἐτριηράρχεε
1063 3175 1204 3247 Ἀσωνί-

195 3292 265 3374 δης,
277 3293 336 3355 καί
343 3284 420 3354 τινά
432 3304 492 3371 σφι
503 3285 659 3371 θόρυβον
671 3287 813 3371 παρέσχε
823 3285 950 3366 Πυθέω
964 3285 1024 3347 τοῦ
1035 3275 1205 3363 Ἰσχενόου

195 3384 465 3475 ἐπιβατεύοντος,
489 3382 613 3473 άνδρός
629 3383 768 3470 άρίστου
788 3386 975 3472 γενομένου
994 3378 1121 3467 ταύτην
1138 3375 1203 3465 τὴν

194 3481 336 3571 ἡμέρην,
362 3480 413 3567 ὃς,
438 3480 586 3569 ἐπειδηὴ
608 3489 691 3568 νηῦς
711 3480 881 3568 ἡλίσκετο,
907 3482 939 3559 ἐς
953 3484 1052 3548 τοῦτο
1070 3475 1202 3561 άντετχε

203 421 334 504 Πτερίη,
352 415 569 495 διαλυθέντες
579 416 615 484 ίκ
626 422 687 483 τοῦ
697 413 834 503 Ἰσθμοῦ
844 416 1080 504 ἐστρατεύοντο
1096 413 1213 487 αὐτῶν
1292 456 1293 493 2

204 517 239 582 οί
251 515 313 600 μὲν
324 514 357 592 ἐς
368 514 588 601 Θερμοπύλας
599 519 696 604 πεζῇ,
712 512 808 583 άλλοι
820 518 856 583 δὲ
869 513 952 584 κατά
966 515 1144 587 θάλασσαν
1156 514 1213 585 ἐπ’
1292 526 1293 605 ss
