2622 3928
521 231 756 284 PRAEFATIO.
1135 250 1165 288 tte

107 367 325 439 λον-λαβεῖν.
339 397 374 410 -
385 385 408 423 o.
425 369 467 422 20.
487 363 517 419 τὸ
536 361 608 432 πρὸς
625 366 758 436 μεσαμβρ.
777 368 857 419 Beltlr.
875 370 945 419 Libri
959 367 1016 421 τοῦ.
1034 396 1070 409 -
1082 389 1104 424 ο.
1117 375 1161 430 tl.

107 444 137 493 ln
154 442 240 491 verbis
254 435 303 490 καλ
321 429 385 489 οὐδ’
403 431 429 488 σί
443 432 534 502 ἕτεραι
547 439 614 489 mole
628 439 743 488 adiectae
755 438 869 498 voculae,
885 452 949 500 quos
959 438 1078 490 exhibent
1086 441 1165 494 PKlb

108 524 135 562 et
152 512 176 561 hl
186 509 223 576 (is
242 507 293 559 καί
308 506 474 573 nonhabet),
493 518 560 558 reete
578 509 726 560 auctoritate
741 507 800 556 libri
817 504 835 555 S
851 507 931 557 eleeto
948 516 1015 562 sunt.
1032 506 1097 558 Μίν
1111 527 1160 564 om.

109 579 162 633 Sed
178 595 261 643 noque
275 593 352 646 eegre
370 592 400 627 eo
420 592 545 628 curemus.
567 603 602 616 -
628 593 649 626 ο.
676 574 718 627 35.
744 576 799 626 Nisi
817 577 859 626 oni
875 575 975 641 pleoent
993 592 1057 639 quoe
1073 589 1164 631 notnrs

109 651 214 700 diverso
229 658 297 709 snut,
315 647 458 706 coniuncte,
475 647 601 712 probabit,
618 647 687 709 qnod
705 646 863 696 oonieoernnt
878 644 1003 704 Fidimus,
1020 646 1164 703 Markland.

109 720 144 771 ed
162 719 223 773 Eur.
243 716 333 783 Suppl.
352 717 419 776 222,
441 715 667 769 neemanim.
685 713 748 764 Min.
761 730 788 781 p.
808 712 869 774 173,
888 711 1006 782 θολερῷ.
1024 741 1060 756 —-
1075 733 1098 770 ο.
1118 717 1165 771 38,

110 788 148 839 Ne
161 803 219 837 oum
236 786 317 838 Beltk.
335 781 584 850 τεσσερασιιαίδιτια
599 783 759 835 seribendum
774 792 857 866 putes,
874 785 923 833 vid.
938 784 1012 834 Bred.
1026 800 1050 850 p.
1061 785 1113 836 279
1122 803 1161 851 sq.

110 859 176 908 Turn
194 871 252 907 oum
269 856 328 907 libri
342 870 431 905 omnes
449 855 597 905 exhiberent
614 866 842 931 usvensovrsoov
858 847 907 902 καλ
923 851 1029 917 τριχοῦ,
1048 862 1073 904 et
1082 869 1164 919 neque

111 923 162 975 καί
177 926 296 987 heberet,
314 940 364 989 qno
382 924 531 984 referretur,
555 939 637 987 neque
657 934 873 986 πεντηκοντεροι
891 922 939 972 soli
952 934 1057 988 possent
1073 934 1166 990 pontes

110 994 255 1062 significare
274 1010 308 1045 ex
325 994 433 1045 novibus
451 993 534 1061 longis
552 1001 577 1043 et
594 993 718 1042 onerariis
735 990 824 1051 foetos,
843 1006 894 1042 non
912 992 1026 1044 (lubituvi
1044 1009 1101 1043 eum
1117 993 1165 1044 Pe·

110 1066 179 1117 tenio
191 1059 328 1129 τριηρέων
343 1064 501 1115 interserere.
518 1090 554 1100 -
574 1079 595 1113 o
612 1062 655 1114 37.
680 1060 730 1112 (λιιι
754 1058 910 1142 arentinae
928 1062 1090 1141 sorioserim,
1110 1063 1163 1119 vid.

112 1150 154 1201 op.
173 1134 278 1199 Rumpi.
293 1134 311 1188 l.
331 1149 354 1184 ο.
373 1147 400 1198 μ.
420 1134 462 1187 14.
482 1158 514 1169 -
530 1149 552 1183 ο.
570 1131 614 1184 38.
631 1132 703 1182 Libri
716 1121 835 1217 χρήσαις
852 1145 888 1180 αν
905 1146 933 1180 τι
948 1143 995 1180 τεν
1011 1128 1167 1200 βουλοίμην

111 1204 219 1268 τυχεῖν,
247 1214 348 1269 praeter
368 1200 401 1263 S,
424 1204 468 1268 qui
486 1201 588 1254 exhibet
608 1195 714 1268 χρήσας
728 1216 764 1252 αν
782 1217 808 1250 τι
825 1197 872 1251 σεῦ
887 1196 1041 1268 βουλοίμην
1059 1203 1162 1267 τυχεῖν.

113 1275 226 1335 Quorum
244 1272 308 1323 illud
325 1286 430 1336 prorsus
446 1286 595 1338 perversum
611 1286 668 1322 esse
686 1274 812 1323 neminem
830 1270 906 1354 fugit.
942 1270 981 1320 lix
997 1271 1077 1320 altero
1095 1271 1165 1335 quoti

112 1343 173 1394 feeit
187 1342 252 1395 sm.
272 1357 300 1408 p.
317 1339 382 1393 33οτ
403 1337 522 1406 χρηίσας
536 1341 602 1407 (rid.
621 1342 695 1393 Bred.
717 1358 743 1408 p.
763 1337 826 1404 174)
845 1355 880 1391 αν
899 1355 926 1388 τι
944 1337 992 1388 σεῦ
1011 1336 1163 1408 βουλοίμην

111 1411 442 1538 zrttlrlhlr‘r
458 1411 877 1539 mntrlrulltn
887 1400 1164 1530 terrentur

112 1552 146 1601 od
168 1541 323 1614 αἰτήσασαν
346 1517 507 1601 teterrinum
531 1560 582 1610 est,
607 1565 654 1600 neo
671 1551 740 1613 quod
754 1549 820 1599 Xon.
839 1549 922 1600 hueb.
940 1548 984 1607 Vl,
1003 1546 1028 1609 8,
1051 1547 1085 1600 32
1102 1549 1164 1600 seri·

113 1622 179 1685 psit:
206 1611 341 1670 emiterii
367 1616 417 1668 σοῦ
440 1610 570 1685 τυχόντες
592 1610 797 1684 ὑπισχνοῦνταί
815 1630 860 1668 σοι
884 1606 948 1667 rivel
967 1607 1081 1679 τούτων,
1100 1618 1167 1669 illuri

114 1690 258 1751 oonilrmst,
279 1705 336 1740 oum
359 1690 476 1740 videatur
493 1705 523 1740 ee
541 1690 693 1741 constructio
711 1699 807 1740 tentum
827 1689 854 1739 iu
872 1687 969 1738 neutris
985 1690 1166 1752 pronominum

115 1760 368 1810 demonstmtivomm
387 1774 417 1810 so
435 1759 598 1810 relativorum
620 1774 636 1808 e
653 1757 755 1809 Graecis
775 1758 888 1808 admisse
913 1765 938 1808 et
957 1759 1089 1822 poetarum
1104 1773 1163 1823 pro·

114 1830 169 1893 pris
187 1844 245 1881 esse
262 1827 361 1894 (Herm.
379 1829 413 1879 ed
430 1829 490 1895 Vig.
507 1843 534 1894 p.
553 1824 626 1892 700).
664 1828 747 1889 Quare
762 1843 819 1879 oum
838 1827 911 1879 focile
929 1825 1095 1891 intelligetur,
1114 1842 1165 1890 quo

115 1898 202 1959 modo,
221 1913 277 1948 oum
296 1898 367 1949 loeus
382 1907 514 1964 eorrnptns
532 1907 612 1962 esset,
635 1906 661 1947 et
677 1910 710 1946 τι
722 1898 800 1948 inseri
819 1908 843 1946 et
869 1891 917 1945 τοῦ
934 1895 1028 1960 corrigi
1045 1898 1165 1960 potuerit,

115 1967 193 2033 probo
209 1966 326 2019 Sivernll
347 1965 404 2032 (op.
425 1964 522 2031 Behk.)
537 1967 746 2018 emendationem.
766 1992 801 2003 -
820 1981 840 2017 o.
859 1964 902 2017 30.
921 1960 1050 2031 τήψνχῇ
1065 1958 1165 2028 ζημιώ-

114 2049 175 2086 σεαι
193 2035 312 2087 exhibent
327 2034 470 2097 stennon,
488 2051 535 2102 pro
553 2052 603 2100 quo
623 2027 677 2101 τήν
691 2025 788 2101 ψυχήν
805 2034 915 2085 seribere
930 2032 1015 2094 nolui,
1037 2048 1094 2083 enm
1113 2049 1164 2084 me·

115 2106 184 2157 dium
207 2103 377 2171 ζημιοῦσθαι
392 2105 456 2156 mihi
479 2106 606 2157 videretur
622 2105 688 2156 hono
710 2106 762 2157 vim
780 2104 887 2164 habere,
906 2113 933 2154 nt
951 2111 1033 2154 esset:
1056 2117 1164 2168 poenam

114 2176 220 2228 solvere.
239 2200 272 2212 -
295 2190 316 2225 ο.
335 2176 380 2229 41.
399 2173 528 2226 Sohseferi
541 2174 608 2226 ooni.
627 2169 793 2226 διελέλειπτο
811 2173 972 2224 oonllrmotur
990 2187 1036 2237 per
1052 2171 1129 2224 libros
1145 2173 1166 2222 F

115 2239 306 2310 (διέλοιττιτι)
323 2255 349 2296 et
364 2244 406 2296 PK
420 2237 556 2310 (διέλαττὲ
571 2243 625 2310 τε).
640 2271 676 2284 -
690 2262 714 2299 o.
732 2242 776 2303 49,
794 2243 818 2294 1.
838 2242 877 2293 Ex
895 2242 1010 2307 eoquod
1028 2242 1104 2292 cond.
1122 2241 1165 2293 SV

115 2313 248 2374 exhibent,
273 2310 403 2379 κομίσαι,
430 2316 523 2366 reetins
546 2315 670 2365 seribetur
695 2311 822 2379 κομίσσαι
847 2328 923 2377 quom
945 2307 1070 2376 κομίσαι,
1095 2312 1165 2431 ‘im

116 2381 238 2434 (ireseum
256 2399 307 2434 non
323 2399 381 2434 esee
399 2384 580 2436 demonstravit
603 2383 679 2434 Bred.
695 2400 723 2450 p.
742 2382 804 2435 378.
824 2408 861 2420 -
887 2398 911 2433 e.
932 2382 976 2443 oo,
993 2383 1010 2432 2
1053 2397 1081 2433 ro
1119 2371 1167 2439 ςᾶ

115 2445 251 2517 δυνάμιος
268 2453 360 2519 seripsl
376 2468 434 2504 oum
448 2451 533 2508 Strov.
550 2469 620 2520 spen.
637 2455 648 2504 l
663 2468 689 2519 p.
707 2457 742 2506 42
756 2452 819 2518 (eir.
835 2450 901 2502 Eltr.
916 2466 942 2518 p.
957 2394 1065 2514 123)8ς
1080 2443 1120 2500 τό.
1130 2478 1165 2491 -

116 2538 137 2572 e.
147 2521 190 2574 00.
210 2520 367 2587 Soriptnrem
382 2522 441 2573 hle.
460 2520 533 2574 SVee
550 2513 677 2587 πλήθεος
690 2514 826 2587 ἀριθμόν,
844 2536 891 2588 pro
908 2536 959 2587 quo
976 2520 1077 2573 nrum
1093 2520 1168 2571 exhi·

116 2593 174 2642 bont
189 2589 303 2654 πλῆθος
319 2581 348 2649 ἐς
364 2583 504 2655 ἀριθμόν,
525 2593 634 2658 probavi
655 2609 714 2644 eum
731 2592 822 2643 Velox.
842 2601 867 2640 et
882 2589 976 2642 Bernh.
993 2589 1036 2643 Gr.
1052 2590 1123 2657 Synt.
1139 2605 1165 2655 p.

116 2659 181 2725 218,
207 2662 290 2728 megin
312 2663 462 2712 euemnmte
483 2661 589 2712 illomm'
601 2662 735 2723 librorum,
755 2676 833 2724 quem
850 2659 900 2710 elie
916 2674 1007 2710 musso
1025 2669 1169 2726 pennotus.

117 2730 181 2779 Tum
198 2740 266 2785 reote
281 2730 402 2782 lielshius
419 2731 539 2781 librorum
556 2721 726 2792 συνάξοντας
745 2730 851 2781 mutavit
874 2729 900 2779 in
915 2721 1111 2790 συννάξαντες.
1130 2753 1168 2766 ·-

117 2812 140 2849 ο.
161 2799 195 2848 72
212 2813 366 2863 quemquem
390 2815 480 2851 omues
496 2800 550 2851 fere
567 2801 625 2852 libri
642 2791 733 2861 Σύροι
750 2799 884 2859 exhibent,
906 2807 991 2849 temen
1008 2788 1110 2861 Σύριοι
1128 2812 1170 2847 re-
1239 2804 1243 2814 '

117 2866 286 2918 seribendum.
323 2867 376 2924 crs.
394 2868 471 2921 Bred.
487 2884 514 2935 p.
528 2869 571 2924 70.
596 2895 631 2906 -—
653 2886 675 2923 e.
694 2869 737 2922 78.
755 2868 793 2919 De
810 2868 901 2919 leonne
919 2867 972 2918 viti.
989 2866 1065 2920 Bred.
1079 2881 1106 2932 p.
1124 2867 1166 2917 14.

118 2960 148 2972 -
158 2951 181 2988 ο.
197 2935 243 2992 80.
261 2929 416 3002 Κάστσιροι
433 2954 481 3006 pro
497 2937 618 2991 librorum
634 2931 758 2991 Κάσπιοι
773 2939 813 2990 vel
826 2930 929 2989 Κάσιοι
945 2937 1075 2988 substituit
1087 2936 1170 2997 Reiz„

116 3021 162 3056 neo
180 3018 265 3059 temen
281 3008 309 3059 id
326 3009 395 3059 omui
413 3008 570 3063 dubitatione
586 3020 740 3074 exemptum.
756 3035 792 3046 -
810 3023 833 3061 o.
852 3005 897 3061 20.
917 2995 1049 3058 irritem
1066 3014 1133 3057 reete
1151 3018 1170 3053 e

116 3072 194 3129 Reli„
213 3077 337 3142 τρήρωσι
355 3084 408 3140 ert,
436 3093 515 3143 quum
538 3077 581 3128 SV
601 3093 658 3129 eum
675 3079 747 3130 Enst.
766 3093 794 3145 p.
812 3076 865 3129 234
880 3095 917 3123 =
935 3075 985 3127 177
998 3064 1171 3126 ίστοιλάδατο

115 3141 252 3212 (thtling.
272 3145 305 3197 sd
323 3147 383 3198 Her.
399 3156 464 3198 sont.
482 3146 558 3212 288),
576 3148 596 3201 F
614 3163 673 3199 enm
687 3147 746 3200 sith
766 3154 828 3201 vett.
845 3135 1025 3207 ἕστολάδατο,
1041 3144 1060 3195 n
1076 3135 1167 3192 ίστευ·

114 3205 202 3264 tibure
221 3213 379 3271 exhiberent.
415 3217 476 3269 Vid.
491 3217 566 3268 Bred.
583 3232 609 3283 p.
630 3217 692 3272 328.
720 3242 756 3255 -
784 3232 808 3268 o.
833 3214 869 3268 05
897 3224 955 3281 port
978 3205 1009 3264 ολ
1027 3204 1059 3264 ti
1072 3205 1172 3261 λοιποί

116 3293 183 3334 reete
200 3283 356 3350 Wesseling.
372 3277 404 3335 ολ
416 3286 531 3339 inseruit.
567 3287 626 3338 vin
647 3285 749 3337 heroici
770 3285 788 3336 l.
804 3301 827 3341 ο.
843 3299 872 3352 p.
891 3283 933 3339 18.
947 3280 1076 3334 -ο.100
1090 3294 1169 3345 quum

116 3365 203 3403 ome·
221 3352 280 3403 nnn
299 3343 442 3421 ἤριομηιι
458 3354 608 3407 unionem
624 3354 658 3421 (s
673 3349 704 3406 τε
719 3352 802 3420 om),
828 3355 906 3417 mque
927 3361 996 3405 reso
1018 3351 1113 3401 nerum
1132 3349 1169 3398 vr·

117 3420 227 3484 ‘We
242 3421 314 3477 nolui
331 3440 389 3477 oum
405 3423 542 3476 Sebeelero
559 3426 700 3476 orationem
718 3425 901 3490 elegantiorem
916 3431 941 3472 et
957 3419 1097 3470 faciliorem
1111 3417 1171 3494 red:

117 3488 177 3542 dere
192 3482 346 3558 ήριθμήθη
362 3495 504 3546 scribendo.
525 3521 559 3533 -
576 3511 599 3548 o.
618 3494 677 3546 101.
697 3492 727 3542 τί
741 3495 768 3543 in
783 3492 841 3543 eliis
859 3490 930 3542 libris
945 3486 1012 3540 mele
1033 3494 1092 3552 post
1114 3475 1173 3548 ἡδο
