2562 3926
201 234 267 301 252
575 235 830 297 HERODOTI

202 405 343 485 ἔχοντος.
366 394 440 467 ὅσοι
454 393 1207 485 τεύμέωνΚαμβύσηνουσέοντιπαρεγένοντο,

201 499 335 577 πάντας
355 523 418 566 κου
438 500 614 584 μέμνησθε
632 493 673 562 τά
697 488 1207 579 ἐπέσκηυεΠέρσησιτελευτέυν

201 597 261 667 τάν
277 603 354 684 βίον
369 593 414 684 μὴ
435 595 678 682 πειρεομένοισι
697 589 907 661 ἀνακτᾶσθαι
928 590 990 678 τὴν
1010 588 1131 678 ἀρχήν·
1166 589 1206 659 τά

201 696 276 766 τότε
297 692 360 763 ούκ
381 694 621 781 ἐνεδεκόμεθα,
643 690 717 761 ἀλλ’
735 692 788 760 ἐπὶ
808 694 948 779 διαβολῇ
969 693 1146 778 ἐδοκέομεν
1161 696 1206 759 εί-

202 810 279 864 πεῑν
293 793 491 883 Καμβύσην.
509 799 575 861 νῦν
591 785 641 860 άν
654 799 789 877 τίθεμαι
804 796 920 875 ψῆφον
938 796 1120 858 πείθεσθαι
1133 798 1207 858 Δα-

203 899 281 984 ρείιμ
296 896 350 963 καλ
371 893 416 981 μὴ
432 892 631 962 διαλύεσθαι
653 892 690 959 έιι
704 895 765 957 τοῦ
781 887 949 973 συλλόγου
970 890 1070 956 τοῦδε
1085 882 1206 956 ἀλλοθι

202 992 314 1070 ἰόντας
326 988 347 1079 ἢ
359 993 413 1062 έπλ
426 990 487 1062 τδν
499 991 609 1078 μάγον
623 989 735 1068 ἀθέως.
759 993 870 1056 Ταῦτα
892 983 962 1055 εἶπε
975 987 1138 1075 Γοβρύης
1153 989 1207 1056 καλ

202 1088 325 1166 πάντες
338 1096 441 1173 ταῦτα
456 1098 580 1157 αίυεον.

155 1200 188 1256 74
282 1182 337 1254 Ἐν
358 1177 385 1277 ᾦ
405 1186 442 1254 δέ
463 1179 557 1255 οὗτοι
578 1193 682 1255 ταῦτα
702 1185 940 1273 ἐβουλεύοντο,
969 1189 1096 1273 ἐγίνετο
1120 1184 1205 1256 τιατά

201 1290 383 1371 συντυχίην
412 1285 500 1353 τάδε.
537 1298 623 1354 τοῖσι
647 1283 784 1370 μάγοισι
809 1286 901 1365 ἔδοξε
929 1292 1205 1375 βουλευομένοισι

201 1382 405 1469 Πρηξάσπεα
421 1390 524 1471 φίλον
542 1380 773 1471 προσθέσθαι,
796 1378 847 1449 ὅτι
865 1406 902 1450 τε
922 1383 1107 1454 ἐπεπόνθεε
1120 1382 1204 1472 πρὸς

202 1481 392 1568 Καμβύσεω
412 1476 574 1569 ἀνάρσια,
595 1479 633 1560 ὅς
654 1484 689 1549 οί
702 1476 764 1548 τὸν
782 1483 884 1550 παῖδα
897 1483 1055 1564 τοξεύσας
1070 1482 1207 1552 ἀπολα-

200 1580 309 1663 λέκεε,
331 1582 386 1647 καλ
401 1580 485 1648 διότι
500 1587 625 1668 μοῦνος
637 1575 797 1666 ἠπίστατο
810 1575 872 1647 τάν
882 1581 1047 1668 Σμέρδιος
1060 1588 1121 1649 τοῦ
1130 1580 1206 1649 Κύ-

201 1703 265 1765 ρου
274 1678 428 1749 θάνατον
438 1677 627 1769 αύτοχειρίη
637 1705 697 1765 μιν
707 1674 889 1766 ἀπολέσας,
904 1676 988 1766 πρὸς
999 1677 1031 1747 δ’
1048 1685 1096 1748 έιι
1107 1679 1205 1749 ἐόντα

201 1780 238 1847 έν
252 1786 331 1867 πίνη
346 1785 483 1868 μεγίστη
496 1777 558 1848 τὸν
567 1778 773 1866 Πρηξάσπεα
787 1779 825 1847 ἐν
837 1781 995 1867 Πέρσησι.
1018 1778 1148 1848 τούτου
1162 1782 1204 1867 δή

201 1901 260 1962 μιν
274 1879 403 1944 εἵνεκεν
416 1879 614 1957 καλέσαντες
627 1884 728 1963 φίλον
741 1879 980 1965 προσεκτέοντο
990 1884 1082 1947 πίστι
1093 1904 1130 1946 τε
1144 1886 1205 1946 λα-

200 1973 317 2060 βόντες
331 1974 387 2043 καὶ
401 1971 561 2062 ὁρκίοισι,
582 1969 605 2062 ἦ
621 1977 684 2063 μέν
699 1979 785 2057 ἕξειν
798 1973 879 2062 παρ’
895 1976 1007 2065 ἑωυτῷ
1023 1974 1101 2063 μηδ’
1117 1978 1206 2058 ε’ξοί-

202 2072 275 2142 σειν
288 2077 407 2161 μηδενὶ
423 2073 618 2166 ἀνθρώπων
634 2073 698 2163 τὴν
707 2073 777 2144 ἀπὸ
792 2076 906 2160 σφέων
920 2070 1052 2162 ἀπάτην
1066 2077 1099 2154 ές
1112 2077 1206 2160 Πέρ“

201 2196 260 2256 σας
275 2180 474 2264 γεγονυῖαν,
495 2174 756 2263 ὑπισχνεύμενοι
775 2171 816 2243 τά
836 2173 945 2243 πάντα
966 2179 1000 2243 οἱ
1017 2181 1120 2262 μυρία
1134 2174 1205 2243 δύ-

200 2299 281 2345 σειν.
304 2273 556 2362 ύποδεκομένου
571 2279 608 2344 δὲ
622 2282 684 2347 τοῦ
698 2272 906 2363 Πρηξάσπεα
919 2271 1074 2361 πονήσειν
1086 2279 1204 2362 ταῦτα,

202 2373 246 2454 ὡς
260 2371 443 2442 ἀνέπεισάν
457 2400 517 2460 μιν
531 2379 566 2444 ολ
577 2376 695 2462 μάγοι,
717 2371 860 2459 δεύτερα
871 2373 1093 2460 προσέφερον,
1107 2368 1207 2441 αύτολ

200 2475 263 2563 μέν
276 2471 422 2560 φάμενοι
435 2475 567 2558 Πέρσας
588 2476 715 2553 πάντας
729 2474 949 2559 συγκαλέσειν
968 2469 1035 2541 ύπδ
1050 2470 1087 2540 ιδ
1105 2479 1207 2560 βασι-

199 2576 296 2663 ληίον
308 2588 429 2663 τεῖχος,
447 2577 577 2645 ἐκείνου
591 2574 623 2644 δ’
646 2578 802 2645 ἐκέλευον
817 2571 990 2663 ἀναβάντα
1004 2575 1057 2642 ἐπὶ
1071 2572 1207 2660 πύργον

200 2672 400 2762 ἀγορεῦσαι,
423 2668 467 2752 ὡς
486 2671 554 2742 ὑπὸ
573 2679 635 2742 τού
648 2673 770 2761 Κύρου
786 2675 952 2761 Σμέρδιος
970 2670 1128 2761 ἄρχονται
1148 2674 1207 2741 καλ

200 2773 259 2843 ὑπ’
276 2772 415 2854 οάδενδς
431 2772 546 2844 ἀλλον.
568 2783 673 2845 ταῦτα
689 2776 728 2844 δδ
748 2774 837 2845 οὕτω
854 2779 1062 2849 ἐνετέλλοντο
1081 2774 1126 2855 ὡς
1145 2799 1206 2844 πι-

200 2879 360 2948 στοτάτου
375 2883 482 2967 δῆθεν
497 2877 610 2959 δόντος
624 2875 732 2948 αὐτοῦ
746 2880 785 2947 ἐν
794 2879 960 2968 Πέρσησι,
974 2879 1030 2947 καὶ
1042 2874 1206 2955 πολλάκις

199 2972 450 3063 ἀποδεξαμένου
468 2977 624 3065 γνώμην,
648 2973 692 3055 ἀς
712 2983 841 3064 περιείη
861 2972 881 3043 ὁ
903 2973 1024 3062 Κύρου
1044 2975 1205 3059 Σμέρδις,
1272 3020 1273 3023 ¹

152 3089 184 3146 75
199 3077 254 3144 καλ
268 3076 536 3162 ἐξαρνησαμένου
556 3074 617 3145 τόν
639 3075 749 3162 φόνον
764 3073 878 3145 αὐτοῦ.
924 3076 1081 3161 Φαμένου
1096 3070 1132 3140 δέ
1146 3073 1205 3140 καὶ

197 3182 302 3245 ταῦτα
323 3174 457 3260 ἑτοίμου
478 3173 563 3245 εἶναι
583 3179 711 3244 ποιέειν
729 3181 791 3244 τού
807 3174 1015 3263 Πρηξάσπεα
1036 3175 1203 3260 συγκαλέ·
1272 3176 1273 3229 λ

198 3297 316 3354 σαντες
327 3277 460 3360 Πέρσας
481 3280 516 3344 οί
520 3276 631 3363 ,μάγοι
651 3272 857 3364 ἀνεβίβασαν
875 3270 982 3345 αύτδν
996 3274 1049 3343 ἐπλ
1067 3271 1202 3359 πύργοι
1271 3328 1272 3331 ,

199 3377 253 3442 καλ
266 3371 444 3461 ἀγορεύειν
458 3377 622 3444 ἐκέλευον.
670 3379 689 3438 ὁ
713 3373 827 3461 μέντοι
848 3378 919 3441 τῶν
944 3375 1066 3443 έαελνοι
1094 3391 1205 3459 προσ-
1271 3380 1272 3449 λ

200 3472 330 3545 ἐδέοντο
345 3466 467 3561 αὐτοῦ,
481 3472 611 3544 τούτων
624 3473 687 3564 μὲν
702 3469 788 3546 έκάν
802 3471 1001 3566 ἐπελήθετο,
1016 3470 1205 3565 ἀρξάμενος
1271 3466 1272 3479 ’
