2564 3934
307 319 403 377 LIB.'
424 320 444 376 Ι.
477 318 575 377 CAP·
607 324 707 379 210-
722 323 782 380 214.
984 308 1045 375 113

60 497 109 566 σης
121 475 267 602 ὑπόλαβε
280 476 341 549 τδν
361 478 480 566 λόγον·
503 474 653 558 άποδούς
673 503 731 566 μοι
747 475 808 546 τόν
827 482 929 546 παῖδα
943 472 1043 548 άπιδι

57 581 89 647 έτ
102 585 248 667 τήσδε
209 608 266 668 της
279 579 389 668 χάρης
403 575 556 666 ἀζήμιος,
570 581 827 664 Μασσαγετέων
840 580 1046 664 τριτημορίδι

55 683 108 744 τού
122 684 263 765 στρατοῦ
297 684 512 769 κατυβρίσας·
562 682 593 747 εί
580 674 656 745 ίδέ
681 679 785 743 ταῦτα
815 669 856 742 ού
884 674 1040 793 ποιήσεις,

55 771 141 862 ήλιον
153 777 323 864 ἐπόμνυμί
332 799 383 842 τοι
397 771 458 841 τόν
469 774 718 859 Μασσαγετέων
733 763 961 856 δεσπότην,
935 794 959 856 η
978 770 1045 857 μήν

56 890 87 940 σε
99 871 159 961 έγω
174 877 228 944 καὶ
242 873 412 961 άπληστον
427 872 575 940 έοντα
537 896 674 958 αιματος
684 873 821 956 κορέσω
855 874 969 954 Κύρος
983 869 1045 953 μέν
1061 880 1113 937 21³
1240 862 1242 873 ’

56 999 112 1041 νυν
130 983 195 1044 ταῖν
209 978 317 1044 ἐπέων
331 971 455 1042 ούδένα
475 973 606 1041 τούτων
621 968 886 1058 ἀνενειχθέντων
900 971 1045 1036 έποιέετο
1241 960 1244 1003 ‘¹

56 1073 196 1162 λόγον,’
182 1102 199 1145 ο
217 1079 254 1144 δὲ
268 1080 327 1161 τής
340 1079 509 1162 βασιλείης
523 1070 691 1159 Τομύριος
705 1082 782 1148 παις
791 1071 1044 1155 Σπαργαπίσης,

58 1167 95 1250 ὥς
109 1199 164 1258 μιν
185 1171 205 1241 5
227 1199 263 1240 τε
279 1168 407 1263 οίνος’
388 1176 491 1257 ανήκε
505 1171 560 1238 καὶ
574 1171 711 1256 έμαθε”
695 1195 751 1236 ινα
764 1160 810 1256 ήν
824 1170 947 1251 κακοῦ,
967 1168 1045 1250 δεη-

57 1269 244 1357 δείςΚύρου
259 1272 296 1338 έκ
311 1276 378 1338 τῶν
393 1274 684 1356 δεσμῶνλυθῆναι
700 1273 810 1355 έτυχε,
828 1262 923 1346 ὡςδὲ
937 1262 1043 1349 έλύδη

58 1389 86 1430 τε
96 1367 224 1454 τάχιστα
244 1370 386 1436 καὶτῶν
404 1373 525 1454 χειρῶν
541 1367 719 1453 ἐκράτησε,
741 1366 945 1453 διεργάζεται
960 1365 1046 1430 έωυ·

59 1463 115 1532 τόν.
135 1468 187 1535 καί
200 1464 241 1554 δή
257 1459 356 1547 οὗτος
372 1467 435 1554 μὲν
447 1467 561 1557 τρόπω
574 1466 716 1556 τοιούτω
730 1471 879 1555 τελευτά,
899 1462 1046 1550 Τόμυρις
1059 1485 1112 1541 ςις

60 1561 147 1650 δέ,”
121 1590 163 1642 ως
182 1570 216 1634 oc
252 1567 367 1650 Κύρος
398 1558 459 1629 ούκ
490 1560 670 1648 ἐσήκουσε,
708 1563 893 1644 συλλέξασα
934 1567 1046 1630 πάσαν

59 1686 110 1747 την
120 1664 237 1752 ἑωυτης
249 1665 396 1750 δυναμιν
407 1665 570 1750 συνέβαλε
579 1663 693 1754 Κυρω
716 1664 842 1749 ταυτην
852 1688 915 1750 την
925 1686 1059 1749 μαχην,

61 1753 123 1827 ὅσοι
137 1758 174 1847 δή
188 1759 373 1851 βαρβάρων
383 1757 519 1844 ἀνδρῶν
530 1760 630 1847 μάχαι
645 1762 816 1847 έγένοντο,
833 1764 939 1846 κρίνω
952 1764 1047 1845 ίσχυ-

62 1856 186 1946 ροιάτην
204 1862 381 1947 γενέσθαι,
401 1885 443 1927 κα
444 1855 517 1977 ἰδίη
538 1861 593 1927 καί
606 1860 826 1980 πυνθάνομαι
841 1856 930 1927 ούτω
946 1864 1045 1926 τοῦτο

61 1954 233 2041 χωόμενον.
266 1963 382 2042 πρῶτα
401 1953 516 2043 μέν
477 1982 542 2044 γαρ
562 1960 692 2043 λέγεται
712 1953 836 2036 αύτονς
849 1955 1047 2035 διαστάντας

63 2050 88 2126 ές
107 2048 263 2142 ἀλλήλους
283 2056 448 2143 τοξεύειν,
475 2053 557 2142 μετά
580 2055 632 2141 δέ,
661 2054 706 2135 ὥς
727 2077 788 2144 σφι
807 2054 848 2124 τά
873 2059 971 2144 βέλεα
993 2056 1047 2135 5-

64 2150 245 2242 ετετύξευτο,
269 2154 501 2241 συμπεσόντας
520 2159 596 2243 τῇσι
616 2159 754 2242 αίχμήσί
763 2177 799 2221 τε
813 2154 869 2221 καὶ
887 2166 973 2220 τοῖσι
991 2154 1047 2236 ἐγ-

65 2254 227 2333 χειριδίοισι
240 2256 453 2340 συνέχεσθαι.
481 2252 607 2341 χρόνον
629 2278 665 2321 τε
686 2248 727 2339 δή
750 2252 802 2320 ἐπὶ
819 2248 1047 2343 πολλδνθσυν-

66 2347 183 2418 εστάναι
205 2356 414 2441 μαχομένους
434 2355 489 2424 καὶ
514 2352 711 2444 οὐδετέρους
736 2354 868 2422 ἐθέλειν
890 2352 1047 2441 φεύγειν·

33 2462 34 2465 ’
67 2445 140 2524 τέλος
158 2448 246 2520 δέοί
231 2452 483 2538 ίΜασσαγέται
503 2448 801 2541 περιεγένοντο.
776 2477 858 2540 ητε
878 2449 918 2539 δή
939 2449 1046 2541 πολλή

34 2612 35 2637 ;
66 2546 111 2626 τῆς
122 2549 281 2635 Περσικῆς
301 2557 455 2636 στρατιῆς
475 2547 581 2619 αὐτοῦ
600 2550 705 2640 ταύτη
724 2549 912 2671 διεφβάρη,
930 2554 986 2621 καὶ
1003 2551 1044 2641 δή

35 2668 37 2689 ι
67 2641 110 2707 καὶ
130 2640 223 2725 αὐτὸς
236 2653 350 2734 Κῦρος
373 2655 527 2739 τελευτᾷ,
555 2650 755 2769 βασιλεύσας
778 2647 819 2717 τά
840 2650 950 2718 πάντα
972 2647 1046 2771 έηδς

36 2746 37 2821 J
68 2736 165 2808 δέοντα
183 2743 360 2833 τριήκοντα
378 2752 461 2816 ἔτεα.
492 2744 599 2815 άσκδν
614 2747 650 2815 δέ
666 2747 819 2834 πλήσασα
834 2750 969 2833 αιματος
984 2744 1046 2814 άν-

36 2836 37 2847 ’
67 2840 224 2924 θρακηίον
241 2841 387 2929 Τόμυρις
401 2845 527 2931 ἐδίζητο
542 2846 580 2913 έν
598 2859 684 2913 τοῖσι
696 2851 860 2914 τεθνεῶσι
874 2853 942 2967 τιβν
955 2854 1046 2933 Περ-

68 2932 182 3000 σίων
151 2962 206 3005 τον
219 2940 350 3061 Κύρου
351 2940 512 3011 γένοιτ’
463 2969 534 3030 ,ως
546 2937 638 3013 δέ
597 2969 692 3031 ευρε,
707 2946 852 3033 έναπήκε
867 2941 972 3012 αὐτοῦ
983 2941 1054 3031 τήν

39 3118 40 3121 ¹
69 3031 197 3121 κεφαλήν
210 3035 290 3116 ές
255 3064 316 3108 τον
330 3036 454 3108 άσκόν·
474 3044 704 3127 λυμαινομένη
726 3040 763 3110 δὲ
777 3047 825 3133 τῷ
840 3047 948 3132 νεκρά
969 3044 1046 3110 έπέ·

40 3216 42 3249 Ι
70 3136 133 3254 λεηε
151 3139 240 3209 τάδε·
277 3141 329 3212 Σύ
347 3142 410 3231 μέν
427 3142 484 3231 έμέ
501 3140 651 3226 ζάονσάν
675 3169 710 3211 τε
733 3144 789 3212 καὶ
811 3145 989 3215 νικέουσάν
1007 3165 1045 3214 σε

71 3231 145 3357 δίκη
161 3237 328 3323 άπάλεσας
345 3241 501 3312 παῖδα
467 3270 525 3311 τον
543 3241 625 3331 έμόν
642 3241 727 3311 έλών
741 3244 848 3338 δόλῳ,
866 3240 951 3315 655’
966 3243 1043 3330 έγά,

72 3335 195 3454 κατάπερ
217 3339 394 3432 ήπείλησα,
418 3348 554 3433 αιματος
577 3345 713 3433 κορέσω.
756 3370 796 3413 τα
786 3297 877 3433 μέν
903 3343 944 3430 δὴ
961 3342 1045 3410 κατά
1123 3349 1127 3352 ’

75 3455 124 3516 ¹5
130 3438 236 3529 Κύρου
254 3443 408 3532 τελευτήν
425 3471 484 3513 του
471 3449 575 3533 βίου
588 3449 721 3514 πολλῶν
735 3443 846 3530 λόγων
859 3440 1046 3527 λεγομένων

75 3524 124 3599 ὅδε
136 3563 184 3622 μοι
199 3541 217 3608 5
234 3545 457 3627 πιθανώτατος
476 3554 608 3635 εἴρηται.

142 3669 232 3713 amon
254 3662 272 3718 1.
878 3649 896 3705 8
