2606 3920
359 231 444 288 LIB.
478 230 536 285 Vll.
569 229 668 286 GAP.
701 233 877 290 203-205.
1062 224 1123 287 211

118 389 337 477 λογισάμενος
351 386 464 472 εἶπον,
477 392 546 454 τῶν
560 385 756 472 ἐστρατήγεε
765 387 969 475 Λεοντιάδης
980 386 1125 475 ὁΕύρυ-

118 487 236 575 μάχου.
270 489 370 554 τοῦδε
395 488 432 552 δέ
457 488 586 553 εἵνεκεν
608 482 751 562 τούτους
772 485 926 571 σπουδήν
947 488 1123 575 ἐποιήσατο

118 591 289 672 Λεωνίδης
299 584 449 673 μούνους
457 582 626 670 Ἑλλήνων
640 590 859 671 παραλαβεῖν,
874 583 926 652 ότι
937 591 1051 670 σφέων
1063 611 1123 671 με-

118 684 228 771 γάλως
242 682 447 769 κατηγόρητο
461 685 619 767 μηδίζειν.
642 681 826 769 παρεκάλεε
839 674 888 749 τόν
900 684 933 760 ἐς
947 679 1008 749 τόν
1022 680 1123 749 πόλε-

116 809 183 869 μον
192 786 321 849 ἐθέλων
333 781 467 865 εἰδέναι,
479 788 544 847 είτε
554 781 792 864 συμπέμψουσι
803 787 866 847 είτε
878 782 933 847 καὶ
944 776 1122 866 ἀπερέουσι

117 885 154 949 εἰι
167 886 228 949 τού
245 882 410 965 ἐμφανέος
429 875 492 965 τήν
502 874 672 963 Ἑλλήνων
687 884 894 964 συμμαχίην·
917 882 952 945 οί
964 877 1000 945 δέ
1021 875 1123 945 ἄλλο·
1247 869 1255 879 ’

118 980 319 1067 φρονέοντες
334 980 491 1061 ἔπεμπον.
518 974 667 1053 Τούτους
682 970 838 1060 μὲντοὺς
853 971 939 1093 ἀμφὶ
949 978 1124 1060 Λεωνίδην
1138 989 1190 1042 206

4 1112 6 1157 5
117 1076 272 1162 πρότονς
289 1070 490 1159 ἀπέπεμψαν
504 1072 766 1192 Σπαρτιήται,”
751 1097 807 1139 ινα
821 1071 962 1150 τούτους
979 1067 1122 1159 ὁρῶντες

4 1170 8 1197 ”
117 1179 151 1242 οί
168 1171 263 1241 αλλοι
277 1172 444 1290 σύμμαχοι
458 1170 720 1258 στρατεύωνται,
741 1169 824 1257 μηδὲ
839 1171 894 1238 καὶ
914 1161 1009 1237 οὗτοι
1023 1173 1122 1257 μηδί-

4 1278 5 1289 ’
117 1290 216 1355 σωσι,
230 1266 274 1355 ήν
289 1265 414 1347 αύτούς
428 1267 673 1336 πυνθάνωνται
687 1264 1017 1355 υπερβαλλομένους·
1039 1266 1121 1354 μετὰ

4 1456 5 1461 ¹
80 1429 83 1435 ,
117 1368 169 1452 δὲ,
184 1366 335 1451 Κάρνεια
351 1365 417 1454 γάρ
437 1385 498 1452 σφι
511 1358 556 1452 ήυ
571 1366 743 1452 έμποδάν,
765 1365 935 1452 suanos
922 1368 1122 1454 ορτάσαντες

117 1466 172 1533 καὶ
186 1461 339 1551 φυλακάς
354 1463 508 1543 λιπόντες
521 1466 558 1531 έν
571 1471 611 1552 τή
625 1462 766 1551 Σπάρτη
781 1460 863 1530 κατά
877 1464 975 1551 τάχος
989 1461 1121 1550 βοηθή-

3 1618 5 1635 2
116 1586 189 1632 σειν
205 1568 380 1650 πανδημεί.
411 1562 456 1643 δός
471 1566 507 1631 δὲ
520 1567 577 1633 καλ
592 1569 626 1633 oc
640 1567 751 1633 λοιποὶ
765 1570 833 1632 τεόν
848 1562 1032 1651 συμμάχων
1047 1566 1121 1630 ένί-

3 1756 5 1759 .
115 1691 223 1732 νωυτο
239 1665 294 1732 καὶ
311 1662 406 1733 αύτολ
425 1669 522 1752 ἕτερα
539 1672 676 1733 τοιαῦτα
692 1666 861 1751 ποιήσειν·
893 1658 938 1752 ήν
953 1662 1019 1752 γάρ
1037 1664 1119 1732 κατά

116 1759 224 1830 τώυτό
237 1759 419 1848 Ὀλυμπιάς
437 1764 586 1829 τούτοισι
599 1777 685 1829 τοῖσι
706 1762 876 1849 πρήγμασι
891 1773 1118 1848 συμπεσοῦσα.

116 1859 178 1929 οὐκ
194 1853 243 1927 ύυ
257 1862 430 1938 δοκέοντες
445 1859 526 1927 κατά
542 1861 640 1946 τάχος
654 1859 743 1927 οὕτω
759 1861 1041 1947 διακριθήσεσθαι
1060 1861 1120 1930 τόν
1205 1914 1229 1935 τ,

2 1948 9 1963 ’
116 1960 153 2025 ἐν
168 1957 407 2045 Θερμοπύλῃσι
421 1958 568 2041 πόλεμον
583 1963 731 2042 ἔπεμπον
747 1955 826 2035 τούς
842 1894 1201 2128 προδρόμΜ

202 2046 306 2121 Οὗτοι
320 2055 383 2141 μέν
403 2052 444 2140 δή
466 2052 554 2122 οὕτω
571 2057 769 2123 διενένωντο
786 2056 956 2144 ποιήσειν,
980 2085 998 2127 ο
1033 2062 1069 2128 δὲ
1083 2064 1120 2129 ἐν
1135 2074 1170 2126 20

115 2156 353 2245 Θερμοπύλῃσι
360 2154 533 2244 Ἕλληνες,
549 2156 661 2244 ἐπειδὴ
679 2162 780 2250 πέλας
797 2161 928 2244 ἐγένετο
946 2166 1004 2245 τῆς
1021 2161 1119 2245 έ-σβο

1 2269 4 2281 ⁴
114 2262 173 2342 λής
189 2252 365 2354 ὁΠέρσης,
381 2259 667 2344 καταρρωδέοντες
681 2257 902 2344 ἐβουλεύοντο
918 2261 995 2344 περὶ
1010 2256 1117 2325 ἀπαλ-

113 2360 224 2441 λαγῆς.
240 2367 326 2422 τοισι
337 2356 399 2441 μέν
409 2381 476 2422 νυν
487 2352 616 2425 άλλοισι
626 2364 928 2444 Πελοποννησίοισι
940 2357 1052 2426 ἐδόκεε
1064 2361 1117 2426 ε’λ-

112 2462 216 2523 δοῦσι
237 2456 269 2532 ἐς
284 2454 598 2544 Πελοπόννησον
565 2482 625 2524 τον
648 2455 784 2543 Ἰσθμόν
804 2463 892 2543 ἔχειν
911 2460 949 2526 ἐν
970 2465 1116 2546 φυλακῇ,

2 2592 3 2595 =
114 2556 284 2637 Λεωνίδης
303 2555 339 2619 δὲ
354 2558 501 2621 Φωκίων
521 2559 576 2622 καί
590 2564 733 2640 Λοκρων
747 2560 1054 2678 περισπερχεόντων
1077 2566 1117 2645 τῆ

2 2656 3 2673 ’
111 2674 230 2734 γνωμη
242 2673 347 2737 ταυτη
358 2674 463 2717 αυτου
478 2676 513 2718 τε
528 2656 642 2738 μένειν
653 2657 837 2740 ἐψηφίζετο,
854 2679 996 2738 πεμπειν
1006 2682 1041 2723 τε
1055 2652 1118 2741 ἆγ-

2 2810 3 2813 ,
112 2749 231 2830 γέλονς
242 2742 321 2822 ἐς
284 2771 343 2823 τας
353 2745 471 2825 πόλιας
482 2751 681 2829 κελεύοντάς
692 2772 752 2836 σφι
759 2751 1007 2838 έπιβοηθεειν
985 2781 1030 2833 ως
1041 2757 1116 2823 6612-

111 2866 180 2907 των
191 2837 303 2907 αύτων
315 2840 438 2929 ὀλίγων
450 2844 593 2930 στρατόν
603 2846 663 2916 τόν
670 2849 803 2935 Μήδων
814 2847 1003 2931 ἀλέξασθαι.
1027 2861 1118 2920 Ταύ-
1131 2869 1183 2923 λοθ

111 2967 151 3008 τα
166 2944 423 3027 βουλευομένων
437 2949 551 3030 σφέων
565 2951 688 3034 ἔπεμπε
699 2953 822 3036 Ξέρξης
837 2953 1116 3029 κατάσκοπονίπ-

110 3045 173 3109 πέα
188 3039 378 3127 ίδέσθαι,’
363 3043 479 3114 οκόσοι
494 3048 580 3114 τέί
550 3052 613 3114 εἰσι
629 3052 685 3117 καὶ
699 3048 719 3116 6
733 3077 765 3117 τι
787 3056 939 3120 ποιέοιεν
974 3051 1115 3140 ήκηκόεε

110 3145 209 3210 δέέτι
227 3137 293 3209 έωυ
306 3144 343 3209 έν
357 3145 578 3235 Θεσσαλίη,’
557 3174 601 3227 ως
613 3147 775 3236 ἡλισμένη
793 3160 842 3237 είη
857 3154 962 3240 ταύτη
977 3150 1112 3239 στρατιή

110 3237 216 3324 ὀλίγη,
228 3241 283 3307 καὶ
294 3236 373 3320 τούς
383 3238 549 3330 ἡγεμόνας
561 3243 605 3325 ὡς
617 3258 732 3334 εἴησαν
744 3252 1006 3337 Λακεδαιμόνιοί
1013 3277 1048 3319 τε
1060 3253 1114 3318 καί

2 3342 3 3345 “
110 3340 280 3421 Λθωνιδης
292 3334 483 3423 ἕωνγενος
479 3345 744 3430 Ηρακλείδης.ε
723 3375 767 3426 ως
779 3349 815 3414 δε
825 3346 1114 3433 ποοσηλασεοιπ

2 3486 3 3515 3
110 3456 194 3511 πευς
208 3433 291 3520 πρὸς
307 3432 345 3502 τό
361 3439 603 3528 στρατόπεδον,
625 3446 757 3530 ἐθηεῖτό
774 3472 809 3512 τε
827 3472 879 3512 και
896 3444 1029 3529 κατάρα
1045 3451 1112 3509 πᾶν

914 3533 974 3594 14*
