2606 3920
222 227 283 289 196
453 248 456 255 ¹
597 229 876 288 HERODOTI*

221 394 295 456 ἔτεα
311 388 411 455 πέντε
425 386 526 455 πόλιν
541 383 713 472 Καμικόν,
734 383 797 473 τήν
811 384 884 455 κατ’
900 390 958 474 ἐμὲ
975 386 1228 476 Ἀκραγαντῖνοι
1283 390 1284 473 λ

220 489 388 572 ἐνέμοντο.
410 490 502 563 τέλος
516 484 553 552 δὲ
565 482 607 551 οὗ
619 487 829 570 δυναμένους
841 484 919 554 οὔτε
930 490 1017 555 ἑλεῖν
1027 485 1106 555 οὔτε
1116 511 1229 571 παρα-

219 589 334 673 μένειν
349 592 435 675 λιμῷ
452 589 695 668 συνεστεῶτας,
710 580 937 662 ἀπολιπόντας
947 593 1109 670 οἰχεσθαι.
1134 581 1181 662 ῶς
1192 585 1227 652 δέ

219 681 303 752 κατὰ
315 681 486 770 Ἰηπυγίην
498 685 659 770 γενέσθαι
676 682 867 768 πλώοντας,
889 680 1104 771 ὑπολαβόντα
1121 690 1228 771 σφέας

219 789 363 868 χειμῶνα
377 784 483 867 μέγαν
497 785 651 870 ἐκβαλεῖν
665 783 698 860 ἐς
711 778 773 867 τήν
789 788 870 869 γῆν,
889 787 1173 869 συναραχθέντων
1191 786 1227 851 δὲ

220 887 287 947 τῶν
307 885 435 947 πλοίων
456 878 632 967 (οὐδεμίαν
650 879 716 966 γάρ
733 898 794 966 σφι
809 884 857 948 ότι
876 879 1020 968 κομιδήν
1040 884 1073 960 ἐς
1088 881 1227 969 Κρήτην

93 1022 96 1026 1
219 984 431 1065 φαίνεσθαι),
447 981 597 1069 ἐνθαῦτα
606 976 721 1064 Ὑρίην
731 976 832 1046 πόλιν
842 985 1017 1057 κτίσαντας
1030 988 1227 1066 καταμεῖναί

218 1102 254 1144 τε
264 1078 320 1144 καί
330 1077 577 1162 μεταβαλόντας
587 1073 662 1143 ἆντί
674 1079 736 1162 μὲν
747 1084 891 1162 Κρητῶν
901 1080 1060 1164 γενέσθαι
1070 1076 1226 1167 Ἰήπυγας

219 1179 449 1260 Μεσσαπίους,
461 1171 536 1242 όντί
548 1174 584 1243 δέ
594 1181 656 1242 τοῦ
667 1172 753 1241 εἶναι
763 1175 929 1260 νησιῶτας
939 1173 1134 1264 ήπειρῶτας.
1160 1173 1224 1244 ἀπό
1286 1168 1287 1195 ³

219 1272 256 1341 δὲ
273 1270 382 1359 ’Τρίης
398 1272 514 1352 πόλιος
534 1270 593 1352 τὰς
608 1271 710 1351 ἄλλας
724 1277 864 1358 οἰκίσαι,
885 1271 945 1353 τός
965 1273 1005 1360 δή
1025 1282 1224 1361 Ταραντῖνοι

217 1369 329 1461 χρόνφ
340 1369 483 1455 ὕστερον
493 1377 606 1460 πολλῷ
622 1372 849 1450 ἐξανιστάντες
860 1374 1109 1458 προσέπταισαν
1119 1373 1224 1457 μεγά-

218 1478 300 1553 λως,
324 1467 409 1536 ῶστε
424 1469 530 1556 φόνος
546 1467 738 1555 Ἐλληνικὸς
753 1471 906 1555 με’γιστος
920 1462 1019 1550 οὗτος
1035 1469 1076 1559 δή
1093 1473 1224 1557 ἐγένετο

219 1568 356 1636 πάντων
370 1574 439 1634 τῶν
452 1566 546 1655 ἡμεῖς
557 1574 670 1654 ίδμεν,
686 1566 799 1635 αὐτῶν
809 1593 845 1635 τε
859 1573 1076 1654 Ταραντίνων
1086 1572 1143 1638 καί
1151 1569 1225 1656 Ῥη-

218 1673 341 1754 γίνων,
357 1672 392 1733 οἳ
404 1665 471 1734 ὑπό
483 1667 650 1735 Μικύθου
665 1672 725 1733 τοῦ
736 1671 864 1752 Χοίρου
877 1662 1142 1754 ἀναγκαζόμενοι
1157 1676 1225 1735 τῶν

219 1766 331 1834 οἰστῶν
352 1766 408 1835 καί
429 1765 627 1854 ἀπικόμενοι
641 1768 778 1853 τιμωροὶ
796 1771 1029 1848 Ταραντίνοισι
1049 1765 1225 1836 ἀπέθανον

218 1871 392 1953 τρισχίλιοι
408 1864 514 1934 οὕτω·
542 1866 655 1937 αὐτῶν
673 1869 709 1936 δὲ
728 1872 945 1950 Ταραντίνων
965 1865 1028 1934 οὐκ
1048 1869 1131 1954 ἐπῆν
1149 1865 1223 1954 όιρι·

218 1964 315 2051 θμός.
340 1962 357 2033 ό
375 1967 410 2033 δὲ
426 1972 603 2054 Μίκυθος,
618 1968 747 2051 οἰκέτης
762 1962 827 2032 ἐῶν
839 1962 1030 2049 Ἀναξίλεω,
1048 1969 1224 2049 ἐπίτροπος

213 2063 345 2150 Ῥηγίου
360 2067 605 2150 κατελέλειπτο,
627 2057 725 2141 οὗτος
740 2062 778 2141 ὅς
794 2086 856 2148 περ
876 2060 1026 2131 ἐκπεσόν
1042 2066 1079 2132 ἐκ
1093 2061 1225 2152 Ῥηγίου

219 2168 274 2232 καὶ
295 2167 420 2250 Τεγέην
436 2163 499 2251 τήν
516 2163 688 2252 Ἀρκάδων
703 2165 838 2250 οἰκήσας
853 2160 1001 2249 ἀνέθηκε
1015 2167 1052 2231 έν
1063 2162 1226 2252 Ὀλυμπίη

149 2276 202 2333 171
217 2259 297 2340 τούς
312 2260 458 2341 πολλοὺς
473 2261 684 2347 ἀνδριάντας.
715 2259 812 2330 Ἀλλά
827 2258 868 2329 τὰ
885 2265 947 2348 μὲν
961 2260 1226 2350 κατοὶῬηγίνους

217 2387 254 2428 τε
266 2362 320 2427 καί
336 2366 563 2447 Ταραντίνους
574 2368 635 2428 τοῦ
645 2360 750 2447 λόγου
762 2386 819 2445 μοι
829 2359 1028 2446 παρενθήκη
1041 2363 1171 2445 γέγονε.
1194 2362 1226 2437 ές

219 2460 255 2526 δὲ
269 2454 332 2545 τήν
342 2456 480 2544 Κρήτην
490 2462 734 2546 ἐρημωθεῖσαν,
750 2456 794 2536 ῶς
807 2461 942 2544 λέγουσι
952 2464 1121 2546 Πραίσιοι,
1135 2461 1222 2527 ε’σοι-

218 2566 368 2641 κίζεσθαι
389 2559 511 2640 ἄλλους
531 2588 566 2629 τε
586 2560 792 2647 ἅνθρῶπους
811 2563 867 2627 καί
890 2559 1032 2644 μάλιστα
1050 2557 1224 2644 Ἕλληνας,

218 2666 311 2749 τρίτη
327 2658 364 2727 δέ
383 2667 483 2749 γενεή
502 2658 584 2747 μετὰ
598 2666 722 2728 Μίνων
742 2657 983 2746 τελευτήσαντα
1003 2660 1164 2744 γενέσθαι
1186 2656 1226 2723 τὰ

221 2756 370 2845 Τρωϊκὰ,
394 2760 431 2826 ἐν
454 2774 539 2828 τοῖσι
562 2759 605 2828 οὐ
628 2761 881 2847 φλαυροτάτους
902 2765 1086 2845 φαίνεσθαι
1107 2758 1225 2836 ἐόντας

217 2866 352 2944 Κρῆτας
365 2856 532 2946 τιμωροός
542 2864 712 2953 Μενέλεῳ.
736 2858 810 2927 ἀντὶ
824 2860 955 2928 τούτων
969 2863 1008 2927 δέ
1020 2883 1081 2945 σφι
1096 2857 1225 2928 ιἰπονο-

216 2956 356 3042 στήσασι
372 2955 408 3022 ἐκ
423 2963 543 3044 Τροίης
554 2961 654 3044 λιμόν
666 2986 702 3028 τε
717 2964 772 3027 καί
781 2958 902 3048 λοιμόν
915 2964 1076 3045 γενέσθαι
1090 2964 1147 3029 καί
1161 2960 1224 3029 αό-

216 3067 302 3122 τοίσι
316 3054 378 3120 καί.
388 3067 473 3121 τοῖσι
487 3056 703 3143 προβάτοισι,
722 3063 794 3125 ἕστε
808 3055 844 3124 τό
862 3056 1022 3144 δεύτερον
1036 3059 1224 3144 ἐρημωθεί-

217 3170 276 3235 σης
288 3148 420 3237 Κρήτης
436 3149 518 3236 μετὰ
536 3160 603 3219 τῶν
618 3152 814 3223 ὑπολοίπων
828 3162 960 3242 τρίτους
971 3154 1078 3242 αὐτὴν
1089 3164 1157 3224 νῦν
1168 3168 1224 3225 νέ-

216 3257 341 3334 μεσθαι
352 3254 493 3333 Κρήτας.
515 3246 610 3336 ἡμὲν
621 3250 662 3339 δή
673 3259 790 3339 Πυθίη
800 3251 1022 3340 ὑπομνήσασα
1033 3261 1138 3321 ταῦτα
1149 3260 1223 3339 ἔσχε

216 3350 443 3431 βουλομένους
457 3352 631 3431 τιμωρέειν
646 3364 730 3417 τοῖσι
737 3349 880 3438 Ἕλλησι.

150 3456 200 3511 m
292 3440 464 3510 Θεσσαλοὶ
476 3444 512 3512 δὲ
523 3442 589 3513 ὑπό
603 3444 785 3534 ἀναγκαίης
796 3447 832 3515 τό
846 3456 980 3534 πρῶτον
991 3446 1165 3535 ἐμήδισαν,
1179 3479 1224 3530 ως
