2566 3934
359 257 443 316 LIB.
475 255 509 315 ΙΙ.
545 255 645 316 ΟΑΡ.
680 260 818 319 17-21.
1027 250 1088 317 165

90 418 141 487 ἐπὶ
163 415 227 486 δύο
248 413 400 506 ἡμερέων
420 417 604 502 ἑκατέρωθι
627 411 728 504 ὁδὸν,
750 420 805 484 καί
818 423 924 486 πλεῦν
945 422 993 488 έτι
1006 416 1089 487 τού·

90 542 148 585 του
167 517 225 585 καὶ
245 521 394 585 ἔλασσον.
435 522 496 584 τοῦ
511 521 663 603 ποταμοῦ
681 515 717 583 66
734 514 856 603 φύσιος
876 519 951 606 πέρι
966 513 1043 586 οῦτε
1057 540 1089 584 τι

90 622 156 685 τῶν
169 618 272 704 ίρέων
286 613 364 684 οῦτε
380 613 485 685 ἀλλον
506 612 646 694 ούῦενῦς
662 623 868 703 παραλαβεῖν
884 617 1086 703 έῦυνάσθην.

89 715 268 804 πρόθυμος
283 718 320 785 66
335 722 374 786 ἔα
388 717 470 786 τάύε
483 714 564 805 παρ’
588 713 701 785 αὐτῶν
715 719 905 804 πυθέσθαι,
927 716 948 785 ὅ
962 744 993 785 τι
1008 742 1089 785 κατ-

90 821 218 904 έρχεται
241 813 338 903 μέν
322 844 341 886 ο
362 824 485 897 Νεῖλος
506 814 710 905 πληθύων’
691 843 756 886 οπο
745 815 925 907 τροπέων
945 823 1013 886 τῶν
1027 828 1090 887 θε-

90 915 214 1004 ρινέων
238 911 422 1003 ἀρξάμενος
449 914 501 986 ἐπ’
523 913 643 985 ἑκατὸν
662 913 803 1005 ἡμέρας,
833 915 1031 997 πελασαςῦ’
1057 921 1091 997 ές

89 1013 149 1084 τὸν
176 1012 327 1102 ἀριθμὸν
347 1017 479 1086 τούτων
505 1023 573 1085 τῶν
595 1013 749 1106 ἡμερέων
774 1012 880 1085 ὀπίσω
904 1012 1089 1106 ἀπέρχεται,

90 1111 283 1182 ἀπολείπων
313 1111 350 1182 τὸ
387 1116 549 1204 ῥέεθρον,
585 1112 671 1183 ὥστε
698 1111 824 1203 ῥραχῦς
854 1112 914 1182 τὸν
944 1122 1090 1202 χειμῶνα

90 1209 223 1280 ἅπαντα
234 1215 391 1301 διατελέει
408 1211 532 1282 666¹
487 1240 581 1302 μεχρι
593 1205 635 1282 06
646 1206 740 1292 αῦτις
750 1216 901 1302 τροπέων
914 1219 983 1281 τῶν
992 1219 1094 1302 θερι-“

89 1311 187 1378 νέων.
221 1311 350 1380 τούτων
365 1306 414 1382 ἀν
429 1315 505 1402 πέρι
521 1310 661 1392 οῦῦενός
679 1310 779 1382 οὐδέν
794 1308 864 1392 οἷός
877 1310 907 1380 τ’
927 1312 1090 1399 ἐγενόμην

89 1415 298 1499 παραλαβεῖν
322 1410 412 1498 παρὰ
436 1419 505 1481 τῶν
528 1417 740 1500 Αἰγυπτίων,
770 1413 930 1499 ἱστορέων
955 1408 1095 1497 αὐτούς,

88 1506 211 1598 ἥντινα
235 1508 382 1598 δύναμιν
407 1515 471 1599 ἔχει
489 1507 507 1578 6
528 1516 650 1591 Νελλος
674 1509 714 1580 τά
740 1516 882 1599 ἔμπαλιν
903 1513 1090 1598 πεφυκέναι

89 1616 158 1680 τῶν
172 1607 286 1678 ἄλλων
295 1617 463 1697 ποταμῶν.
492 1610 596 1680 ταῦτα’
611 1637 653 1687 τε,
663 1607 703 1698 66
718 1608 758 1678 τά
772 1611 952 1698 λελεγμένα
966 1608 1091 1698 ῥουλό-

90 1734 192 1795 μενος
217 1711 340 1778 εἰδέναι
360 1709 530 1798 ἱστόρεον,
558 1711 613 1778 καὶ
634 1707 656 1777 6'
675 1735 706 1777 τι
731 1707 836 1797 αύρας
858 1706 1091 1787 ἀποπνεούσας

91 1815 218 1894 μοῦνος
232 1806 370 1877 πάντων
383 1814 543 1897 ποταμῶν
559 1805 601 1876 ού
616 1811 798 1896 παρέχεται.

163 1908 257 1981 Ἀλλ’
295 1910 461 1999 Ἑλλήνων
498 1910 561 1997 μέν
594 1934 682 1987 τινες
702 1904 864 1993 Υἐπίσημοι
897 1902 1090 1992 βουλόμενοι
1104 1925 1139 1979 ηρ

92 2012 252 2097 γενέσθαι
277 2019 396 2100 σοφίην
419 2012 534 2092 ἔλεξαν
559 2009 636 2097 περὶ
658 2012 719 2075 τοῦ
741 2005 863 2084 ύδατος
881 2004 1001 2073 τούτου
1024 2029 1095 2093 τρι-

93 2119 218 2200 φασίας
252 2110 369 2198 66069,
409 2115 478 2180 νῦν
507 2109 567 2190 τοὶς
601 2107 663 2197 μέν
696 2106 760 2175 660
785 2103 861 2173 οὐδ’
893 2102 973 2184 ἀξιῶ
1006 2130 1091 2190 μνη·

91 2220 217 2300 σθῆναι
238 2216 268 2280 εί
286 2208 329 2299 μὴ
353 2208 436 2280 ὅσον
455 2217 600 2298 σημῆναι
619 2207 824 2298 βουλόμενος
843 2211 982 2293 μοῦνον.
1021 2208 1090 2271 τῶν

91 2307 305 2398 ῆὲτέρημέν
284 2311 414 2395 νλέμει
437 2304 516 2387 τοῦς
537 2302 705 2395 έτησίας’
686 2305 871 2392 ανέμουςε
856 2301 941 2370 εἶναι
965 2306 1091 2378 αἰτίους

91 2406 262 2497 πληθύειν
273 2404 336 2474 τὸν
356 2403 524 2494 ποταμὸν,
553 2406 745 2483 κωλύοντας
759 2405 792 2483 ές
805 2400 984 2471 θάλασσαν
997 2401 1091 2487 ἐκρέ-

92 2534 142 2577 ειν
174 2502 238 2574 τάν
266 2510 401 2573 Νεῖλον.
453 2504 614 2585 πολλάκις
645 2504 681 2572 66
711 2505 836 2589 ἐτησίαι
856 2501 918 2588 μέν
943 2496 1013 2569 οὐκ
1043 2489 1091 2567 ἀν

91 2598 302 2691 έπνευσαν,ὁ
317 2604 354 2670 66
364 2611 485 2683 Νεῖλος
497 2629 602 2672 τουτο
594 2601 794 2722 έργνρξωαι.
816 2598 959 2688 πρῦςῦέ,
976 2605 1008 2668 εί
1016 2600 1091 2682 έτη

92 2709 159 2772 σίαι
175 2709 277 2769 αἴτιοι
291 2692 395 2789 ἦσαν,
416 2708 500 2789 χρῆν
514 2704 568 2770 καί
582 2698 661 2779 τοῦς
676 2697 798 2778 ἀλλους
813 2695 999 2786 ποταμούς,
1017 2695 1091 2766 ὅσοι

92 2815 176 2869 τοῖσι
190 2801 338 2887 έτησίησι
355 2794 463 2866 ἀντίοι
483 2801 613 2888 ῥέουσι,
637 2794 758 2884 ὁμοίως
779 2796 919 2884 πάσχειν
933 2797 987 2864 καί
1007 2794 1090 2864 κατά

91 2897 132 2967 τά
145 2896 233 2968 αάτά
247 2905 295 2989 τῷ
310 2904 434 2990 Νείλῳ,
455 2900 510 2968 καὶ
524 2904 652 2986 μᾶλλον
668 2901 715 2965 ἔτι
731 2894 891 2987 τοσούτῳ,
910 2893 977 2987 ῦσμ
993 2895 1091 2968 έλάσ-

91 3019 189 3077 σονες
204 2998 316 3076 έάντες
330 2994 554 3085 ἀσθενέστερα
568 2993 608 3064 τά
624 2995 771 3085 ῥεύματα
788 2999 996 3083 παρέχονται.
1030 2998 1092 3065 είσλ

92 3100 127 3169 66
151 3099 271 3167 πολλοὶ
290 3097 353 3185 μέν
375 3101 412 3167 έν
431 3105 472 3189 τῆ
488 3103 598 3187 Συρίη
615 3099 771 3184 ποταμοὶ,
800 3099 917 3165 πολλοὶ
938 3095 973 3165 66
995 3099 1032 3165 ἐν
1051 3101 1092 3184 τῆ

92 3196 220 3288 Λιρύη,
245 3202 280 3265 οἳ
293 3194 373 3265 ούῦέ
374 3222 395 3263 ν
410 3202 542 3265 τοιοῦτο
564 3194 745 3281 πάσχουσι,
770 3189 843 3264 οἷόν
857 3222 889 3263 τι
904 3190 988 3262 καὶ
973 3220 991 3262 ο
1009 3200 1092 3261 Nev-

93 3304 156 3376 λος.
192 3291 282 3363 116
300 3296 392 3384 ἑτέρη
408 3293 749 3383 ἀνεπιστημονεστέρη
766 3294 837 3381 μέν·
843 3295 964 3361 ἐστι
924 3315 982 3377 της
998 3297 1091 3356 λελε-
1105 3299 1139 3351 21

94 3398 232 3485 μμένης,
256 3394 349 3488 λέγω
372 3395 409 3464 66
432 3401 538 3464 είπείν
573 3393 828 3482 θωμασιωτέρη,
870 3382 1044 3477 ῆλίγει’
1025 3383 1090 3451 απὸ

95 3503 153 3568 τοῦ
168 3494 337 3570 Ὠκεανοῦ
352 3497 472 3587 ῥέοντα
489 3492 593 3566 αύτῦν
606 3500 710 3564 ταῦτα
726 3495 956 3581 μηχανᾶσθαι,
976 3480 1037 3551 τὸν
1057 3479 1089 3548 6¹
