2588 3926
346 263 430 319 LIB
465 262 510 318 IX.
545 261 643 318 GAP.
680 267 763 322 79-
777 270 819 324 83.
1018 265 1081 330 327

15 478 16 497 ,
71 429 134 488 τοῦ
159 423 338 508 χαλκέου’
322 417 482 498 επεστεός
503 417 638 503 ἀγχιστα
659 426 719 486 τοῦ
740 428 873 511 βωμοῦ,
899 431 954 495 καὶ
972 437 1019 520 τῷ
1042 434 1079 500 έν

68 525 232 607 Ὀλυμπίῃ
247 524 318 608 θεῷ
334 513 549 600 έξελόυτες,’
532 512 590 582 απ’
602 508 642 603 ἧς
653 518 844 641 δεκάπηχυν
857 523 1000 609 χάλκεον
1010 534 1077 595 Δία

15 690 16 711 ρ
70 615 258 705 ἀνέθηκαν,
274 619 328 685 καὶ
339 642 385 706 τηε
370 618 436 681 έν
447 611 569 704 Ἰσθμῷ
583 613 699 705 θεῷ,’
681 614 738 681 απ’
751 609 790 701 ἧς
801 620 988 707 ἑπτάπηχυς
998 624 1079 707 χάλ-

15 772 16 791 2
69 717 531 801 κεοςΠοσερδεωνέξεγενετο,
542 739 645 780 ταυτα
653 715 865 796 έξελοντες
828 745 868 784 τα
879 716 978 787 λοιπα
990 726 1078 789 διαι-

70 819 190 899 ρέοντο
205 815 260 881 καὶ
277 814 433 899 έλαβου”
413 829 545 878 εκαστοι
557 816 625 877 τῶν
637 806 759 890 ἀξιοι
736 833 834 900 ησαν,
851 815 956 883 καὶ
919 843 978 896 τας
992 828 1078 887 παλ

15 990 16 993 ¹
70 909 177 989 λακάς
192 918 259 978 τῶν
269 912 429 997 Περσέων
439 906 539 977 καὶ
506 933 566 974 τον
579 907 706 1007 χρυσόν
721 909 821 978 καὶ
787 937 847 979 τον
858 911 1009 1000 ἀργυρον
1022 920 1077 985 καί

69 1010 157 1078 ἀλλα
173 1007 323 1128 χρήματά
338 1034 373 1075 τε
396 1009 451 1074 καὶ
466 1002 640 1091 ὑποζύγια.
667 1004 749 1075 Ὀσα
766 1012 828 1094 μέν
847 1038 913 1079 νυν
929 1016 1076 1098 ἐξαίρετα

68 1121 157 1176 τοῖσι
170 1102 384 1225 ἀριστεύσασι
400 1102 512 1173 αὐτῶν
529 1108 566 1171 έν
580 1111 766 1193 Πλαταιησι
781 1107 902 1194 ἐδόθη,
924 1135 966 1177 ου
956 1107 1077 1197 ’-λέγε
1179 1168 1181 1173 s

68 1231 124 1273 ται
138 1202 223 1290 πρός
233 1201 402 1290 οὐδαμῶν,
418 1199 566 1270 δοκέωδ’
581 1207 684 1288 ἔγωγε
695 1205 749 1271 καὶ
761 1203 907 1273 τοότοισι
919 1211 1072 1293 δοθῆναι.

67 1310 247 1393 Παυσανίη
263 1305 300 1372 δέ
313 1304 422 1372 πάντα
436 1304 516 1370 δέκα
530 1303 685 1387 ἐξαιρέθη
699 1327 735 1368 τε
749 1305 804 1369 καί
818 1304 939 1390 ἐδόθη,
955 1319 1075 1390 γυναῖ-

68 1427 142 1487 κες,
160 1404 271 1487 ἵπποι,
288 1401 444 1485 τάλαντα,
462 1399 615 1485 κάμηλοι,
635 1395 678 1477 δός
693 1399 729 1465 δὲ
744 1397 853 1477 αὕτως
868 1403 921 1468 καὶ
933 1400 973 1468 τά
990 1399 1073 1470 ἀλλα

68 1499 228 1586 χρήματα.
251 1501 390 1586 Λέγεται
401 1498 437 1567 δὲ
448 1500 503 1566 καὶ
513 1498 592 1566 τάδε
605 1501 775 1584 γενέσθαι,
795 1495 838 1577 ὡς
849 1503 970 1587 Ξέρξης
985 1501 1071 1588 φεύ·
1087 1517 1122 1575 82

67 1625 141 1685 γων
155 1600 192 1666 έκ
209 1605 265 1684 τῆς
273 1596 431 1676 Ἑλλάδος
443 1600 627 1686 Μαρδονίῳ
643 1593 705 1682 την
719 1595 927 1685 κατασκευὴν
938 1605 1072 1668 καταλί-

68 1723 126 1765 ποι
137 1696 198 1784 την
213 1700 356 1765 ἑωυτοῦ·
378 1702 578 1782 Παυσανίην
589 1688 638 1761 τόν
648 1693 787 1782 ὁρέοντα
799 1691 861 1781 τὴν
871 1702 1071 1783 Μαρδονίου

68 1792 278 1880 κατασκευὴν
298 1802 409 1884 ’χρυσῷ
431 1784 465 1861 τε
485 1794 539 1861 καὶ
559 1790 696 1883 ἀργύρῳ
720 1793 774 1859 καί
794 1793 1070 1878 παραπετάσμασι

68 1900 246 1962 ποικίλοισι
267 1896 576 1979 κατεσκευασμένην
598 1899 752 1960 κελεῦσαι
772 1893 851 1970 τοός
871 1918 906 1960 τε
930 1891 1073 1979 ἀρτοκό-

69 2017 153 2070 πους
177 1988 330 2069 καὶτοὺς
351 1989 535 2072 ὀψοποιοὺς
556 1989 638 2058 κατά
660 1987 764 2058 ταάτά
786 1988 869 2057 κατά
886 1994 1072 2082 Μαρδονίηο

69 2094 207 2157 δεῖπνον
217 2090 490 2175 παρασκευάζειν.
504 2089 548 2169 ὦς
558 2090 594 2158 δὲ
606 2088 820 2176 κελευόμενοι
832 2083 925 2158 οὗτοι
938 2092 1073 2160 ἐποίευν

69 2193 190 2273 ταῦτα,
212 2189 362 2256 ένθαῦτα
382 2186 442 2256 τόν
456 2194 655 2274 Παυσανίην
676 2187 791 2258 ίδόντα
808 2197 922 2269 κλίνας
939 2217 974 2258 τε
988 2216 1073 2277 χρυ-

71 2288 145 2363 σέας
161 2287 216 2353 καὶ
230 2282 395 2372 ἀργυρέας
409 2280 450 2355 εὖ
467 2286 672 2375 ἐστρωμένας
688 2290 744 2355 καὶ
762 2289 922 2374 τραπέζας
935 2313 970 2356 τε
989 2313 1072 2375 χρυ-

70 2387 145 2462 σέας
165 2385 219 2452 καὶ
236 2381 402 2472 ἀργυρέας
424 2390 479 2455 καὶ
500 2383 716 2474 παρασκευὴν
736 2389 987 2475 μεγαλοπρεπέα
1010 2393 1072 2454 τοῦ

71 2489 226 2569 δείπνου,
243 2486 446 2571 ἐκπλαγέντα
457 2484 497 2555 τά
511 2493 713 2575 προκείμενα
725 2484 839 2573 ἀγαθά
853 2495 1007 2557 κελεῦσαι
1019 2487 1072 2554 έπί

69 2588 185 2673 γέλωτι
196 2580 275 2663 τούς
287 2587 413 2654 ἑωυτοῦ
424 2589 604 2675 διηκόνους
614 2589 866 2675 παρασκευάσαι
872 2588 1072 2658 Λακωνικόν

72 2688 215 2752 δεῖπνον.
241 2678 286 2759 ὡς
301 2682 337 2750 δὲ
351 2691 408 2769 τῆς
423 2691 543 2771 θοίνης
557 2691 754 2772 ποιηθείσης
763 2678 808 2773 ἦν
822 2685 948 2757 πολλόν
961 2687 999 2756 τό
1011 2692 1070 2774 μέ-

71 2801 141 2866 σον,
152 2777 212 2847 τόν
222 2788 420 2869 Παυσανίην
433 2785 621 2870 γελάσαντα
630 2786 909 2871 μεταπέμψασθαι
920 2794 987 2855 τῶν
996 2785 1070 2858 Ἐλ-

71 2878 180 2964 λήνων
194 2873 273 2955 τούς
287 2879 502 2968 στρατηγοὺς,
518 2881 757 2951 συνελθόντων
772 2881 807 2950 δέ
821 2883 950 2953 τούτων
965 2891 1070 2956 είπείν

71 2973 128 3044 τόν
139 2981 348 3062 Παυσανίην,
365 2980 543 3048 δεικνύντα
559 2983 591 3060 ές
607 2983 765 3066 ἑκατέρην
780 2978 840 3048 τοῦ
855 2985 994 3051 δείπνου
1007 2981 1070 3071 τὴν

70 3071 298 3161 παρασκευήν·
312 3071 471 3164 ’Ἀνδρες“
464 3081 956 3170 Ελληνες,τῶνδεεινεκενέγδ
966 3080 1070 3170 ὑμέας
1193 3120 1197 3129 ε

70 3172 270 3261 συνήγαγον,
281 3174 517 3261 βουλόμενος
499 3190 580 3263 υμῖν
590 3200 653 3245 του·
637 3178 830 3266 Μήδου
794 3205 856 3306 την
867 3180 1070 3272 ἀφροσύνην

70 3269 207 3391 δέξαι,“
187 3297 224 3350 ος
237 3269 370 3358 τοιήνδε
384 3277 516 3343 δίαιταν
529 3281 613 3361 έχων
623 3269 709 3363 ηλθε
724 3275 783 3357 ές’
766 3281 868 3366 ημέας
879 3305 968 3349 ουτω
980 3279 1070 3363 ὀιζυ-

71 3367 131 3456 ρὴν
145 3366 312 3456 ἔχοντας’
292 3373 570 3460 απαιρησόμενος.
598 3382 709 3443 Ταῦτα
723 3376 786 3463 μὲν
764 3384 999 3464 νΠάνσανίην
1014 3382 1069 3447 λέ·

70 3491 156 3554 χεται
166 3471 270 3534 είπείν
280 3466 365 3554 πρός
375 3468 455 3550 τοός
464 3471 669 3560 στρατηγοὺς
679 3481 747 3542 τῶν
752 3472 932 3561 Ελλήνων,
941 3474 1069 3566 ὑστέρω
1082 3491 1119 3551 a
