2562 3926
331 257 418 316 ιιο.
449 256 483 315 11.
516 253 614 314 σεε.
645 257 820 333 νει-ιιι.
1012 247 1077 320 201

98 427 165 498 ρείυ.
187 412 229 498 ὦς
243 419 278 489 δδ
292 415 489 503 ἀπικόμενοι
508 416 542 497 ές
554 410 617 503 τήν
631 422 805 501 Αίγυκτον
822 417 856 482 οί
869 410 988 485 Ἠλεῖοι
1004 421 1077 488 έλι-

97 540 149 600 γον
164 522 227 586 τόν
247 520 375 587 ε’ίνεκεν
389 513 567 603 ἀπίκοντο,
589 516 738 585 ἐνθαῦτα
760 507 779 583 ὁ
799 511 955 602 βασιλεὺς
979 507 1078 598 οὗτος

97 621 292 702 συγκαλέεται
306 623 501 707 Αἰγυπτίων
514 613 593 696 τοδς
607 616 808 703 λεγομένους
822 613 907 684 εἶναι
920 618 1075 705 σοφωτά-

96 743 167 798 τους.
198 723 420 800 συνελθόντες
444 720 480 788 δὲ
501 722 535 787 οί
552 716 733 805 Αίγόπτιοι
754 715 987 786 ἐπυνθάνοντο
1007 725 1075 786 τῶν

92 805 209 887 Ἠλείιου
222 819 389 907 λεγόντων
403 816 535 887 ἅπαντα
548 813 589 885 τά
604 814 739 903 κατήκει
750 818 855 901 σφέας
864 817 991 886 ποιέειν
1000 824 1075 903 περὶ

94 910 142 981 τόν
160 913 285 1004 ἀγῶνα·
313 914 565 1007 ἀπηγησάμενοι
582 917 619 984 δὲ
638 911 679 983 τά
698 913 808 982 πάντα
829 920 959 1001 ἔφασαν
978 914 1074 1003 ήκειν

94 1013 376 1105 ἐπιμαθησόμενοι,
399 1026 434 1086 εί
442 1043 474 1084 τι
488 1020 595 1102 ἔχοιεν
605 1010 785 1099 Αίγάπτιοι
798 1014 927 1082 τούτων
944 1014 1073 1085 δικαιό-

93 1135 174 1197 τερον
189 1117 384 1204 ίπεξευρεῑυ.
413 1121 448 1185 υί
462 1119 498 1184 δὲ
511 1112 777 1204 βουλευσάμενοι
791 1113 980 1201 ἐπειρότοιυ
993 1114 1072 1196 τοὺς

90 1204 233 1305 Ἠλείους,
256 1228 291 1289 εί
301 1240 361 1305 σφι
377 1222 411 1288 οί
423 1224 576 1304 πολιῆται
593 1218 855 1302 ἐναγωνίζονται.
888 1220 922 1285 οί
937 1217 973 1286 δδ
987 1221 1072 1303 ἐφα-

92 1331 144 1380 σαν
155 1319 207 1385 καλ
222 1320 337 1406 σφέων
346 1322 402 1387 καί
412 1326 481 1387 τῶν
492 1317 603 1387 ἀλλον
611 1315 781 1404 Ἑλλήνων
794 1313 916 1403 ὁμοίως
929 1324 975 1408 τῷ
988 1325 1073 1404 βου·

91 1418 201 1507 λομένμ
220 1420 342 1499 ἐξεῖναι
363 1416 594 1506 ἀγωνίζεσθαι.
628 1420 663 1485 oc
681 1416 717 1484 δὲ
737 1415 916 1502 Αἰγύπτιοι
941 1415 1071 1501 ἐφασάυ

90 1529 178 1596 σφεας
190 1513 278 1584 οὗτοι
292 1519 446 1597 τυθέντας
462 1514 587 1596 παντὸς
607 1521 668 1584 τοῦ
685 1518 817 1583 δικαίου
830 1509 1069 1603 ἡμαρτηκέναι·

91 1605 230 1698 οὐδεμίαν
242 1612 310 1704 γάρ
330 1614 416 1685 εἶναι
430 1613 599 1704 μηχανήν,
621 1612 708 1694 ὅκως
722 1611 764 1683 οὐ
777 1621 823 1706 τῷ
843 1612 931 1708 ἀστῷ
945 1611 1071 1704 ἀγωνι-

90 1714 154 1796 ζομέ
151 1739 195 1804 υρι
214 1717 483 1804 προσθήσονται,
506 1714 695 1796 ἀδικέοντες
714 1712 775 1784 τδυ
797 1718 915 1796 ξείνου.
949 1713 1022 1786 ἀλλ’
1040 1720 1072 1786 εί

90 1804 121 1893 δή
130 1782 302 1896 βοάλουται
314 1819 448 1897 δικαίοις
457 1822 588 1887 τιθέναι
599 1822 655 1887 καὶ
664 1817 787 1886 τούτου
799 1820 926 1885 εἵνεκεν
936 1814 1069 1887 ἀπικοί-

89 1930 135 1976 ατο
157 1913 188 1992 ἐς
210 1923 404 2004 Αἴγυπτον,
435 1922 570 1999 ξείνοισι
594 1916 796 2006 ἀγωνιστῇσι
821 1910 975 1986 ἐκέλευον
1006 1913 1067 1985 τόν

89 2000 184 2089 ἆγῶυα
205 2018 355 2102 τιθέναι,
375 2013 688 2100 Ἠλείωυδδμηδενὶ
703 2015 825 2095 ἐξεῖναι
837 2011 1065 2101 ἀγωνίζεσθαι.

90 2115 173 2179 ιαῦτα
185 2115 247 2200 μέυ
261 2122 310 2185 At
308 2116 441 2204 γόπτιοι
455 2116 610 2188 Ἠλείοισι
625 2114 851 2202 ὑπεθήκαντο.

158 2211 310 2300 Ψάμμιος
331 2217 367 2284 δέ
387 2220 420 2296 ἐξ
443 2221 516 2285 ἔτεα
535 2223 665 2304 μοῦνον
685 2209 945 2303 βασιλεύσαντος
959 2211 1067 2298 Αίγό-
1083 2219 1130 2276 161

86 2327 156 2374 ττυυ
173 2313 227 2379 καλ
247 2316 537 2400 στρατευσαμένου
560 2319 594 2394 ές
607 2318 792 2399 Λίθιοπίηυ
814 2311 869 2378 καί
888 2314 1066 2396 μεταυτίκα

85 2407 323 2494 τελευτήσαντος
336 2412 500 2492 ἐξεδέξατο
518 2407 683 2500 Ἀπρίης
698 2408 717 2480 ὁ
736 2408 905 2496 Ψάμμιος,
927 2403 964 2486 ὃς
983 2405 1065 2495 μετὰ

89 2502 285 2594 Ψαμμήτιχον
300 2505 361 2576 τόν
373 2512 501 2579 ἑαυτοῦ
516 2510 711 2598 προπάτορα
726 2509 855 2595 ἐγένετο
870 2502 1066 2591 εὐδαιμονέ-

85 2615 183 2681 στατος
195 2611 263 2672 τῶν
279 2606 446 2694 πρότερον
458 2611 641 2697 βασιλέων,
662 2604 716 2676 ἐπ’
735 2611 808 2676 ἔτεα
829 2606 926 2672 πέντε
941 2607 996 2673 καλ
1015 2612 1066 2674 εί-

84 2716 144 2765 κυσι
160 2697 276 2820 ἀρξας,
300 2709 337 2771 έν
359 2720 444 2775 τοῖσι
464 2709 521 2776 ἐπί
532 2734 569 2776 τε
583 2711 720 2776 Σιδῶνα
735 2700 878 2789 στρατόν
892 2699 995 2790 ήλασε
1009 2703 1065 2771 καί

83 2793 274 2925 ἐναυμάχησε
292 2830 338 2893 τῳ
324 2809 476 2896 Τυρίμ
500 2808 570 2875 ἐπεί
590 2808 629 2875 δέ
641 2808 676 2873 σί
686 2807 758 2872 ἔδει
771 2806 881 2879 κακῶς
894 2803 1061 2886 γενέσθαι,

82 2894 226 2978 ἐγένετο’
207 2900 274 2968 απδ
290 2904 495 2993 προφάσιος,
515 2903 578 2993 τήν
599 2900 664 2992 έγυδ
678 2901 821 2990 μεζόνως
841 2900 903 2985 μέν
922 2902 959 2969 ἐν
978 2914 1063 2968 τοῖσι

81 3000 237 3079 Λιβυκοῖσι
253 3000 424 3086 λόγοισι’
404 3004 633 3125 απηγήσομαι,
656 3006 794 3090 μετρίως
809 2996 842 3066 δ
864 3000 960 3091 ἐντῷ
975 3024 1061 3087 παρ-

80 3089 167 3162 δόντι·
187 3094 386 3185 ἀποπέμψας
403 3100 469 3189 γάρ
491 3104 678 3189 στράτευμα
698 3127 716 3169 ο
703 3096 863 3185 Ἀπρίης
878 3100 931 3167 ἐπὶ
945 3105 1062 3186 Κυρη-

80 3198 127 3257 ”al
125 3217 178 3274 θυι
187 3202 373 3284 μεγαλωστί
383 3204 667 3288 προσέπταισε,Λ
667 3200 812 3287 ίγόπτιοι
826 3196 863 3265 δέ
875 3203 978 3264 ταῦτα
989 3198 1061 3263 ἐπι-

79 3292 271 3379 μεμφόμενοι
282 3294 470 3419 ἀπέστησαν
481 3296 535 3368 ἀπ’
547 3298 662 3388 αὐτοῦ,
673 3302 843 3375 δοκέοντες
852 3319 914 3363 τον
923 3291 1060 3378 Ἀπρίην

79 3382 108 3450 ἔκ
124 3399 278 3479 προνοίης
299 3392 423 3476 αὐτοὺς
439 3394 632 3485 ἀποπέμψαι
656 3401 689 3477 ές
713 3395 921 3484 φαινόμενον
942 3388 1057 3476 κακδυ,

78 3477 124 3550 ἵνα
146 3486 183 3581 δή
207 3496 320 3579 σφέων
345 3492 460 3588 φθορὴ
487 3500 638 3590 γένηται,
667 3493 767 3579 αὐτὸς
789 3495 826 3563 δέ
845 3495 914 3558 τῶν
932 3496 1058 3563 λοιπῶν
