2568 3938
319 242 405 301 ιιε.
437 241 482 301 ιιι
516 242 615 301 σεε.
651 247 793 307 ποτε.
992 243 1056 313 241
1135 332 1138 336 A

136 401 394 490 Λακεδαιμόνιοι
409 402 445 471 66
459 400 566 494 στόλμ
576 402 711 494 μεγάλω
724 401 772 487 ’ὡς
786 401 957 494 άπίκοντο,
975 407 1099 481 ἐπα-σί

64 496 205 587 λιόρκεον
221 499 357 588 Σάμον·
377 499 627 588 προσβαλόντες
650 501 687 569 66
706 498 791 590 πρός
811 500 848 572 τό
870 516 975 591 τεῖχος
993 511 1056 574 τοῦ

64 597 116 680 μὲν
130 597 212 687 πρός
221 597 378 688 θαλάσση
389 600 545 677 ἑστεῶτος
558 597 692 686 πύργου
706 596 790 667 κατά
804 598 842 669 τό
855 602 1056 691 προάστειον

64 699 111 781 της
124 697 238 777 πόλιος
258 698 440 785 ἐπέβησαν,
461 693 543 783 μετὰ
560 698 595 766 66
616 695 722 765 αὐτοῦ
749 699 969 787 βωθησαντος
983 707 1057 768 Πο-

64 794 232 880 λυκράτεος
244 797 327 882 χειρὶ
340 803 446 882 πολλῇ
460 793 694 883 ἀπηλάθησαν.
717 793 801 865 κατά
817 798 852 866 66
866 794 928 866 τόν
941 798 1055 866 ἐπάνω

62 889 182 979 πύργον
195 891 257 961 τόν
278 895 330 962 ἐπί
350 899 407 981 τῆς
421 891 535 983 ῥάχιος
548 900 610 962 τοῦ
627 892 745 985 οόρεος
760 895 900 963 ἐπεόντα
918 898 1056 983 ἐπεξῆλ-

62 998 119 1058 θον
134 996 167 1061 οἵ
180 1019 216 1063 τε
228 995 401 1079 ἐπίκουροι
413 993 467 1061 καὶ
482 989 595 1060 αὐτῶν
605 999 745 1080 Σαμίων
763 994 896 1081 συχνοί,
918 994 1058 1081 δεξάμε-

62 1114 108 1157 νοι
121 1094 155 1162 66
169 1091 250 1173 τούς
263 1096 553 1180 Λακεδαιμονίους
566 1089 619 1161 ἐπ’
638 1088 754 1180 ὀλίγον
766 1093 892 1184 χρόνον
907 1099 1055 1181 ἔφευγον

62 1185 170 1261 ὀπίσω
192 1198 227 1263 οί
239 1196 275 1263 66
291 1193 507 1280 ἐπισπόμενοι
522 1197 679 1261 ἔκτεινον.
713 1199 758 1262 El
764 1194 828 1281 μέν
840 1220 907 1263 νυν
917 1199 952 1264 οί
964 1220 1053 1286 παρ·
1033 1211 1096 1264 -55

63 1286 160 1370 εόντες
169 1294 447 1378 Λακεδαιμονίων
459 1291 569 1378 ὁμοῖοι
583 1290 738 1376 ε’γένοντο
753 1293 879 1380 ταύτην
894 1292 1054 1383 1666ss-

62 1408 117 1504 ρην
126 1384 236 1480 Ἀρχίη
248 1415 285 1459 τε
298 1391 355 1459 καὶ
367 1388 535 1506 Λυκοόπη,
557 1382 714 1475 αίρέθη
692 1412 736 1455 αν
749 1389 874 1478 Σάμος.
925 1389 1052 1482 Ἀρχίης

61 1481 116 1572 γάρ
135 1490 188 1557 καὶ
210 1486 381 1575 Λυκώπης
403 1493 526 1575 μοῦνοι
550 1486 812 1566 συνεσπεσόντες
832 1488 999 1576 φεύγουσι
1019 1490 1053 1568 ἐς

63 1579 93 1651 τό
104 1601 203 1675 τεῖχος
217 1602 306 1656 τοῖσι
317 1592 493 1674 Σαμίοισι,
510 1586 566 1655 καὶ
580 1582 913 1673 άποκληισθέντες
873 1613 932 1674 της
945 1583 1051 1659 ὀπίσω

61 1678 134 1752 6606
157 1683 333 1756 ὀπέθανον
357 1688 396 1755 ἐν
414 1711 455 1776 τη
440 1682 550 1753 πόλι
572 1688 612 1773 τῇ
631 1690 781 1769 Σαμίων.
812 1692 911 1775 τρίτῳ
935 1683 1009 1755 66'
991 1682 1050 1753 απ’

57 1774 176 1869 Ἀρχίεω
196 1785 323 1855 τούτου
346 1784 500 1873 γεγονότι
525 1779 615 1874 άλλω
637 1779 747 1871 Ἀρχίη
770 1788 816 1850 τῶ
837 1789 970 1872 Σαμίου
990 1791 1052 1852 τοῦ

56 1889 176 1970 Ἀρχίεω
190 1883 303 1966 αὐτός
311 1889 348 1956 ἐν
363 1883 494 1974 Πιτάνη
509 1882 739 1971 συνεγενόμην
753 1851 931 1972 (δόμου
891 1909 956 1985 γαρ
970 1884 1053 1953 τιν’-

58 2004 111 2049 του
122 1976 232 2074 ην)
216 1980 257 2065 ὀς
272 1989 391 2066 ξείνων
411 1984 549 2053 πάντων
568 1983 710 2069 μάλιστα
731 1983 823 2068 ἐτίμα
837 2007 873 2050 τε
888 1976 1050 2070 Σαμίους,

58 2104 94 2147 κα
94 2088 150 2153 ίοί
160 2111 206 2177 τρι
191 2086 324 2173 πατρὶ
337 2089 401 2172 ἐφη
416 2082 550 2168 Σάμιον
570 2103 720 2165 τοννομα
733 2085 891 2166 τεθῆναι,
911 2076 963 2149 ὅτι
984 2083 1018 2148 oc
1031 2074 1050 2144 6

59 2177 154 2268 πατὴρ
172 2180 301 2271 Ἀρχίης
324 2184 361 2252 ἐν
376 2182 484 2273 Σάμω
506 2175 704 2266 άριστεόσας
723 2176 929 2265 ἐτελεύτησε·
950 2183 1051 2263 τιμᾶν

59 2273 90 2343 66
101 2285 250 2365 Σαμίους
265 2285 348 2368 ἔφη,
370 2278 455 2347 διότι
469 2282 648 2365 ταφῆναίο
630 2271 736 2344 οίτόν
755 2274 894 2343 πάππον
910 2279 942 2341 θι
939 2281 1051 2392 χμοσίη

59 2368 115 2443 ὑπό
130 2385 279 2467 Σαμίων.
322 2377 582 2464 Λακεδαιμόνιοι
597 2371 700 2459 δὲ,νό
672 2393 718 2454 ως
734 2392 795 2461 σφι
808 2371 1050 2490 τεσσεράκοντα
1059 2392 1095 2447 ες

58 2473 246 2561 ἐγεγόνεσαν
266 2473 388 2599 ἡμέραι
409 2476 644 2562 πολιορκέουσι
661 2471 799 2559 Σάμον,
821 2473 854 2551 ἐς
875 2467 913 2538 τό
935 2467 1051 2558 πρόσω

58 2597 88 2641 τε
106 2573 205 2645 οὐδὲν
223 2576 448 2666 προεκόπτετο
469 2581 537 2643 των
554 2571 775 2662 πρηγμάτων,
797 2567 1050 2641 άπαλλάσσοντο

55 2672 84 2749 ἐς
95 2676 369 2763 Πελοπόννησον.
402 2671 447 2754 ὡς
462 2668 527 2742 66
512 2697 531 2739 ο
548 2669 764 2759 ματαιότερος
777 2665 918 2753 λόγος”
891 2691 1050 2767 ωρμηται

54 2770 174 2855 λέγεται
184 2774 405 2862 Πολυκρατεα
416 2771 595 2859 ἐπιχωριον
605 2769 753 2856 νομισμα
763 2766 913 2848 κοψαντα
924 2766 1051 2839 πολλου

54 2871 219 2958 μολόβθον
241 2873 545 2995 καταχρυσώσαντα
562 2874 685 2938 δοῦναί
702 2887 781 2961 σφι,
798 2863 878 2946 τοὺς
897 2866 933 2936 66
954 2872 1052 2950 δεξα-

53 2966 225 3050 μένονς“
181 2998 272 3045 ουτω
288 2969 329 3060 θη
344 2968 628 3040 ἀπαλλάσσεσθαι.
651 2967 778 3055 ταύτην
797 2963 934 3053 πρότην
949 2986 1052 3055 στρα-Ι

53 3072 142 3152 τηίην
156 3066 239 3150 ἐς
202 3096 266 3158 την
278 3067 390 3169 Ἀσίην
403 3067 664 3156 Λακεδαιμόνιοι
674 3067 823 3153 Δωριέες
840 3065 1048 3153 ἐποιήσαντο.

55 3164 136 3233 0ίό’
151 3166 250 3239 ἐπὶ
213 3196 276 3239 τον
285 3160 506 3257 Πολυκράτεα
520 3165 802 3255 στρατευσάμενοι
812 3167 963 3250 Σαμίων,
978 3164 1048 3231 ἐπεί
1058 3181 1088 3238 σε

53 3263 85 3327 οί
94 3266 350 3355 Λακεδαιμόνιοι
365 3264 489 3349 αὐτοὺς
503 3264 697 3337 ἀπολείπειν
712 3268 868 3351 ἔμελλον,
882 3262 938 3330 καί
952 3256 1048 3329 αὐτοί

52 3351 220 3431 άπίπλωον
239 3369 274 3446 ἐς
295 3372 448 3488 Σίρνον
478 3364 657 3454 χρημάτων
680 3359 745 3450 γάρ
766 3362 915 3445 ἐόέοντο,
941 3352 983 3423 τά
1007 3353 1045 3422 66

53 3460 117 3523 τῶν
125 3467 278 3629 ww
289 3463 467 3557 πρήγματα
481 3462 602 3559 ηκμαζε
615 3468 737 3535 τοῦτον
749 3456 811 3532 τόν
824 3454 966 3629 χνοιῖθνι
986 3453 1043 3528 '‘“2
