2562 3926
203 220 267 292 σεο
295 212 308 220 ”
580 228 828 291 υοοοοοτι

205 384 291 476 λήια.
314 391 374 457 καί
383 413 443 476 μιν
459 386 604 479 δευτέρην
619 391 686 455 έτεί
696 386 863 455 ταλάντου
874 391 1051 476 Αίγινήται
1064 378 1206 480 δημοσίη

207 489 423 577 μισθοῦνται,
438 493 538 580 τρίτῳ
552 491 589 556 δὲ
604 492 670 556 έτει
680 483 854 575 Ἀθηναῖοι
872 484 991 556 ἑκατόν
1005 490 1135 578 μνέων,
1151 508 1206 558 τε-

206 588 317 679 τύρτφ
330 588 367 657 δέ
389 592 455 656 ἐκεῖ
477 586 698 675 Πολυκράτης
721 587 1009 658 δυῶνταλάντων.
1033 589 1122 659 οῦτοι
1142 591 1206 679 μέν

209 684 344 756 ἀπίκετο
368 688 401 766 ἐς
428 684 491 776 τήν
512 687 641 773 Σάμον.
676 688 732 756 καλ
761 684 831 773 ἀπὸ,
854 687 978 757 τούτου
1000 695 1061 757 τοῦ
1082 685 1206 777 ἀνδρὸς

202 782 272 855 ούκ
299 784 417 873 ἥκιστα
443 791 672 875 Κροτωνιῆται
706 786 813 874 ἰητροί
840 782 1081 872 εὐδοκίμησαν·Ι
1110 789 1207 873 [ἐμέ-

207 893 284 952 νετο
312 881 378 972 μάρ
412 876 461 953 ἀν
493 889 615 971 τοῦτο,
647 881 704 952 ὅτε
732 889 858 971 πρῶτοι
886 881 949 969 μὲν
977 890 1206 972 Κροτωνιῆται

207 987 314 1073 ίητρολ
345 987 497 1073 ἐλέγοντο
522 982 588 1055 ἀνά
609 981 672 1073 τήν
687 982 829 1055 Ἐλλάδα
860 982 961 1072 εἶναι,
993 984 1144 1069 δεύτεροι
1170 981 1206 1052 δέ

207 1091 404 1173 Κυρηναῖοι.
438 1083 521 1155 κατά
543 1085 604 1155 τόν
632 1084 737 1154 αὐτόν
767 1086 803 1155 δὲ
836 1084 960 1174 χρόνον
987 1088 1043 1156 καί
1065 1083 1206 1174 Ἀρμεῖοι

147 1204 197 1262 m
209 1185 337 1275 ήκουον
346 1184 514 1276 μουσικήν
526 1185 786 1274 εἷναιῈλλήνοιν
795 1193 942 1279 πρῶτοιλ.
956 1187 1038 1257 Τότε
1049 1189 1086 1258 δὲ
1099 1185 1117 1258 6
1132 1200 1207 1275 Δη-

208 1282 356 1373 μοκήδης
377 1285 414 1352 ἐν
434 1299 520 1355 τοῖσι
534 1285 699 1356 Σούσοισι
720 1287 1092 1376 ἐξιησάμενοςΔαρείον
1112 1284 1206 1365 οἶκόν

207 1408 242 1452 τε
268 1385 426 1470 μέγιστον
457 1381 521 1471 εἶχε
549 1387 604 1454 καί
631 1381 854 1472 ὁμοτράπεζος
883 1388 1014 1472 βασιλέι·
1036 1383 1189 1472 ἐγεγόνεε
1195 1398 1222 1466 ,’

209 1480 299 1569 πλήν
318 1505 355 1549 τε
380 1477 456 1563 έυός
469 1489 530 1552 τοῦ
553 1481 753 1570 έςἝλληνας
776 1479 910 1551 ἀπιέναι
931 1481 1040 1550 πάντα
1062 1479 1102 1550 τά
1122 1480 1205 1550 ἀλλα

212 1582 246 1647 οί
258 1585 379 1666 πυρήν.
415 1582 584 1650 καὶτοῦτο
601 1581 663 1668 μέν
682 1578 761 1660 τούς
781 1584 987 1668 Αἰγυπτίους
1002 1578 1153 1669 ἰητρούς,
1175 1584 1211 1650 οἳ

202 1679 347 1764 -βασιλέα
366 1677 532 1766 πρότερον
553 1683 678 1763 ίεῦντο,
696 1682 874 1766 μέλλοντας
884 1674 1205 1747 ἀνασκολοπιέεσδαι

211 1772 295 1842 διότι
311 1771 377 1843 ὑπό
386 1772 545 1865 Ἕλληνος
558 1782 675 1864 ίητροῦ
690 1775 906 1862 ἑσσώθησαν,
917 1774 1057 1854 τούτους
1069 1776 1206 1864 βασιλέα

211 1873 498 1962 παραιτησόμενος
513 1876 693 1964 ἐρρύσατο,
703 1880 802 1944 τοῦτο
819 1873 915 1942 δέ’
869 1899 990 1960 μαντιν
997 1871 1207 1943 ἨλειονΠο-

201 1972 372 2058 λυκράτεε
393 1973 618 2094 ἐπισπόμενον
641 1974 697 2042 καί
710 1970 965 2060 ἀπημελημένον
985 1973 1021 2040 έν
1040 1985 1123 2040 τοῖσι
1144 1967 1206 2038 ἀυ-

212 2060 462 2159 δραπόδοισι.
437 2095 482 2158 ην
505 2068 543 2140 δέ
567 2071 724 2160 μέγιστον
740 2073 877 2159 πρῆγμα
894 2064 1097 2155 Δημοκήδης
1115 2059 1208 2152 παρά

210 2168 350 2250 βασιλέι·

151 2287 202 2343 133
287 2266 343 2338 Ἑν
360 2268 471 2359 χρόνῳ
499 2267 536 2337 δέ
555 2265 657 2360 ὀλίγῳ
674 2266 755 2355 μετά
779 2273 883 2337 ταῦτα
903 2267 982 2336 τάδε
996 2265 1079 2336 ἀλλα
1100 2266 1208 2355 συνή-
1274 2356 1275 2359 ¹

209 2367 484 2452 νεικεμενέσδαι·
509 2363 647 2453 Ἀτόσσῃ
666 2372 706 2454 τῇ
723 2365 843 2449 Κόρου
862 2362 925 2452 μὲν
944 2366 1106 2453 θυγατρί,
1132 2373 1208 2432 Δα-

210 2469 304 2548 ρείου
332 2463 368 2529 δέ
392 2462 527 2548 μυναικλ
555 2462 608 2530 ἐπὶ
626 2468 688 2529 τοῦ
703 2467 831 2549 μαστοῦ
851 2467 917 2549 έφυ
936 2468 1048 2551 φῦμα,
1067 2459 1149 2551 μετὰ
1171 2462 1208 2531 δέ

210 2557 350 2646 ἐκραγὲν
367 2557 500 2645 ἐνέμετο
513 2557 638 2652 πρόσηι.
660 2556 754 2627 ’ὅσον
775 2559 837 2646 μὲν
857 2557 897 2646 δή
912 2560 1036 2648 χρόνον
1049 2554 1094 2649 ήν
1109 2567 1210 2631 ἔλασ-

211 2677 289 2744 σον,
314 2683 336 2745 η
323 2652 599 2745 ’δέκρύπτουσα
622 2661 735 2727 καλί
698 2684 719 2725 α
720 2658 920 2745 ίσχυνομένη
938 2663 1058 2747 ἔφραζε
1079 2655 1207 2743 ούδευί,

209 2755 280 2823 έπεί
266 2762 318 2823 ίτε
342 2751 381 2822 δέ
410 2757 448 2823 ἐν
467 2762 559 2873 κακῷ
578 2748 640 2844 ήν,
665 2757 893 2842 μετεπέμψατο
917 2752 978 2822 τόν
992 2754 1208 2843 Δημοκήδεα,

207 2877 262 2918 και
257 2855 311 2919 οί
322 2847 511 2931 έπέδεξεΪ
495 2877 514 2919 ο
535 2822 572 2920 δὲ
589 2850 656 2943 φάρ
675 2849 772 2939 ῦμιέα
792 2851 946 2938 ποιήσειν
964 2853 1096 2940 ἐξορκοῖ
1112 2845 1209 2940 μινή

206 2948 269 3032 μέν
300 2943 378 3014 οῖ’
359 2948 651 3035 ἀντυπουργήσειν
673 2952 805 3037 ἐκείνην
832 2956 948 3037 τοῦτο,
973 2947 1011 3018 τό
1039 2946 1083 3017 ἀν
1105 2946 1210 3037 αὐτῆς

209 3049 333 3133 δεηθῇ,
347 3043 528 3134 δεήσεσθαι
544 3047 580 3115 δὲ
594 3046 734 3129 οὐδενός
751 3055 819 3135 τῶν
834 3047 897 3118 όσα
912 3050 945 3128 ἐς
961 3049 1125 3137 αἰσχύνην
1140 3051 1210 3119 ἐστὶ

153 3149 365 3231 ἐσεφέροντο
405 3139 464 3222 Ὡς
489 3143 525 3212 δὲ
547 3143 612 3233 ἀρα
635 3173 694 3234 μιν
723 3146 804 3235 μετά
831 3153 934 3216 ταῦτα
949 3143 1210 3235 ίεύμενοςῦμιέοι

213 3243 367 3331 ἀπέδεξε,
391 3244 540 3314 ἐνθαῦτα
557 3243 598 3334 δή
620 3244 847 3335 διδαχθεῖσα”
830 3247 896 3317 υπὸ
913 3273 974 3316 του
960 3248 1211 3338 Δημοκήδεος

208 3340 229 3431 ή
240 3342 382 3410 Ατοσσα
393 3344 580 3430 προσέφερε
596 3347 634 3415 ἐν
649 3354 689 3436 τῇ
703 3353 796 3436 κοίτη
806 3353 940 3440 Δαρείῳ
951 3347 1053 3434 λόγον
1063 3349 1210 3418 τοιόνδε·

204 3434 242 3507 Ὠ
259 3447 415 3529 βασιλεῦ,
444 3447 529 3529 έχων
545 3442 691 3540 δύναμιν
710 3445 877 3536 τοσαύτην
901 3446 1057 3536 κάτησαι,
1077 3443 1156 3515 οῦτε
1177 3473 1210 3517 τι
