2562 3926
215 285 279 359 212
457 238 462 245 m
583 287 835 353 Ηεεοοοτι

213 455 353 546 γατέρα,
373 456 431 523 ἵνα
453 441 476 541 ή
499 442 579 533 δούς
600 448 722 543 ἀνιῷτο
742 444 825 539 ήμή
848 446 929 532 δούς
947 452 1115 542 Καμβύσῃ
1137 448 1215 522 ἀπέ·

215 565 341 643 ηθοιτο.
363 550 577 640 bavam
586 557 627 641 τή
641 549 768 637 δυνάμι
780 557 848 618 τάν
857 552 1016 637 Περσέων
1030 547 1215 639 ἀχθόμενος

215 656 271 725 καί
291 650 471 744 ἀρρωδέων
493 649 556 720 ούκ
576 648 640 739 εἶχε
662 647 739 718 ούτε
754 653 874 717 δοῦναι
889 647 966 718 ούτε
987 647 1215 741 ἀρνήσασθαι·

216 745 257 822 εὖ
270 751 336 842 γάρ
350 750 526 843 ήπίστατο,
549 748 600 819 ότι
621 746 685 819 ούκ
703 745 747 828 ὡς
761 748 906 836 γυναῖκά
920 774 978 834 μιν
993 755 1107 836 ἔμελλε
1121 755 1217 835 Καμ-

215 850 321 940 βύσης
335 853 437 940 ἕξειν,
453 846 521 920 ἀλλ’
534 845 579 930 όις
589 847 771 936 παλλακήν.
794 853 898 915 ταῦτα
913 844 955 934 δή
970 847 1217 936 ἐκλογιζόμενος

215 951 349 1036 ἐποίησε
362 948 459 1017 τάδε·
480 941 525 1037 ήν
538 945 678 1037 Ἀπρίεω
687 951 749 1014 τοῦ
760 947 926 1032 προτέρου
936 949 1090 1033 βασιλέος
1104 945 1217 1032 θυγά-

214 1072 278 1135 τηρ
292 1047 398 1133 κάρτα
412 1048 538 1135 μεγάλη
554 1072 591 1116 τε
607 1048 663 1115 καί
678 1040 824 1130 εύειδής,
846 1042 956 1130 μούνη
973 1049 1034 1111 τοῦ
1048 1052 1144 1111 οίκου
1160 1050 1217 1111 λε-

215 1151 385 1235 λειμμένη,
398 1145 528 1236 ούνομα
539 1148 580 1217 δέ
586 1139 673 1235 οίήν
683 1151 827 1231 Νίτητις.
850 1141 976 1230 ταύτην
990 1140 1030 1231 δή
1042 1141 1104 1233 τήν
1114 1146 1216 1213 παῖδα

214 1243 233 1316 ὁ
252 1242 391 1333 ’Ἀμασις
410 1246 580 1336 κοσμήσας
598 1246 718 1333 ἐσθῆτί
727 1268 763 1313 τε
782 1243 838 1312 καί
856 1248 970 1335 χρυσῷ
983 1237 1169 1330 ἀποπέμπει
1184 1245 1215 1322 ἐς

213 1346 346 1431 Πέρσας
364 1340 411 1425 ἀς
426 1347 553 1415 ἑωυτοῦ
569 1343 750 1432 θυγατέρα.
781 1339 863 1430 μετά
881 1342 918 1410 δὲ
940 1341 1065 1431 χρόνον
1089 1339 1134 1422 ἀς
1155 1368 1215 1431 μιν

216 1438 376 1531 ἠσπάζετο
400 1443 572 1533 πατρόθεν
598 1441 814 1530 ούνομάζων,
844 1443 932 1529 λέγει
957 1439 1041 1529 πρός
1065 1440 1215 1530 αύτόνή

214 1552 307 1621 παῖς·
334 1535 374 1610 Ὠ
387 1549 536 1632 βασιλεύ,
552 1543 812 1632 διαβεβλημένος
826 1537 893 1609 ὑπό
905 1537 1059 1628 ’Λμάσιος
1073 1538 1115 1610 ού
1128 1568 1216 1629 μαν-

164 1637 166 1642 ’
213 1638 350 1727 θάνεις,
371 1637 409 1720 ἀς
422 1641 482 1728 έμέ
494 1662 546 1711 σοι
567 1641 681 1735 κόσρρι
696 1637 843 1728 ἀσκήσας
857 1636 1047 1730 ἀπέπεμψε,
1069 1638 1113 1722 ἀς
1127 1644 1214 1711 ἑωυ-

213 1744 275 1808 τού
294 1741 467 1829 θυγατέρα
487 1738 602 1821 διδούς
618 1742 743 1809 έοῦσαν
761 1745 801 1827 τῇ
817 1736 958 1830 ἀληθείη
975 1737 1131 1830 Ἀπρίεω,
1151 1740 1212 1811 τόν

215 1843 341 1921 ἐκεῖνος
355 1838 454 1910 ἐόντα
471 1842 598 1911 ἑωυτοῦ
615 1842 782 1933 δεσπότην
791 1838 864 1930 μετ’
879 1847 1073 1930 Αἰγυπτίων
1088 1844 1215 1914 ἐπανα-

214 1940 294 2024 στάς
319 1941 492 2031 ἐφόνευσε.
540 1950 648 2013 Τοῦτο
672 1941 713 2032 δή
739 1940 775 2012 ’τό
800 1948 878 2022 ἔπος
902 1945 958 2012 καί
980 1942 1065 2032 αὕτη
1084 1941 1105 2034 ή
1128 1951 1215 2035 αίτίη

213 2040 414 2130 ἐγγενομένη
427 2037 538 2129 ’ήγαγε
554 2042 743 2131 Καμβύσην
753 2038 813 2110 τόν
829 2040 947 2129 Κύρου
969 2043 1122 2131 μεγάλως
1142 2055 1215 2114 θυ-

213 2143 370 2229 μωθέντα
384 2136 437 2209 ἐπ’
454 2149 637 2228 Αἴγυπτον.
666 2138 755 2209 οὕτω
767 2141 830 2229 μέν
844 2166 911 2209 νυν
924 2142 1060 2229 λέγουσι
1074 2145 1212 2232 Πέρσαι.

182 2237 394 2325 λΑίγύπτιοι
416 2239 452 2307 δὲ
475 2245 677 2327 οἰκηιεῦνται
701 2236 901 2328 Καμβύσεα,
924 2241 1074 2329 φάμενοί
1091 2267 1151 2331 μιν
1176 2244 1215 2311 ἐκ

211 2334 332 2423 ταύτης
346 2332 387 2423 δή
401 2331 459 2423 τ’ής
477 2334 616 2428 Ἀπρίεω
632 2335 803 2426 θυγατρός
816 2340 992 2427 γενέσθαι·
1014 2347 1131 2428 Κῦρον
1145 2336 1213 2429 γάρ
1265 2362 1266 2369 ’

211 2434 297 2505 εἶναι
320 2431 382 2503 τόν
406 2437 581 2524 πέμψαντα
601 2448 686 2526 παρ’
710 2435 852 2525 ’Ἄμασιν
873 2439 926 2507 ἐπὶ
946 2436 1009 2526 τήν
1028 2442 1215 2529 θυγατέρα,

210 2532 286 2605 ἀλλ’
312 2531 354 2604 ού
367 2537 565 2625 Καμβύσην.
593 2539 747 2627 λέγοντες
766 2538 804 2607 δὲ
823 2542 928 2607 ταῦτα
947 2533 1011 2608 ούιι
1030 2533 1143 2627 ὀρθῶς
1157 2540 1217 2610 λέ-

209 2654 317 2722 γουσι.
350 2629 393 2705 ού
416 2633 485 2726 μήν
501 2633 580 2707 οὐδὲ
600 2641 723 2725 λέληθε
742 2633 866 2716 αύτούς
891 2642 938 2723 (εί
958 2637 1024 2726 γάρ
1047 2664 1134 2718 τινες
1157 2645 1216 2709 καὶ

211 2731 322 2821 ἀλλον,
343 2729 384 2803 τά
398 2737 558 2824 Περσέων
571 2735 696 2826 νόμιμα
711 2731 824 2826 ὀρθοῖς
837 2736 1022 2808 ἐπιστέαται
1037 2740 1092 2808 καὶ
1102 2737 1217 2827 Αίγύ-

210 2835 332 2917 πτιοι),
354 2830 406 2902 ότι
427 2841 544 2923 πρῶτα
564 2836 628 2923 μὲν
648 2835 759 2906 νόθον
773 2832 816 2904 ού
831 2855 893 2924 σφι
912 2833 1016 2926 νόμος
1031 2839 1099 2908 ἐστὶ
1113 2844 1216 2926 βασι-

210 2933 327 3001 λεύσαι
346 2939 489 3020 γνησίου
507 2935 708 3023 παρεόντος,
730 2927 825 3015 αύτις
845 2934 881 3004 δὲ
901 2932 953 3005 ὅτι
967 2935 1218 3024 Κασσανδάνης
1260 3024 1261 3029 ¹

209 3035 267 3117 τῆς
280 3031 491 3118 Φαρνάσπεω
510 3035 683 3126 θυγατρός
704 3030 749 3125 ήν
770 3050 848 3118 παῖς
867 3036 1067 3126 Καμβύσης,
1087 3034 1218 3126 ἀνδρὸς
1260 3040 1261 3075 ¹

204 3126 452 3221 Ἀχαιμενίδεω,
474 3131 550 3207 ἀλλ’
573 3134 637 3207 ούκ
651 3137 689 3206 έκ
702 3143 760 3225 τῆς
774 3141 967 3225 Αίγυπτίης.
996 3132 1081 3206 ἀλλά
1100 3159 1216 3224 παρα·
1259 3156 1260 3215 η

206 3226 373 3315 τρόπουσι
395 3227 456 3301 τόν
481 3233 587 3323 λόγον
609 3235 894 3325 προσποιεύμενοι
917 3243 958 3328 τή
978 3235 1098 3326 Κύρου
1122 3240 1218 3326 οίκίη
1258 3250 1259 3255 ’

175 3340 193 3399 ὅ
207 3329 383 3416 συγγενέες
395 3325 488 3402 εἶναι.
511 3335 567 3404 καί
580 3334 758 3423 ταῦταμὲν
770 3326 836 3404 άδε
847 3339 922 3423 ἔχει.
950 3336 1090 3422 Λέγεται
1103 3332 1142 3402 δέ
1156 3334 1218 3401 καὶ

209 3420 266 3493 όδε
283 3420 302 3494 ό
317 3422 431 3521 λόγος,
455 3430 528 3516 ἐμοὶ
548 3432 610 3522 μὲν
633 3431 674 3503 ού
695 3428 858 3521 πιθανός,
880 3428 925 3513 ἀις
945 3438 1015 3503 τῶν
1033 3434 1218 3517 Περσίδων

209 3528 381 3615 γυναικῶν
395 3525 583 3605 ίσιλθοῦσά
596 3554 647 3619 τις
659 3526 751 3627 καρά
764 3528 824 3627 τάρ
837 3529 958 3627 Κύρου
971 3543 1153 3629 γυναῖκας,
1169 3525 1219 3633 ὥς
