2618 3928
352 235 438 291 LIB.
472 235 530 290 VH.
563 234 661 292 CAP.
694 241 837 296 64-72.
1037 233 1097 298 155

92 394 172 478 ὀξύς
182 396 415 483 πεποιημένος,
426 398 472 484 τῷ
484 395 539 461 καὶ
549 390 607 471 τὰς
618 397 803 480 σφρηγῖδας
812 393 999 481 γλύφουσι·
1015 395 1099 485 πρὸς

94 496 131 565 δὲ
145 493 261 584 αίχμάς
277 492 375 581 εἶχον,
390 494 443 561 ἐπὶ
457 492 494 561 66
505 494 603 579 κέρας
616 490 781 579 δορκάδος
791 494 875 579 ἐπῆν
886 489 947 573 ὀξύ
958 518 1098 581 πεποιη-

93 597 196 682 με’νον
210 593 338 683 τρόπον
352 592 488 679 λόγχης·
505 585 594 676 είχον
610 591 716 658 δὲκαὶ
732 589 864 678 ῥόπαλα
878 593 1018 659 τυλωτά.
1037 600 1098 661 τοῦ

12 734 14 751 1
94 696 130 764 66
153 694 304 781 σώματος
319 690 357 761 τό
380 695 443 779 μὲν
462 689 566 807 ἥμισυ
587 691 798 812 ἐξηλείφοντο
819 689 952 781 γύψμί
951 690 1044 770 όυτες
1065 695 1098 772 ἐς

11 814 14 879 ξ
94 794 219 913 μάχην,
239 787 325 859 τόδ’
347 785 499 878 ἕτερον
476 806 579 875 ημισν
593 792 705 880 μίλτφ.
733 784 897 876 Αραβιωυ
910 791 946 856 δε
967 792 1080 858 καλί
1034 793 1098 858 Αί-

11 890 13 893 ’
95 891 229 960 διόπων
242 896 310 957 τῶν
323 886 409 976 ὑπὲρ
424 885 599 973 Αἰγύπτου
613 911 631 954 ο
633 879 837 975 ί’κημένων
814 912 894 974 ηρχε
905 884 1097 975 Ἀρσάμηςὸ

93 996 243 1078 Δαρείου
257 984 333 1058 μαλ’
328 986 551 1076 Αρτυστύνης
561 991 618 1074 τῇς
629 985 748 1074 Κύρου
760 985 941 1074 θυγατρός,
958 1013 1019 1074 την
1032 986 1097 1073 μά

92 1098 188 1158 λιστα
202 1090 336 1175 στέρξας
347 1095 415 1155 τῶν
424 1091 598 1174 γυναικῶν
607 1094 750 1170 Δαρεῖος
762 1084 840 1156 είκύ
849 1088 994 1175 χρυσέην
1007 1107 1098 1173 σφυ·

93 1188 239 1275 ρήλατον
254 1187 440 1275 ἐποιήσατο.
463 1193 531 1255 τῶν
547 1187 609 1273 μὲν
626 1184 667 1272 δῇ
682 1183 768 1273 ὑπὲρ
783 1185 959 1272 Αἰγύπτου
975 1188 1098 1257 ,4626-

93 1312 168 1355 πων
181 1288 236 1354 καὶ
247 1282 410 1374 Ἀραβίων
424 1277 505 1372 ἦρχε
517 1281 697 1371 Ἀρσάμης,
720 1288 754 1353 oc
768 1283 805 1352 66
819 1280 884 1353 άπὸ
900 1282 997 1371 ἡλίου
1013 1282 1097 1353 άυα·
1111 1305 1146 1361 70

9 1426 10 1475 3
92 1396 219 1457 τολέωυ
231 1391 393 1466 Αδδίοπες
410 1388 509 1476 (διξοὶ
522 1383 587 1473 γάρ
602 1381 643 1471 δὴ
665 1385 917 1473 ἐστρατεύοντο)
938 1407 1097 1472 προσετε-

9 1484 11 1509 ³
91 1487 212 1574 τάχατο
224 1498 308 1553 τοῖσι
316 1479 458 1573 Ἰνδοῖσι,
470 1484 725 1566 διαλλάσσοντες
735 1483 867 1572 είδοςμ
852 1483 979 1555 ἐνούδδ
964 1487 1001 1554 δν
1012 1498 1096 1554 τοῖσι

95 1587 250 1673 έτέροισι,
266 1579 385 1669 φωνῇν
396 1583 432 1652 66
444 1584 499 1651 καὶ
511 1588 657 1671 τρίχωμα
668 1590 814 1670 μοῦνον
836 1587 870 1652 oc
880 1580 995 1670 μὲν
956 1608 1021 1670 γαρ
1036 1579 1094 1650 ἀπ’

8 1740 10 1745 .
91 1682 189 1771 ηλίου
203 1686 366 1762 Αἰθίοπες
380 1681 549 1770 ίθύτριχές
563 1707 580 1750 ε
580 1687 700 1769 ίσι,οί
687 1682 802 1751 ίδέέκ
821 1686 879 1769 τῇς
892 1679 1019 1767 Λιβύης
1036 1677 1096 1748 ού-

8 1796 14 1869 ἶ,
91 1781 234 1850 λότατου
247 1787 392 1869 τρίχωμα
407 1781 667 1867 ἔχουσιπάυτωυ
682 1778 885 1867 ἀνθρώπων.
909 1771 1003 1846 οὗτοι
1016 1778 1053 1845 66
1065 1781 1099 1844 οί

7 1894 11 1980 ξ
57 1926 60 1931 »
92 1885 129 1952 ἐκ
145 1888 203 1967 τῇς
216 1877 325 1967 Ασιης
339 1885 501 1958 Αἰθίοπες
514 1906 555 1946 τα
543 1877 631 1966 μέν
645 1881 734 1948 πλεω
745 1904 828 1947 κατα
839 1902 902 1965 περ
913 1873 1010 1946 Ινδοὶ
1023 1879 1096 1944 ἐσε-

91 1978 226 2065 σάχατο,
243 1980 491 2063 προμετωπίδια
506 1981 541 2044 66
555 1980 669 2047 ἳππων
678 1976 767 2064 είχον
782 1979 834 2046 ἐπὶ
848 1983 922 2065 τῇσι
933 1981 1096 2063 κεφαλῇσι

7 2062 9 2141 ἶ
91 2077 158 2146 σύν
174 2102 209 2144 τε
223 2088 307 2144 τοίσι
320 2071 379 2143 οἰσὶ
393 2077 616 2161 ἐκδεδαρμένα
626 2079 681 2145 καὶ
691 2082 732 2165 τῇ
745 2082 855 2164 λοφιῇ.
879 2075 932 2143 καὶ
946 2069 1020 2141 άυτὶ
1034 2073 1096 2158 μὲν

93 2175 202 2261 λόφου
216 2170 237 2260 ἡ
254 2169 354 2259 λοφιῇ
370 2173 527 2259 κατέχρα,
541 2169 581 2239 τά
594 2173 630 2242 66
642 2167 710 2242 ὦτα
724 2180 792 2241 τῶν
807 2175 920 2242 ἵππων
934 2168 1022 2256 ὀρθά
1034 2193 1095 2237 πε-

89 2272 219 2359 πηγότα
234 2269 338 2358 είχου·
364 2271 581 2359 προβλήματα
598 2274 635 2340 66
655 2270 729 2341 ἄντ’
751 2270 902 2346 ἀσπίδων
922 2273 1094 2339 ἐποιεῦντο

92 2371 244 2464 γεράνων
261 2371 372 2460 δοράς.
402 2378 526 2461 Λίβυες
546 2372 582 2440 66
596 2370 722 2458 σκευὴν
735 2375 798 2458 μὲν
819 2377 979 2456 σκυτίνην
994 2366 1095 2457 ἤισαν
1109 2386 1138 2442 *n

90 2476 235 2558 ἔχοντες,
259 2467 442 2540 ἀκοντίοισι
460 2472 497 2540 66
515 2472 722 2541 ἐπικαύτοισι
738 2471 921 2559 χρεόμενοι.
951 2465 1094 2555 άρχοντα

89 2572 127 2639 66
140 2574 337 2655 παρείχοντο
354 2572 547 2660 Μασσάγην
560 2570 621 2641 τὸν
632 2569 791 2659 Ὀαρίζου.
821 2567 1043 2656 Παφλαγόνες
1057 2566 1094 2634 66
1109 2579 1143 2634 λλ

90 2669 328 2754 ἐστρατεύοντο
342 2673 395 2739 ἐπὶ
406 2673 469 2757 μὲν
481 2679 555 2760 τῇσι
571 2678 735 2759 κεφαλῇσι
749 2677 878 2757 ἔχοντες
892 2667 1018 2753 κράνεα
1032 2691 1093 2733 πε-

90 2771 275 2852 πλεγμένα,
293 2763 434 2849 άσπίδας
454 2772 490 2837 66
507 2767 665 2855 σμικράς,
689 2767 807 2856 αἰχμάς
827 2767 863 2837 66
879 2765 921 2836 ού
937 2766 1092 2853 μεγάλας,

90 2860 175 2951 πρὸς
193 2864 229 2931 66
243 2861 382 2933 ἀκόντια
395 2869 451 2935 καί
466 2871 660 2954 ἐγχειρίδια,
675 2869 751 2955 περὶ
766 2869 802 2936 66
818 2865 897 2948 τούς
912 2868 1017 2946 πόδας
1033 2866 1094 2933 πί-

90 2966 167 3030 διλα
184 2960 342 3049 ἐπιχώρια
356 2967 389 3044 ἐς
405 2968 510 3053 μέσην
525 2966 657 3053 κνήμην
671 2964 897 3035 ἀνατείνοντα.
923 2971 1046 3052 Λίγυες
1057 2963 1093 3030 66

88 3060 144 3128 καὶ
158 3064 327 3145 Ματιηνοὶ
343 3066 398 3130 καί
410 3068 651 3151 Μαριανδυνοί
662 3091 696 3134 τε
708 3067 763 3134 καλ
773 3066 897 3151 Σύριοι
912 3063 974 3151 τὴν
987 3059 1093 3146 αὐτὴν

89 3162 219 3242 ἔχοντες
226 3159 426 3247 Παφλαγόσι
437 3164 684 3250 ἐστρατεύοντο.
701 3170 736 3234 οί
744 3169 780 3232 66
787 3163 910 3251 Σύριοι
922 3155 1015 3230 οὗτοι
1026 3156 1093 3227 ύπὸ

88 3258 248 3344 Περσέων
261 3261 485 3331 Καππαδόκαι
499 3264 684 3331 καλέονται.
705 3262 942 3349 Παφλαγόνων
953 3261 1014 3346 μέν
1027 3284 1093 3326 νυν

89 3357 144 3423 καὶ
164 3363 351 3442 Ματιηνῶν
365 3366 482 3440 Δῶτος
498 3357 517 3428 ὁ
535 3363 754 3448 Μεγασίδρου
770 3351 868 3446 ἦρχε,
889 3360 1094 3443 Μαριανδυ-

89 3457 160 3520 νῶν
171 3451 207 3521 66
217 3457 270 3522 καὶ
279 3456 416 3542 Λιγύων
425 3454 982 3547 καὶΣυρίωυΓωβρύηςὸΔαρείου
993 3480 1027 3523 τε
1038 3457 1095 3522 καὶ
