2562 3926
319 261 403 319 ΗΒ.
434 264 466 319 ΙΙ.
501 262 603 320 cAP.
634 269 809 328 132-135.
1004 263 1067 330 185

78 426 179 491 τοδῶν
190 427 419 493 καταδέουσαν
429 426 540 491 κῶλον
551 423 692 491 ἕκαστον
702 430 807 512 τριῶν
817 428 975 514 πλέθρων
986 429 1065 497 ἐού-

79 539 130 608 σης
140 521 364 610 τετραγώνου,
378 530 481 592 λίθου
496 520 532 588 δὲ
547 522 580 600 ἰς
596 519 633 589 τὸ
648 520 752 610 ἥμισυ
762 528 979 595 Αἰθιοπικοῦ.
1001 524 1064 613 τὴν

78 617 111 706 δὴ
126 624 324 710 μετεξέτεροί
337 641 420 709 φασι
430 619 600 709 Ἑλλήνων
609 618 787 700 Ῥοδώπιος
801 624 931 710 ἑταίρης
945 649 1066 710 γυναν

77 714 126 797 κός
137 716 234 808 εἶναι,
257 719 321 790 οάκ
342 718 455 808 ὀρθῶς
477 724 646 806 λέγοντες·
670 717 750 789 ούδδ
772 714 821 789 ών
842 719 922 790 οὐδὲ
943 723 1065 803 εἰδότες

76 841 123 902 μοι
134 825 308 904 φαίνονται
322 824 433 906 λέγειν
448 811 543 886 οὗτοι
562 815 633 904 ἥτις
647 810 728 906 ἦνίη
745 816 920 900 Ῥοδῶπις·
942 817 984 888 ού
1000 819 1065 910 γάρ

75 910 112 981 ἀν
123 920 155 983 οἰ
164 923 335 1007 πυραμίδα
351 917 519 988 ἀνέθεσαν
532 916 738 1004 ποιήσασθαι
753 918 930 1008 τοιαύτην,
956 922 989 999 ἐς
1003 912 1065 1008 τὴν

74 1016 233 1087 ταλάντων
243 1018 390 1106 χιλιάδες
405 1016 630 1105 ἀναρίθμητοι
648 1014 693 1096 ῶς
707 1017 797 1109 λόγῳ
812 1023 916 1088 εἰπεῖν
932 1017 1065 1090 ἀναισίέ

75 1139 200 1199 μωνται·
222 1118 309 1207 πρὸς
325 1120 361 1187 δέ
376 1117 428 1187 ότι
444 1115 679 1204 κατάἍμασιν
699 1116 921 1204 βασιλεύοντα
942 1112 987 1208 ἦν
1002 1117 1064 1188 ἀκ-

75 1218 206 1301 μάζουσα
214 1219 383 1304 Ῥοδῶπις,
396 1210 464 1288 ἀλλ’
478 1213 520 1286 ου’
531 1215 614 1286 κατά
625 1223 764 1286 τοῦτον·
786 1222 872 1286 ἔτεσι
881 1216 946 1306 γάρ
958 1219 1064 1308 κάρτα

75 1323 208 1387 πολλοῖσι
222 1317 368 1407 ὕστερον
384 1316 516 1386 τούτων
529 1322 598 1385 τῶν
614 1320 780 1403 βασιλέων
795 1321 864 1383 τῶν
879 1314 939 1396 τάς
952 1342 1063 1402 πυρα-

74 1416 155 1497 μίδας
171 1417 297 1497 ταύτας
317 1419 508 1504 λιπομένων
528 1408 573 1504 ἦν
583 1411 757 1501 Ῥοδῶπις,
778 1412 900 1502 γενεὴν
920 1416 983 1503 μέν
996 1409 1061 1485 ἀπὸ

73 1519 218 1605 Θρηίκης,
233 1516 343 1603 δούλη
355 1519 392 1585 δέ
401 1509 445 1606 ἦν
456 1513 625 1601 Ἰάδμονος
638 1521 698 1582 τοῦ
708 1510 986 1611 Ἡφαιστοπόλιος
1000 1512 1063 1583 άν-

74 1610 139 1699 ἰράς
156 1623 309 1704 Σαμίου,
337 1614 525 1694 σύνδουλος
548 1614 584 1682 δέ
604 1611 766 1681 Αἰσύπου
787 1619 849 1681 τού
869 1620 1059 1701 λογοποιοῦ.

73 1712 117 1778 καί
132 1709 193 1798 γάρ
214 1707 318 1794 οὗτος
336 1711 505 1801 Ἰάδμονος
524 1713 672 1798 ἐγένετο,
695 1708 739 1790 ῶς
759 1713 882 1793 διέδεξε
900 1719 979 1802 τῇδε
999 1711 1062 1781 οὐκ

73 1808 187 1898 ἥκιστα
209 1815 338 1883 ἐπείτε
353 1813 418 1902 γάρ
433 1814 592 1892 πολλάκις
606 1809 846 1898 κηρυσσόντων
861 1820 1007 1901 Δελφῶν
1024 1816 1061 1880 ἰιι

71 1917 263 1999 θεοπροπίου
275 1909 315 1991 ὃς
326 1912 479 1999 βούλοιτο
491 1909 613 1998 ποινὴν
626 1915 684 1998 τῆς
693 1908 856 1976 Αἰσώπου
867 1915 973 1997 ψυχῆς
983 1907 1064 1977 ἀνε-

72 2012 190 2098 λέσθαι,
212 2009 318 2089 άλλος
334 2011 395 2097 μέν
416 2008 525 2089 οάδείς
546 2009 671 2096 ἐφάνη,
690 2004 861 2094 Ἰάδμονος
882 2010 919 2076 δέ
943 2006 1063 2088 παιδός

70 2123 132 2189 πιίς
149 2108 248 2191 ἀλλος
268 2108 411 2196 Ἰάδμων
433 2107 598 2178 ἀνείλετο·
622 2102 711 2174 οὕτω
730 2106 785 2172 καί
804 2113 960 2183 Αἰσωπος
977 2103 1062 2173 Ἰάδ-

72 2230 156 2288 μονος
190 2210 338 2295 ἐγένετο.
386 2201 541 2286 Ῥοδῶπις
575 2204 614 2273 δέ
649 2205 682 2284 ἰς
717 2212 895 2290 Αἴγυπτον
929 2201 1062 2275 ἀπίκετο
1078 2219 1128 2291 ¹3⁴¹!
1222 2218 1225 2225 “

71 2304 194 2383 Ξάνθεω
218 2315 286 2379 τοῦ
311 2315 444 2397 Σαμίου
466 2311 685 2397 κομίσαντος,
716 2299 898 2394 ἀπικομένη
925 2307 967 2374 δέ
987 2305 1062 2374 κατ’

72 2400 213 2491 ἐργασίην
230 2405 343 2491 ἐλύθη
364 2405 542 2493 χρημάτων
561 2405 717 2492 μεγάλων
736 2401 797 2473 ὑπ’
814 2402 938 2494 ἀνδρὸς
951 2413 1065 2476 Μυτι-

69 2503 193 2585 ληναίου
207 2503 374 2589 Χαράξου
387 2510 448 2571 τοῦ
466 2504 791 2591 Σκαμανδρωνύμου
808 2503 942 2592 παιδός,
964 2503 1063 2576 ἀδελ-

69 2608 141 2682 φεοῦ
160 2604 196 2672 δέ
211 2608 384 2690 Σαπφοῦς
398 2609 455 2691 τῆς
468 2609 685 2690 μουσοποιοῦ.
717 2600 805 2671 οὕτω
821 2602 862 2691 δη
877 2603 1063 2692 ἡῬοδῶπις

67 2695 295 2790 ἠλευθερώθη,
315 2704 373 2771 καί
393 2705 567 2789 κατέμεινέ
583 2728 619 2769 τε
641 2703 677 2770 έν
698 2702 858 2795 Αἰγύπτῳ
882 2709 938 2775 καί
957 2706 1062 2796 κάρτα

67 2798 278 2889 ἐπαφρόδιτος
294 2803 458 2888 γενομένη
473 2801 602 2888 μεγάλα
615 2799 774 2887 ἐκτήσατο
790 2801 940 2888 χρήματα
958 2801 1002 2884 ὡς
1017 2801 1062 2872 ἀν

65 2896 137 2968 εἶναι
147 2900 347 2987 Ῥοδώπιος,
369 2897 453 2985 ἀτάρ
471 2898 534 2968 ούκ
550 2897 594 2979 ώς
613 2926 652 2987 γε
667 2902 700 2979 ές
717 2906 887 2988 πυραμίδα
901 2906 1061 2992 τοιαύτην

65 2997 227 3077 ἔξικίσθαι.
254 3006 315 3087 τῆς
334 2995 400 3087 γάρ
415 2996 477 3087 την
495 2999 638 3085 δεκάτην
651 3006 720 3067 τῶν
736 3000 914 3087 χρημάτων
928 2992 1060 3074 ἰδέσθαι

65 3098 123 3163 ἔστι
135 3103 181 3166 ἔτι
195 3101 253 3167 καί
269 3100 303 3177 ές
316 3096 394 3171 τόδε
411 3099 511 3166 παντί
524 3104 570 3188 τῷ
584 3099 799 3188 βουλομένῳ,
822 3097 923 3168 οὐδὲν
937 3104 990 3171 δεῖ
999 3128 1060 3190 με·

64 3190 137 3274 γάλα
159 3200 193 3264 οἱ
209 3194 366 3283 χρήματα
386 3192 575 3264 ἀναθεῖναι.
610 3197 801 3283 ἐπεθύμησε
826 3195 890 3286 γάρ
905 3195 1060 3278 Ῥοδῶπις

63 3292 217 3380 μνημήιον
240 3294 367 3380 ἑωυτῆς
386 3295 424 3361 ἐν
443 3301 484 3383 τῇ
499 3291 632 3363 Ἑλλάδι
653 3296 910 3382 καταλιπέσθαι,
934 3303 1059 3382 ποίημα

63 3395 260 3479 ποιησαμένη
279 3399 400 3479 τοῦτο,
420 3388 458 3462 τό
479 3390 524 3481 μη
546 3393 704 3480 τυγχάνει
729 3390 819 3484 ἀλλμ
839 3396 1060 3478 ἐξευρημένον

63 3487 111 3553 καὶ
128 3486 352 3580 ἀνακείμενον
362 3488 400 3559 ἰν
420 3496 500 3581 ίρῶ,
530 3497 629 3564 τούτο
651 3488 830 3563 ἀναθεῖναι
855 3493 889 3573 ές
900 3488 1069 3575 Δελφούς·
