2618 3928
192 233 256 296 150
570 235 823 293 nssnonorl

192 406 276 465 σθαι
290 392 485 481 ἀνίσχοντα,
504 393 702 482 θυμιήματά
718 420 755 463 τε
774 407 916 464 παντοία
935 396 990 465 ἐπὶ
1002 403 1071 464 τάν
1089 422 1200 483 γεφυ-

193 495 281 581 ρέων
294 498 523 578 καταγίζοντες
541 494 597 562 καί
610 497 791 582 μυρσίνῃσι
811 495 1012 580 στορνύντες
1025 494 1088 583 την
1103 492 1198 564 ὁδόν.

193 589 238 670 ὡς
251 588 284 659 δ’
307 594 501 661 ἐπανέτελλε
517 587 535 660 ὁ
556 588 667 678 ἥλιος,
689 594 845 661 σπένδων
864 593 902 661 έκ
914 595 1056 681 χρυσέης
1076 592 1200 680 φιάλης
1241 603 1269 629 ⁸·

191 691 315 778 Ξέρξης
328 694 362 770 ές
370 688 432 779 τὴν
441 690 621 760 θάλασσαν
631 689 745 783 εύχετο
755 687 841 777 πρὸς
853 687 915 759 τόν
924 687 1023 783 ἥλιον
1033 694 1200 778 μηδεμίαν

192 792 227 856 σί
238 795 420 876 συντυχίην
429 788 590 876 τοιαύτην
599 791 771 875 γενέσθαι,
781 787 808 876 ἥ
815 814 876 876 μιν
885 787 1008 859 παύσει
1017 791 1200 875 καταστρέ-

190 896 322 968 ψασθαι
331 884 571 974 τηνὶθύράπην
580 886 757 977 πρότερον,
771 882 858 973 ἦέπί
867 889 1005 974 τέρμασι
1015 900 1101 956 τοῖσι
1111 888 1199 956 έκεί-

190 1011 252 1071 νης
267 988 413 1073 γένηται.
443 983 623 1072 εὐξάμενος
645 985 682 1054 δέ
701 988 837 1072 ἐσέβαλε
857 982 920 1072 τὴν
938 984 1066 1072 φιάλην
1087 985 1122 1064 ές
1136 979 1198 1050 τόν

184 1080 430 1170 Ἑλλήσποντον
443 1087 499 1154 καί
517 1084 663 1171 χρύσεον
675 1090 824 1171 κρητῆρα
839 1086 895 1152 καί
906 1082 1075 1170 Περσικὸν
1090 1087 1196 1170 ξίφος,

189 1178 251 1251 τόν
261 1180 429 1269 ἀκινάκην
439 1185 605 1253 καλέουσι.
625 1190 730 1253 ταῦτα
741 1181 805 1253 ούκ
815 1189 879 1270 έχω
889 1181 1053 1270 ἀτρεκέως
1066 1187 1198 1270 διακρῖ-

189 1308 262 1368 ναι,
284 1283 363 1350 ούτε
383 1289 414 1351 εί
431 1290 477 1376 τῷ
493 1281 576 1375 ἡλίςο
598 1279 770 1362 ἀνατιθεὶς
790 1289 912 1370 κατῆκε
929 1284 963 1362 ές
983 1281 1020 1351 τὸ
1041 1285 1195 1369 πέλαγος,

190 1379 268 1448 οὔτε
280 1385 310 1448 εί
318 1385 518 1469 μετεμέλησέ
525 1387 560 1452 οί
564 1379 874 1470 τὸυἙλλήσποντον
885 1382 1130 1470 μαστιγώσαντι
1140 1380 1197 1447 καὶ

82 1522 84 1525 ·
142 1497 176 1553 σο
190 1477 265 1548 ἀντὶ
283 1481 413 1549 τούτων
428 1480 490 1569 την
508 1481 687 1551 θάλασσαν
707 1485 875 1565 ἐδωρέετο.
912 1479 971 1562 Ὡς
984 1482 1022 1551 δέ
1037 1480 1142 1551 ταῦτά
1163 1483 1199 1547 οί

189 1580 375 1664 ἐπεποίητο,
387 1581 558 1665 διέβαινον
568 1579 652 1649 κατά
663 1582 726 1669 μὲν
739 1578 802 1667 τὴν
812 1584 929 1669 έτέρην
938 1587 1008 1651 τάν
1017 1581 1195 1668 γεφυρέων

189 1673 251 1762 τὴν
266 1673 351 1763 πρὸς
365 1684 426 1745 τοῦ
439 1677 575 1749 Πόντου
586 1677 716 1763 ὁπεζός
730 1705 767 1750 τε
776 1678 863 1769 καὶὴ
879 1684 981 1762 ίππος
994 1676 1117 1766 άπασα,
1131 1704 1196 1745 κα-

188 1771 229 1842 τά
245 1773 282 1842 δὲ
296 1771 360 1862 την
375 1773 460 1863 πρός
472 1774 510 1847 τό
521 1784 665 1866 Αίγαλον
674 1777 715 1848 τά
730 1775 893 1866 ὑποζύγια
907 1779 997 1868 καὶὴ
1013 1784 1191 1868 θεραπηίη.

189 1867 327 1958 ἡγέοντο
345 1873 382 1943 δέ
395 1882 509 1964 πρῶτα
524 1878 587 1964 μὲν
601 1883 635 1948 οί
646 1878 762 1967 μύριοι
771 1880 910 1967 Πέρσαι,
926 1876 1193 1966 ἐστεφανωμένοι

188 1970 327 2059 πάντες,
341 1971 421 2058 μετὰ
439 1976 475 2044 δέ
487 1978 627 2058 τούτους
643 1976 856 2067 ὁσύμμικτος
869 1975 1009 2069 στρατός
1020 1984 1191 2048 παντοίων

189 2074 328 2141 ἐθνέων.
358 2074 484 2162 ταύτην
498 2077 561 2162 μέν
575 2074 638 2163 τὴν
655 2074 785 2165 ἡμέρην
797 2069 909 2165 ούτοι,
929 2083 970 2168 τῇ
983 2079 1020 2146 δέ
1034 2074 1194 2163 ύστεραίη

188 2180 314 2261 πρῶτοι
329 2174 392 2260 μέν
406 2179 442 2243 οἵ
452 2202 488 2245 τε
507 2179 642 2247 ίππόται
656 2181 712 2249 καί
732 2185 767 2250 οί
784 2178 844 2260 τάς
862 2180 984 2267 λόγχας
1004 2179 1095 2250 κάτω
1110 2178 1193 2266 τρά-

187 2297 324 2353 ποντες·
346 2277 578 2363 ἐστεφάνωντο
596 2279 702 2347 δὲκαὶ
717 2271 828 2348 ούτοι·
850 2276 931 2366 μετὰ
947 2281 984 2348 δέ
997 2282 1034 2348 οἳ
1044 2303 1080 2347 τε
1096 2280 1193 2346 ἵπποι

187 2377 222 2443 οί
236 2376 304 2460 ίροί
317 2377 373 2444 καί
386 2372 424 2442 τό
440 2374 529 2462 ἅρμα
542 2375 580 2446 τό
596 2375 690 2465 ίρόν,
714 2380 768 2448 ἐπί
782 2381 821 2447 δὲ
833 2376 934 2459 αύτός
948 2404 985 2448 τε
1000 2380 1123 2464 Ξέρξης
1137 2379 1194 2445 καί

186 2477 222 2540 οί
233 2473 433 2560 αἰχμοφόροι
446 2477 502 2543 καί
517 2481 551 2544 σί
562 2476 700 2545 ἱππόται
715 2481 750 2547 oc
761 2485 878 2565 χίλιοι,
892 2480 946 2547 ἐπί
957 2479 994 2547 δέ
1007 2477 1156 2547 τούτοισι
1172 2471 1191 2543 ὁ

186 2566 286 2650 ἀλλος
301 2571 449 2658 στρατός.
483 2575 540 2640 καί
553 2577 591 2643 αί
607 2576 682 2654 νέες
703 2573 773 2664 ἀμα
790 2573 957 2664 ἀνήγοντο
980 2571 1086 2662 ίςτὴν
1107 2571 1192 2642 ἀπε-

186 2673 333 2788 ναντίον.
361 2665 426 2757 ἤδη
442 2670 478 2740 δέ
498 2670 627 2759 ἥκουσα
641 2676 697 2742 καί
713 2671 858 2744 ύστατον
880 2679 1038 2762 διαβῆναι
1053 2675 1192 2760 βασιλέα

184 2789 331 2835 παντων.

136 2880 172 2936 ⁵6
270 2870 393 2954 ,Ξέρξης
403 2869 440 2937 δέ
449 2873 523 2939 έπεί
530 2898 566 2941 τε
576 2874 670 2962 διέβη
682 2876 715 2954 ές
725 2872 976 2963 τὴνΕύράπην,
987 2877 1118 2961 ἐθηεῖτο
1129 2871 1192 2942 τόν

184 2960 328 3046 στρατόν
341 2963 408 3034 ὑπὸ
423 2976 593 3055 μαστίγων
608 2976 832 3061 διαβαίνοντα.
854 2979 948 3063 διέβη
966 2973 1034 3044 δέδ
1051 2971 1190 3060 στρατὸς

184 3059 290 3131 αὐτοῦ
304 3067 342 3133 έν
356 3066 437 3135 ἑπτά
451 3064 593 3158 ἡμέρησι
607 3078 663 3142 καί
672 3076 710 3142 έν
724 3075 805 3143 έπτά
817 3073 1015 3166 εύφρόνησι,
1033 3076 1204 3154 ἐλινύσας

183 3157 306 3230 ούδένα
319 3170 453 3249 χρόνον.
474 3167 623 3238 ἐνθαῦτα
633 3175 762 3260 λέγεται
771 3177 899 3263 ,Ξέρξεω
910 3174 974 3263 ἤδη
990 3174 1183 3264 διαβεβηκό-

181 3282 238 3336 τος
257 3257 317 3326 τόν
335 3257 580 3348 Ἑλλήσποντον
594 3267 703 3355 ἀνδρα
723 3279 829 3342 είπείν
844 3272 1119 3363 Ἑλλησπόντιον·
1147 3266 1189 3340 Ὦ

177 3362 265 3440 Ζεῦ,
282 3363 318 3423 τί
328 3355 369 3443 δὴ
385 3355 484 3448 ἀνδρί
496 3365 667 3450 εἰδόμενος
677 3373 792 3460 Πέρση
806 3376 861 3442 καί
876 3372 1005 3461 ούνομα
1017 3370 1093 3441 ἀντὶ
1103 3368 1190 3450 Διός

176 3455 302 3537 Ξέρξεα
316 3456 460 3540 θέμενος
473 3457 662 3532 ἀνάστατον
672 3465 734 3554 τὴν
742 3468 883 3540 Ἐλλάδα
897 3475 1025 3550 ἐθέλεις
1038 3477 1187 3558 ποιῆσαι,
