2618 3928
356 251 443 308 LIB.
473 252 521 308 Vl.
555 252 654 311 CAP·
687 256 832 312 92-98.

92 437 141 498 το,
154 407 198 489 ὡς
208 411 270 496 μὲν
281 412 353 497 ἐμοὶ
365 410 505 495 δοκέειν,
517 412 683 486 δείσαντες
693 410 835 494 μάλιστα
845 406 905 477 τὸν
915 415 1097 492 περίπλοον

93 508 265 594 τοῦἍθω,
280 505 389 598 ότιτῷ
400 510 550 598 προτέρῳ
564 511 631 574 ἔτει·
644 506 838 594 ποιεύμενοι
852 506 1097 596 ταύτητήνκο-
1166 574 1168 579 ,
1286 544 1287 559 1

93 602 195 693 μιόήν
204 604 357 691 μεγαλως
367 609 630 690 προσέπταισαν
643 628 727 691 προς
738 602 983 693 δεκαληΝαξος
994 608 1098 692 σφέας

92 700 268 791 ήνοίγκαζε,
278 703 445 791 πρότερον
456 700 519 770 οὐκ
530 699 667 771 ἁλοῦσα.
687 700 774 771 Ἐπεὶ
787 707 823 772 σέ
834 706 871 772 έκ
882 729 944 771 του
930 701 1097 789 Ἰκαρίου
1111 709 1146 765 96

93 802 255 890 πελάγεος
270 803 541 891 προσφερόμενοι
555 790 757 889 προσέμιξαν
769 830 810 891 τη
795 802 922 895 Νάξῳ
936 805 1006 892 (ἐπὶ
1015 803 1099 871 ταό-

93 929 156 990 την
176 899 241 989 γὰρ
262 899 303 988 δή
325 903 466 1020 πρώτην
483 904 615 988 ἐτείχον
635 902 915 988 στρατεύεσθαιο
917 904 1097 991 ίΠέρσαι),

94 1003 299 1087 μεμνημένοι
312 1006 381 1067 τῶν
399 999 565 1085 πρότερον
584 1004 619 1067 ολ
629 1000 751 1079 Νάξιοι
770 998 854 1088 πρὸς
867 997 909 1069 τὰ
928 1027 1034 1089 ουρεα
1047 1010 1099 1069 οί-

93 1123 192 1185 χοντο
203 1096 386 1185 φεύγοντες
398 1095 478 1165 οὐδὲ
488 1094 681 1184 ὑπέμειναν.
701 1102 735 1165 οί
743 1098 780 1165 θέ
789 1099 917 1185 Πέρσαι
927 1096 1100 1185 αἰνδρατο-

95 1196 269 1283 δισόμενοι
283 1195 363 1275 τούς
377 1201 562 1283 κατέλαβον
575 1193 703 1283 αὐτῶν,
720 1197 908 1283 ἐνέπρησαν
923 1199 978 1265 καί
988 1196 1028 1264 τοὶ
1043 1195 1099 1285 ίρᾶ

96 1299 151 1364 καί
160 1292 223 1380 τήν
232 1293 343 1382 πόλιν,
355 1298 460 1363 ταῦτα
474 1294 511 1362 (λε
521 1294 720 1381 ποιήσαντες
730 1294 783 1361 ἐπὶ
793 1291 851 1374 τοὶς
862 1292 964 1374 όλλας
976 1295 1101 1383 νήσους

96 1394 272 1481 ἀνήγοντο.
298 1390 353 1461 Ἐν
367 1386 395 1484 ᾦ
411 1394 448 1462 δέ
465 1386 560 1462 οὗτοι
574 1401 679 1462 ταῦτα
694 1395 846 1482 ἐποίευν,
861 1400 896 1463 ολ
905 1397 1028 1485 Δήλιοι
1043 1398 1099 1463 ἐκ·
1112 1399 1147 1456 97

95 1491 250 1570 λιπόντες
263 1494 319 1559 καί
331 1486 426 1560 αὐτοὶ
439 1490 502 1579 τήν
512 1497 630 1578 Δῆλον
644 1500 774 1578 οἴχοντο
790 1492 972 1580 φεύγοντες
986 1498 1020 1573 ἐς
1033 1499 1100 1581 Τή-

96 1619 168 1661 νον.
191 1596 248 1677 τῆς
262 1591 300 1657 δέ
314 1595 468 1679 στρατιῆς
478 1588 739 1676 καταπλωούσης
752 1585 771 1657 ὀ
783 1596 888 1671 Δᾶτις
901 1592 1101 1679 προπλώσας

97 1689 159 1760 οὐκ
175 1695 213 1758 ἔοι
231 1686 291 1768 τὰς
304 1692 382 1768 νέας
401 1686 486 1774 τρὸς
500 1685 563 1774 τήν
577 1693 682 1774 νήσου
697 1694 995 1777 προσορμίζεσθαι,
1017 1687 1101 1759 ἀλλὰ

96 1791 203 1875 πέρην
214 1790 251 1856 έν
262 1785 441 1876 τήῬηνέη,
459 1784 560 1866 αὐτὸς
571 1789 608 1855 δέ
619 1787 813 1873 πυθόμενος
822 1791 879 1855 ἵνα
888 1781 975 1876 ἦσαν
986 1793 1020 1857 οί
1028 1789 1103 1875 Δή-

97 1898 174 1975 λιοι,
189 1892 330 1972 πέμπων
342 1885 473 1973 κήρυκα
486 1883 633 1975 ήγόρευέ
645 1906 706 1972 σφι
720 1885 814 1954 τόδε·
828 1884 966 1975 Ἄνδρες
979 1888 1106 1973 ίρολ,·τί

11 1986 12 1997 ’
98 1987 280 2073 φεύγοντες
291 1994 435 2070 οἴχεσθε,
448 1982 510 2052 οὐκ
521 1985 676 2072 ἐπιτήδεα
687 1985 908 2070 καταγνόντες
917 1984 992 2054 κατ’
1004 1989 1101 2073 έμεῦς

97 2082 162 2172 ἐγω
177 2080 310 2169 γὰρκαὶ
324 2079 425 2160 αὐτὸς
435 2084 488 2150 ἐπὶ
497 2083 639 2151 τοσοῦτό
648 2108 688 2169 γε
702 2085 837 2171 φρονέω
850 2090 910 2151 καί
920 2110 978 2169 μοι
991 2086 1029 2152 ἐκ
1039 2091 1102 2170 βα-

97 2186 207 2261 σιλέος
222 2174 287 2249 ὦδε
301 2183 510 2268 ἐπέσταλται,
526 2183 564 2248 έν
577 2187 617 2269 τῇ
626 2181 719 2270 χαίρῃ
729 2186 763 2250 οί
771 2181 834 2249 δύο
848 2184 925 2251 θεολ
936 2183 1102 2270 ἐγένοντο,

97 2281 223 2367 ταύτην
236 2283 342 2366 μηδὲν
353 2284 518 2363 σίνεσθαι,
529 2276 610 2365 μήτε
621 2277 727 2367 αὐτήν
737 2278 800 2367 τήν
808 2279 922 2368 χώρην
932 2279 1014 2368 μήτε
1024 2278 1104 2361 τοὺς

97 2379 271 2468 οἰκήτορας
282 2376 392 2465 αὐτῆς.
408 2383 475 2445 νῦν
487 2369 537 2445 ὦν
548 2379 603 2445 καί
614 2375 710 2445 όῖπιτε
720 2380 773 2446 ἐπί
785 2375 825 2445 τὰ
836 2375 980 2466 ὑμέτερα
991 2376 1107 2448 αὐτῶν

98 2480 152 2547 καὶ
162 2475 224 2563 τήν
235 2484 341 2562 νήσου
351 2480 504 2562 νέμεσθε.
524 2481 638 2544 Ταῦτα
648 2483 711 2561 μὲν
719 2476 1007 2564 ἐπεκηρυκεύσατο
1018 2494 1104 2548 τοῖσι

98 2581 264 2660 Δηλίοισι,
276 2571 357 2659 μετὰ
369 2577 406 2642 δὲ
415 2580 605 2662 λιβανωτοῦ
615 2574 790 2663 τριηκόσια
800 2576 946 2645 τάλαντα
957 2577 1104 2666 κατανή-

99 2696 158 2752 σας
171 2673 224 2739 έπί
237 2676 298 2737 τοῦ
311 2678 429 2758 βωμοῦ
443 2674 614 2758 ἐθυμίησε.
635 2680 740 2753 Δᾶτις
754 2678 816 2761 μέν
829 2673 871 2763 δή
885 2684 990 2745 ταῦτα
1004 2677 1103 2764 ποιή·
1117 2676 1152 2734 9⁸

99 2794 160 2849 σας
174 2776 281 2838 έπλωε
293 2768 363 2856 ἅμα
375 2776 422 2861 τῷ
437 2777 565 2860 στρατῷ
577 2772 630 2838 ἐπὶ
639 2768 703 2857 τήν
714 2768 884 2859 Ἐρέτριαν
893 2778 1020 2860 πρῶτα,
1036 2771 1105 2858 ἅμα

99 2868 264 2957 ἀγόμενος
277 2866 454 2948 καλἺωνας
467 2872 523 2936 καλ
532 2872 689 2956 Αἰολέας,
704 2867 786 2955 μετὰ
797 2869 834 2938 δέ
846 2876 969 2940 τοῦτον
981 2873 1106 2940 ἐνθεῦ-

98 2997 156 3040 τεν
170 2968 395 3054 ἐξαναχθέντα
412 2973 522 3055 Δῆλος
538 2968 697 3057 ἐκινήθη,
713 2964 758 3047 ὡς
772 2973 888 3055 ἔλεγον
901 2969 1035 3057 Δήλιοι,
1049 2969 1105 3038 καὶ

21 3134 24 3151 ,
100 3077 215 3159 πρῶτα
229 3073 285 3138 καλ
298 3066 423 3138 ὕστατα
439 3074 534 3158 μέχρι
554 3072 635 3157 ἐμεῦ
650 3079 830 3139 σεισθεῖσα.
860 3074 1027 3140 καὶτοῦτο
1043 3074 1106 3157 μέν

100 3198 162 3243 κου
185 3174 283 3258 τέρας
301 3166 514 3259 όνθριόποισι
531 3177 601 3239 τῶν
620 3168 813 3256 μελλόντων
834 3175 971 3238 ἔσεσθαι
991 3174 1106 3236 κακῶν

101 3276 204 3357 ἔφηνε
214 3264 232 3337 ὁ
243 3267 335 3348 θεός.
349 3270 402 3337 ἐτλ
408 3266 473 3354 γὰρ
479 3274 629 3355 Δαρείου
639 3263 905 3346 τοῦὟστόσπεος
915 3268 970 3334 καλ
976 3268 1104 3347 Ξέρξεω

100 3376 161 3436 τοῦ
171 3374 321 3451 Δαρείου
334 3369 390 3436 καλ
401 3363 618 3454 Ἀρτοξέρξεω
631 3371 693 3434 τοῦ
703 3367 843 3451 Ξέρξεω,
857 3370 962 3451 τριῶν
974 3359 1105 3429 τούτου

31 3530 34 3533 ,
101 3469 215 3553 ἐπεξῆς
225 3468 505 3553 γενεέωνέγένετο
515 3470 605 3536 πλέω
616 3463 702 3535 κακό
713 3470 754 3553 τῇ
763 3457 990 3547 Ἑλλόθιήέπλ
1001 3467 1104 3526 είκοσι

1282 296 1285 413 ι
