2622 3928
398 226 485 285 LIB.
517 226 563 283 VI.
597 226 694 285 cAP.
726 234 869 289 35-40.
1097 227 1138 291 75

129 388 352 476 Λαμψακηνοί
362 392 511 474 Κροίσου
521 382 683 464 λύσαντες
693 392 840 473 μετῆκαν
851 389 1048 458 Μιλτιάδεα.
1066 383 1139 460 06-
1151 404 1188 460 ³8

9 560 11 577 s
130 514 187 567 τος
197 487 259 574 μὲν
270 485 310 574 δή
323 484 379 556 διά
391 494 540 573 Κροίσου
555 483 723 573 ἐκφεύγει,
738 483 819 574 μετὰ
831 485 868 555 δὲ
879 495 1015 577 τελευτᾷ
1026 487 1136 576 ἄπαις,

129 586 192 677 τήν
207 585 313 676 άρχήν
329 612 365 656 τε
381 589 437 657 καὶ
453 583 493 654 τά
513 584 662 672 χρήματα
680 581 853 669 παραδούς
873 585 1075 677 Στησαγόρῃ
1090 594 1136 679 τῷ

9 690 12 695 ’
130 694 287 775 Κίμωνος
309 682 477 772 ἀδελφεοῦ
498 687 592 753 παιδί
608 680 823 771 ὁμομητρίου.
856 691 917 755 καί
931 691 965 757 οί
981 689 1137 808 τελευτή-

130 805 227 855 σαντι
240 793 481 871 Χερσονησῖται
495 782 638 869 θύουσι,-
654 778 698 861 ὡς
708 782 811 869 νόμος
822 788 966 903 οἰκιστῇ,
981 782 1066 855 κάλ’
1047 792 1137 872 αγῶ-

130 912 174 953 να
188 883 329 954 ίππικόν
344 907 380 951 τε
392 883 449 949 καί
461 876 629 1001 γυμνικόν
643 884 810 967 ἐπιστᾶσι,
834 883 871 950 ἐν
889 908 935 974 τμ
921 887 1137 971 Λαμψακη-

130 989 202 1051 νῶν
220 979 334 1050 ούδενὶ
357 982 521 1068 ἐγγίνεται
542 972 953 1070 άγωνίζεσθαιεπολίμου
970 986 1006 1052 δ
1023 982 1136 1060 ἐόντος

129 1109 216 1170 προς
225 1077 474 1168 Λαμψακηνους
484 1079 766 1167 καλΣτησαγορην
777 1082 937 1169 κατέλαβε
948 1078 1136 1150 αποθανείν

7 1242 8 1291 η
130 1181 272 1265 άπαιδα,
286 1175 499 1267 πληγέντα
462 1204 525 1264 την
536 1176 687 1264 κεφαλην
698 1179 829 1247 πελέκει·
838 1181 875 1247 ἐν
885 1205 931 1270 τω
917 1185 1135 1268 πρυτανηίη

7 1346 8 1373 η
130 1278 215 1365 πρὸς
229 1269 364 1366 άνδρος
368 1270 564 1363 αυτομόλου
577 1276 640 1363 μὲν
660 1301 706 1366 τω
723 1276 829 1366 λόγω,
851 1284 1012 1363 πολεμίου
1027 1279 1064 1345 δὲ
1080 1278 1135 1345 καί

6 1452 7 1473 η
131 1381 407 1468 υποθερμοτίρον
417 1406 461 1473 τρι
448 1385 570 1471 ’ἔργω
605 1377 870 1465 Τελευτήσαντος
882 1378 921 1445 δέ
934 1379 990 1446 καί
1000 1385 1134 1463 Στησα
1148 1383 1183 1439 39

130 1482 239 1568 γόρεω
255 1480 368 1571 τρόπω
387 1481 506 1571 τοιῷδε
521 1482 670 1548 ἐνθαῦτα
685 1473 925 1546 Μιλτιάδεα
890 1502 951 1547 τον
967 1483 1133 1564 Κίμωνος,

132 1578 355 1668 Στησαγόρεω
369 1573 406 1649 δὲ
420 1604 480 1647 του
466 1578 752 1665 τελευτήσαντος
766 1573 948 1666 ἀδελφεόν,
965 1586 1135 1663 καταλαμ-

130 1679 281 1765 νόμενον
307 1675 348 1746 τά
375 1677 552 1765 πρήγματα
576 1679 629 1746 ἐπὶ
652 1677 870 1764 Χερσονήσου
896 1673 1136 1745 ἀποστέλλουσι

131 1777 260 1864 τριήρεϊ
269 1780 302 1846 οί
310 1778 637 1863 Πεισιστρατίδαι,”
602 1801 634 1843 οι
643 1802 704 1861 μιν
715 1778 769 1845 καί
780 1774 836 1845 ἐν’
833 1775 988 1864 Αθήνησι
1000 1777 1135 1843 ἐποίευν

133 1866 187 1961 εύ,
207 1873 251 1955 ὡς
268 1873 309 1944 ού
325 1877 514 1958 συνειδότες
528 1881 634 1964 δῆθεν
647 1881 709 1944 τοῦ
724 1873 848 1960 πατρός
858 1882 1014 1962 Κίμωνος
1028 1870 1135 1940 αύτού

4 2038 5 2055 2
132 1975 191 2042 τὸν
202 1977 365 2061 θάνατον,
376 1974 437 2044 τόν
448 1973 660 2067 ἐγάένάλλςο
671 1973 761 2064 λόγῳ
772 1975 926 2062 σημανέω
937 1971 982 2052 οἱς
992 1974 1131 2059 ἐγένετο.

137 2072 321 2160 Μιλτιάδης
337 2075 374 2142 δὲ
389 2071 590 2158 ἀπικόμενος
610 2076 643 2153 ἐς
663 2070 726 2160 τήν
739 2073 957 2161 Χερσόνησον
976 2069 1040 2157 εἶχε
1058 2068 1132 2139 κατ’

4 2196 5 2261 3
133 2183 257 2260 οίκους,
274 2169 334 2241 τὸν
348 2168 515 2258 ἀδελφεὸν
525 2172 746 2262 Στησαγόρην
757 2169 883 2259 δηλαδὴ
895 2173 1079 2256 ἐπιτιμέων.
1103 2175 1137 2240 οἱ

4 2342 5 2351 ,
132 2276 414 2363 δέΧερσονησίται
425 2275 682 2363 πυνθανόμενοι
694 2283 798 2345 ταῦτα
808 2278 1059 2363 συνελέχθησαν
1069 2273 1134 2345 άπὸ

131 2377 264 2442 πασέων
277 2380 346 2443 τῶν
359 2381 487 2444 πολίων
501 2378 535 2444 οί
550 2373 812 2453 δυναστεύοντες
825 2373 1013 2462 πάντοθεν,
1031 2379 1135 2464 κοινῷ

131 2474 167 2540 δέ
189 2472 296 2564 στόλω
315 2470 514 2559 ἀπικόμενοι
538 2471 584 2553 ὡς
607 2471 948 2562 συλλυπηθησόμενοι
970 2475 1136 2560 ἐδέθησαν

130 2565 321 2638 ὑπἀὐτοῦ
349 2573 538 2658 Μιλτιάδης
551 2570 640 2659 τιδὴ
652 2582 736 2657 ίσχει
748 2566 1039 2658 τήνΧερσόνησον
1052 2595 1135 2640 πεν-

129 2671 306 2745 τακοσίους
325 2667 459 2755 βόσκων
479 2670 697 2756 ἐπικούρους,
717 2672 773 2738 καί
789 2666 930 2757 γαμέει’
922 2670 1060 2769 Ολόρου
1074 2676 1134 2737 τοῦ

131 2771 288 2851 Θρηίκων
307 2770 459 2852 βασιλέος
472 2765 664 2853 θυγατέρα*
660 2767 922 2855 Ηγησιπύλην
943 2759 1051 2847 Ούτος
1065 2764 1131 2837 δὲ’
1116 2793 1134 2836 ο
1150 2768 1185 2823 4⁰

130 2867 286 2959 Κίμωνος
296 2865 485 2952 Μιλτιάδης
494 2869 614 2955 νεωστί
627 2867 689 2953 μὲν
705 2867 900 2954 ἐληλύθεεέ
899 2894 917 2948 ς
930 2892 993 2954 την
1004 2868 1135 2955 Χερσό-

129 2981 252 3048 νησον,
269 2962 499 3053 κατελάμβανε
513 2968 554 3034 δέ
565 2992 624 3052 μιν
637 2968 782 3036 ἐλθόντα
797 2966 881 3036 άλλα
894 2994 963 3036 των
976 2969 1135 3057 κατεχόν-

127 3087 197 3130 των
210 3059 416 3149 πρηγμάτων
425 3062 645 3150 χαλεπώτερα.
665 3071 764 3155 τρίτην
775 3064 838 3151 μὲν
850 3062 916 3155 γάρ
927 3072 994 3135 ἐπεί
1004 3068 1134 3136 τούτων

128 3161 272 3241 Σκύθας
283 3162 455 3250 ἐκφεύγει·
477 3164 616 3247 Σκύθαι
626 3162 692 3254 γάρ
704 3170 739 3234 οί
746 3166 891 3252 νομάδες
902 3171 1134 3257 ἐρεθισθέντες

129 3259 196 3329 ὑπὸ
211 3261 365 3348 βασιλέος
374 3269 525 3350 Δαρείου
537 3259 818 3352 σύνεστράφησαν
832 3268 888 3335 καί
896 3264 1026 3354 ἤλασαν
1039 3265 1133 3351 μέχρι

129 3364 186 3445 τῆς
191 3358 409 3446 Χερσονήσου
419 3360 550 3448 ταύτης.
563 3362 703 3442 τούτους
714 3362 869 3443 ἐπιόντας
879 3359 943 3432 ούκ
952 3359 1135 3447 ὑπομείνας

130 3451 148 3521 6
160 3457 348 3544 Μιλτιάδης
359 3464 481 3547 ἔφευγε
493 3458 559 3528 άπδ
570 3461 806 3547 Χερσονήσου,
823 3461 856 3538 ἐς
870 3457 891 3523 δ
904 3463 939 3526 οἵ
950 3485 986 3527 τε
996 3458 1136 3529 Σκύθαι
