2618 3928
349 259 435 314 LIB.
467 259 526 320 Vll.
558 256 656 316 CAP.
692 261 881 329 13-16‚3.
1056 257 1117 321 133

11 480 13 489 1
111 420 193 497 ’ίζοιο
209 415 241 494 ἐς
260 408 321 481 τόν
335 410 417 499 έμὸν
437 413 585 501 θρόνον,
607 415 665 481 καί
681 419 808 481 ἐπειτεν
825 416 862 481 ἐν
881 402 974 504 κοίτη
994 425 1034 506 τῇ
1055 419 1116 506 ἐμῇ

112 512 372 589 κατυπνώσειας.
404 513 528 597 Ξέρξης
543 510 606 598 μὲν
624 511 729 579 ταῦτά
746 516 781 579 οί
792 517 900 599 ἔλεγε,
915 512 1114 602 Ἀρτάβανος
1131 530 1163 587 16

10 684 11 687 ,
112 616 148 685 δέ
158 614 200 684 ού
211 621 257 706 τῷ
268 610 391 702 πρώτφ
400 616 434 679 οί
440 610 638 697 κελεύσματι
648 610 861 698 πειθόμενος,
869 607 923 680 οἷα
934 611 996 681 οῦκ
1003 611 1116 693 άξιεύ-

10 728 12 747 f
111 737 211 800 μενος
227 713 259 789 ές
275 708 336 778 τόν
351 709 526 796 βασιληίου
542 709 675 797 θρόνον
691 711 830 795 ἵζεσθαι,
848 713 957 796 τέλος,
974 707 1017 790 ὡς
1030 707 1117 800 ἠνα·

10 864 11 869 1
110 811 258 897 γκάζετο,
274 817 367 887 είπας
381 806 461 876 τάδε
474 810 582 875 ἐποίεε
592 804 629 875 τδ
642 806 881 893 κελευόμενον·
896 807 985 878 ’Ίσον
996 811 1115 894 ἐκεῖνο,
1132 825 1148 878 1

111 903 298 997 ώβασιλεῦ,
312 904 394 991 παρ’
409 906 481 992 ἐμοὶ
493 907 651 992 κέκριται,
666 909 824 992 φρονέειν
836 929 873 973 τε
884 898 924 973 εύ
934 908 989 974 καί
1001 913 1048 995 τῷ
1058 909 1116 975 λέ-
1167 912 1172 917 ’

110 1032 205 1093 γοντι
224 1002 347 1093 χρηστά
371 1006 502 1072 ἐθέλειν
523 1009 719 1088 πείθεσθαι,
744 1000 784 1071 τὰ
806 1004 843 1071 σὲ
861 1005 917 1071 καί
940 1000 1114 1090 ἀμφότερα

111 1102 310 1191 περιήκοντα
324 1099 519 1188 ἀνθρώπων
534 1106 648 1169 κακοῦν
662 1097 788 1186 ὁμιλίαι
803 1102 1008 1187 σφάλλουσι,
1029 1101 1113 1170 κατά

111 1227 173 1287 περ
193 1199 255 1288 τὴν
276 1201 414 1269 πάντων
433 1199 686 1286 χρησιμωτάτην
707 1195 918 1284 ἀνθρώποισι
935 1198 1113 1267 θάλασσαν

111 1298 284 1385 πνεύματά
299 1318 382 1384 φασι
392 1294 525 1385 άνέμων
539 1298 741 1383 ἐμπίπτοντα
751 1293 794 1365 ού
804 1303 966 1384 περιορᾶν
978 1297 1062 1374 φύσι
1073 1303 1114 1384 τῇ

112 1400 236 1482 ἑωυτῆς
249 1401 403 1482 χρᾶσθαι.
433 1397 489 1483 ἐμὲ
504 1398 540 1463 δέ
559 1392 751 1464 ἀκούσαντα
764 1393 849 1483 πρός
869 1402 929 1464 σεῦ
944 1404 1053 1476 κακῶς
1071 1395 1113 1463 ού

110 1500 249 1564 τοσοῦτο
270 1498 367 1562 ἔδακε
387 1493 494 1581 λύπη,
516 1490 599 1562 ὅσον
618 1496 780 1581 γνωμέων
800 1492 862 1562 δύο
884 1497 1113 1581 προκειμένων

109 1595 267 1681 Πέρσησι,
283 1600 340 1679 τῆς
352 1591 415 1678 μὲν
428 1588 531 1679 ῦβριν
545 1589 764 1679 αὐξανούσης,
778 1597 836 1679 τῆς
846 1594 884 1659 δὲ
897 1591 1113 1661 καταπαυού-

111 1712 170 1778 σης
189 1693 245 1759 καὶ
267 1689 446 1776 λεγούσης,
469 1686 514 1768 ὡς
529 1685 635 1756 κακὸν
656 1698 706 1774 είη
728 1688 900 1758 διδάσκειν
919 1687 982 1775 τὴν
1002 1686 1114 1775 ψυχὴν

110 1792 213 1859 πλέον
232 1814 265 1856 τι
283 1792 436 1874 διξησθαι
456 1791 519 1858 αίελ
541 1793 627 1874 ἐχειν
647 1794 708 1855 τοῦ
729 1787 928 1874 παρεόντος,
948 1787 1113 1855 τοιούτων

7 1934 11 1971 ρ
109 1888 339 1971 προκειμένων
351 1887 514 1972 γνωμέων
527 1882 579 1954 ότι
590 1882 652 1971 τὴν
663 1886 921 1973 σφαλερωτέρην
932 1891 1066 1974 σεωυτῷ
1077 1908 1113 1949 τε

7 2022 9 2061 ι
109 1990 165 2055 καί
178 1987 327 2073 Πέρσησι
342 1982 488 2073 άναιρέο.
510 1990 589 2052 Νῦν
604 1976 669 2069 ών,
685 1981 798 2069 ἐπειδὴ
812 1986 971 2069 τέτραψαι
985 1984 1038 2048 ἐπὶ
1052 1979 1114 2068 την
1129 2001 1146 2054 2

7 2064 25 2171 s
109 2081 252 2170 ἀμείνω,
274 2080 340 2171 φῄς
355 2106 406 2149 τοι
425 2086 568 2168 μετιέντι
583 2079 644 2150 τόν
658 2080 710 2151 ἐπ’
728 2080 889 2169 Ἕλληνας
905 2080 1025 2149 στόλον
1040 2084 1112 2148 ἐπι-

7 2176 9 2253 ῗ
110 2188 233 2270 φοιτᾶν
251 2181 386 2269 όνειρον
399 2188 486 2250 θεοῦ
500 2181 592 2261 τινός
605 2188 737 2271 πομπῇ,
760 2177 823 2248 οῦκ
838 2179 944 2249 ἐῶντά
958 2198 996 2247 σε
1011 2204 1113 2247 κατα-

7 2272 9 2375 j
108 2283 204 2351 λύειν
217 2278 278 2349 τόν
295 2280 424 2350 στόλον.
453 2278 530 2350 ἀλλ’
547 2277 626 2348 οῦδὲ
639 2279 743 2348 ταῦτά
761 2281 845 2365 έστι,
871 2272 898 2345 ω’
918 2291 994 2363 παῖ,
1017 2287 1111 2345 θεῖα·

7 2386 9 2469 ξ
107 2378 323 2468 ἐνύπνιαμδρ
334 2378 375 2449 τά
383 2380 627 2469 έςάνθρώπους
638 2382 873 2466 πεπλανημένα
884 2378 1022 2447 τοιαῦτά
1033 2381 1112 2466 ἐστι,

7 2476 9 2577 ἒ
108 2473 161 2546 οἷα
173 2479 209 2545 σὲ
221 2476 287 2563 ἐγώ
298 2479 432 2566 διδάξω,
450 2486 537 2550 ἔτεσι
550 2486 612 2547 σεῦ
626 2487 777 2547 πολλοῖσι
788 2477 1013 2564 πρεσβύτερος
1028 2477 1110 2545 ἐών·

107 2582 343 2661 πεπλανῆσθαι
359 2570 458 2646 αῦται
472 2579 615 2665 μάλιστα
630 2577 757 2645 ἐώθασι
778 2581 814 2643 αί
829 2573 922 2655 ὄψιες
936 2584 1003 2645 τών
1021 2574 1112 2645 ὀνει-

7 2682 9 2691 ‘
109 2676 237 2760 ράτων,
254 2674 295 2739 τά
314 2699 364 2752 τις
383 2672 508 2762 ἡμέρης
524 2680 706 2763 φροντίζει·
735 2670 828 2760 ἡμεῖς
845 2674 881 2740 δὲ
895 2670 954 2752 τάς
969 2669 1033 2758 πρὸ
1049 2672 1110 2740 τοῦ

7 2808 9 2813 ·
107 2769 232 2859 ἡμέρας
251 2768 377 2857 ταύτην
397 2768 459 2857 την
476 2777 718 2860 στρατηλασίην
738 2772 793 2839 καί
806 2768 843 2837 τό
859 2769 965 2858 κάρτα
979 2780 1111 2859 εἴχομεν

7 2890 9 2945 s
106 2862 189 2954 μετὰ
203 2878 322 2952 χεῖρας.
344 2872 388 2949 Ei
400 2868 439 2935 δέ
450 2866 515 2955 ἄρα
529 2868 575 2955 μή
590 2871 658 2936 ἐστι
671 2872 770 2935 τοῦτο
785 2875 933 2953 τοιοῦτο,
957 2863 1031 2937 οἷον
1045 2865 1109 2955 ἐγώ
1128 2883 1147 2938 3

106 2967 253 3050 διαιρέω,
269 2959 353 3033 άλλό
363 2990 395 3032 τι
403 2971 465 3032 τοῦ
479 2971 566 3034 θεοῦ
579 2968 726 3053 μετέχον,
744 2962 788 3033 οῦ
803 2971 872 3032 πάν
886 2963 967 3036 αὐτό
985 2976 1110 3037 συλλα-

7 3108 8 3119 ι
105 3060 178 3152 βοδν
195 3070 344 3148 είρηκας·
367 3061 506 3149 φανήτω
519 3059 585 3150 γάρ
601 3059 641 3148 δὴ
658 3064 713 3131 καί
727 3064 809 3148 ἐμοὶ,
828 3059 872 3142 ὡς
885 3066 940 3134 καλ
956 3067 1018 3151 σοὶ,
1035 3071 1110 3132 δια-

104 3158 337 3245 κελευόμενον.
351 3167 500 3249 φανῆναι
510 3164 547 3230 δὲ
558 3157 659 3229 οὐδέν
668 3160 797 3247 μᾶλλόν
807 3188 864 3248 μοι
874 3159 1001 3249 ὀφείλει
1014 3168 1109 3248 έχον-

104 3284 136 3327 τι
148 3255 210 3345 τὴν
225 3256 290 3346 σὴν
302 3261 428 3349 έσθῇια
442 3256 465 3346 ἦ
478 3257 521 3328 ιιά
534 3259 589 3328 καί
603 3257 665 3348 την
679 3255 773 3346 έμηυ,
790 3256 871 3327 υῦδέ
882 3286 914 3327 τι
928 3265 1057 3346 μᾶλλον
1071 3261 1109 3327 ἐν

105 3362 198 3445 κοίτη
211 3364 252 3446 τῇ
266 3364 308 3446 σῇ
323 3354 568 3449 ἀναπαυομένῳ
582 3351 604 3444 ἦ
618 3353 661 3425 οῦ
676 3361 731 3426 και
745 3382 782 3425 εν
798 3363 838 3445 τῇ
852 3358 929 3444 ἐμῇ,
948 3363 982 3423 εί
991 3357 1052 3438 πέρ
1069 3380 1109 3441 ηε

105 3454 162 3521 καὶ
178 3453 285 3532 άλλως
299 3456 408 3525 έθέλει
420 3462 577 3543 φανῆναι.
601 3451 643 3526 ού
653 3452 718 3541 γάρ
731 3451 771 3540 δὴ
784 3456 817 3532 ές
827 3452 968 3520 τοσοῦτό
979 3477 1017 3535 με
1030 3450 1104 3535 εύη-
