2618 3928
193 244 254 308 108
570 244 823 303 HERODOTI

190 414 245 474 ίσα
265 404 438 489 νεμόντων
454 398 521 472 οἷοί
539 404 577 470 τέ
596 408 688 488 είμεν
711 406 949 490 περιγενέσθαι
971 410 1012 491 τῇ
1030 406 1194 488 συμβολῇ.

189 509 293 571 ταῦτα
309 496 358 571 όν
368 501 478 570 πάντα
492 504 526 581 ές
536 503 573 569 σε
586 507 654 567 νῦν
666 507 768 569 τείνει
782 503 837 569 καὶ
854 504 890 569 έιι
905 505 961 569 σέο
974 498 1130 595 ἤρτηται·
1151 495 1197 584 ἡν

188 599 254 688 γάρ
269 598 313 668 σύ
329 599 446 689 γνόμη
459 605 499 689 τῇ
519 601 581 687 έμῇ
594 605 746 688 προσθῇ,
768 604 837 668 ἔστι
850 625 902 667 τοι
918 606 1035 685 πατρίς
1048 623 1084 666 τε
1098 600 1196 665 έλεν·

188 703 274 786 θέρη
288 702 344 767 παὶ
357 699 454 777 πόλις
467 697 582 785 πράτη
597 703 667 765 τῶν
683 700 721 765 έν
734 702 775 784 τῇ
785 693 934 783 Ἑλλάδι,
951 693 996 783 ἡν
1006 698 1043 766 δὲ
1052 694 1116 784 τὴν
1125 701 1197 764 τόν

189 794 473 864 ἀποσπευδόντων
485 794 549 881 τὴν
559 794 732 883 συμβολὴν
743 796 818 881 ἕλη,
835 790 976 879 ὑπάρξει
986 820 1039 863 τοι
1048 800 1118 861 τόν
1128 792 1198 879 έγοὶ·

125 909 172 959 ιιο
188 895 343 972 κατέλεξα
357 890 499 980 άγαθύν
514 891 556 960 τό
571 894 714 961 ἐναντία.
760 898 872 959 Ταῦτα
886 895 995 978 λέγων
1011 891 1029 960 ὁ
1046 892 1189 960 Μιλτιά·

189 998 249 1079 δης
262 998 466 1077 προσκτᾶται
479 990 540 1061 τόν
555 999 776 1078 Καλλίμαχον.
800 992 1123 1077 προσγενομένηςδὲ
1132 997 1195 1059 τοῦ

188 1093 400 1180 πολεμάρχου
414 1100 472 1180 τῆς
482 1093 618 1179 γνώμης
628 1091 814 1178 ἐκεκύρωτο
825 1091 1039 1179 συμβάλλειν.
1062 1087 1146 1176 μετά
1157 1091 1194 1158 δὲ

189 1196 223 1259 ol
238 1192 438 1277 στρατηγοὶ,
447 1188 551 1277 τῶνὴ
566 1190 684 1278 γνόμη
699 1195 799 1276 ἔφερε
813 1188 1036 1277 συμβάλλειν,
1055 1187 1099 1267 ὡς
1114 1186 1196 1256 ἑκά-

188 1307 269 1356 στου
289 1285 401 1357 αύτάν
424 1291 552 1375 έγίνετο
567 1294 755 1375 πρυτανηίη
776 1293 834 1374 τῆς
852 1284 994 1374 ἡμέρης,
1022 1284 1195 1373 Μιλτιάδη

187 1392 427 1475 παρεδίδοσαν·
450 1385 468 1456 ὁ
485 1388 521 1457 δέ
533 1387 712 1475 δεκόμενος
726 1385 800 1454 οὔτε
814 1411 863 1454 τιω
878 1382 1052 1472 σνμβυλὴν
1066 1386 1194 1452 έποιέεε

123 1504 168 1554 111
186 1514 241 1574 το,
256 1493 337 1573 πρίν
349 1513 389 1574 γε
402 1485 443 1575 δὴ
460 1486 566 1556 αὐτοῦ
579 1492 767 1574 πρυτανηίη
781 1487 920 1572 ἐγένετο.
945 1483 1004 1563 Ὡς
1015 1484 1052 1552 δὲ
1063 1486 1096 1563 ές
1107 1485 1193 1551 εἰιεί-

187 1612 250 1655 νου
263 1592 441 1672 περιῆλθε,
460 1590 609 1654 ένθαῦτα
623 1583 663 1673 δὴ
679 1584 858 1653 ἐτάσσοντο
877 1577 943 1654 ὦδε
955 1582 1130 1671 Ἀθηναῖοι
1147 1579 1193 1661 ὡς

186 1686 444 1770 συμβαλέοντες·
466 1690 527 1751 τοῦ
541 1686 603 1769 μὲν
614 1686 726 1764 δεξιοῦ
736 1690 849 1771 κέρεος
861 1680 977 1771 ἡγέετο
992 1679 1187 1767 όπολέμαμ

185 1806 243 1867 χος
253 1785 475 1867 Καλλίμαχος·
498 1777 516 1849 ό
530 1778 597 1868 γὰρ
611 1781 715 1868 νόμος
727 1782 802 1850 τότε
817 1779 881 1867 εἶχε
891 1778 980 1848 οὕτω
990 1793 1076 1847 τοῖσι
1089 1777 1190 1864 Ἀθη-

186 1885 319 1965 ναίοισι,
328 1877 389 1947 τόν
399 1881 609 1968 πολέμαρχον
619 1886 705 1967 ἔχειν
716 1885 814 1965 κέρας
822 1878 860 1947 τό
869 1878 991 1958 δεξιόν.
1003 1875 1193 1964 ἡγεομένου

185 1979 222 2044 δὲ
235 1977 359 2045 τούτου
374 1980 562 2059 έξεδέκοντο
580 1976 841 2067 άςὴριθμέοντο
856 1980 893 2044 αί
905 1978 1019 2062 φυλαὶ,
1035 1975 1192 2062 ἐχόμεναι

186 2071 355 2162 άλλὴλων·
376 2084 559 2163 τελευταῖοι
570 2079 607 2146 δὲ
618 2077 809 2169 ἐτάσσοντο,
823 2081 953 2161 ἔχοντες
962 2072 1000 2141 τό
1013 2072 1193 2161 εύάνυμον

185 2174 298 2257 κέρας,
314 2177 502 2253 Πλαταιέες.
525 2171 591 2242 άπὸ
603 2173 725 2260 ταύτης
738 2174 803 2260 γάρ
815 2193 875 2259 σφι
886 2180 944 2259 τῆς
953 2171 1058 2260 μάχης
1067 2178 1193 2252 θυσίας

181 2265 371 2356 Ἀθηναίων
384 2266 583 2356 άναγόντων
597 2274 652 2338 καὶ
669 2271 879 2358 πανηγύριας
894 2269 955 2350 τάς
969 2275 1006 2340 έν
1019 2279 1094 2361 τῇσι
1107 2296 1193 2339 πεν-

183 2373 349 2453 ταετηρίσι
360 2372 538 2455 γινομένας
546 2368 738 2455 κατεύχεται
748 2366 766 2437 ό
778 2373 883 2455 κῆρυξ
894 2367 912 2437 ό
924 2366 1112 2455 Ἀθηναῖος,
1121 2367 1193 2454 ἅμα

183 2492 219 2533 τε
229 2464 437 2552 Ἀθηναίοισι
446 2470 555 2552 λέγων
564 2472 722 2553 γίνεσθαι
731 2464 773 2535 τά
785 2465 899 2554 άγαθά
911 2470 966 2536 καὶ
973 2473 1189 2537 Πλαταιεῦσι.

183 2561 257 2632 τότε
269 2563 306 2630 δὲ
315 2564 530 2650 τασσομένων
539 2570 608 2631 τόν
618 2561 807 2651 Ἀθηναίων
814 2565 851 2632 έν
861 2570 907 2654 τῷ
913 2571 1109 2652 Μαραθῶνι
1120 2566 1191 2651 έγί·

182 2686 258 2731 νετο
269 2659 401 2730 τοιόνδε
410 2687 459 2731 τι·
474 2658 511 2730 τό
524 2661 749 2747 στρατόπεδον
760 2661 977 2747 ἐξισούμενον
986 2668 1032 2753 τῷ
1043 2664 1189 2751 Μηδικῷ

183 2762 411 2851 στρατοπέδῳ,
428 2757 465 2829 τό
480 2762 543 2847 μέν
554 2758 660 2828 αὐτοῦ
673 2763 777 2846 μέσον
791 2762 917 2846 έγίνετο
929 2761 983 2828 ἐπὶ
992 2759 1104 2840 τάξιας
1115 2755 1189 2827 ὀλί-

182 2882 260 2943 γας,
274 2861 330 2925 καὶ
345 2858 450 2947 ταύτη
463 2851 507 2946 ἡν
522 2855 770 2927 ἀσθενέστατον
784 2857 822 2927 τό
837 2857 1081 2944 στρατόπεδον,
1095 2853 1132 2924 τό
1149 2855 1187 2923 δὲ

115 2965 166 3019 112
183 2955 282 3038 κέρας
297 2952 455 3038 ἑκάτερον
475 2960 600 3042 ἔρρωτο
619 2957 752 3043 πλήθεϊ.
790 2954 850 3035 Ὡς
871 2957 911 3025 δέ
924 2975 986 3042 σφι
1002 2957 1187 3022 διετέτακτο
1229 2980 1239 2994 ’

182 3053 238 3120 καί
251 3049 292 3118 τά
313 3049 441 3137 σφάγια
456 3054 582 3138 ἐγένετο
598 3052 700 3140 καλά,
722 3057 871 3123 ἐνθαῦτα
886 3050 931 3132 ὡς
948 3051 1138 3139 άπείθησαν
1155 3055 1190 3119 οί

177 3147 360 3235 Ἀθηναῖοι,
375 3149 490 3240 δρόμῳ
501 3152 590 3221 ἵεντο
602 3152 725 3233 έςτοδς
734 3154 936 3243 βαρβάρους.
959 3146 1048 3241 ἦσαν
1059 3148 1188 3220 δέστά-

182 3249 249 3314 διοι
262 3243 325 3314 ούκ
341 3245 519 3327 ἐλάσσονες
537 3246 576 3318 τό
591 3256 784 3337 μεταίχμιον
800 3249 913 3320 αὐτῶν
930 3247 954 3338 ἡ
970 3248 1067 3321 όιιτιό.
1097 3252 1132 3317 οέ
1150 3248 1187 3315 δέ

183 3348 307 3429 Πέρσαι
324 3342 476 3431 ὁρέοντες
486 3346 600 3438 δρόμῳ
610 3350 765 3429 ἐπιόντας
775 3355 1062 3435 παρεσκευάζοντο
1074 3347 1119 3428 ὡς
1129 3352 1186 3415 δε·

183 3442 325 3527 ξόμενοι,
337 3450 460 3530 μανίην
471 3469 507 3513 τε
517 3458 603 3513 τοῖσι
613 3444 820 3534 Ἀθηναίοισι
832 3451 997 3534 ἐπέφερον
1007 3450 1063 3515 καί
1072 3449 1185 3532 πάγχυ
