2618 3928
376 255 461 311 ΗΒ.
484 255 531 311 vl.
556 253 654 311 ΟΑΡ,
678 260 844 314 134-137.
1053 250 1115 314 119

5 460 7 503 ι
114 420 307 501 Μαραθῶνι
319 411 425 480 πολλά
436 411 1114 500 ἐπιμεμνημένοικαλτήνΛήμνουαῖρεσιν,

114 513 159 595 ὡς
176 511 261 582 ἔλων
271 511 411 599 Λῆμνόν
423 537 458 580 τε
473 515 529 581 καλ
545 512 720 597 τισάμενος
730 508 810 591 τούς
821 511 1018 598 Πελασγοὺς
1029 538 1116 601 παρ-

114 617 219 682 έδωκε
233 609 451 697 Ἀθηναίοισι.
474 612 746 698 προσγενομένου
765 612 802 691 δὲ
818 616 881 678 τοῦ
897 610 1006 698 δήμου
1024 609 1116 703 αὐτῷ

69 774 72 779 ,
113 711 197 782 κατὰ
213 711 276 799 τήν
294 709 462 779 ἀπόλυσιν
478 715 540 778 τοῦ
550 709 719 796 θανάτου,
737 709 961 797 ζημιώσαντος
979 709 1016 779 δὲ
1032 710 1116 778 κατὰ

36 799 60 812 '
113 810 176 899 τήν
194 809 327 897 ἀδικίην
344 809 550 898 πεντήκοντα
561 808 751 878 ταλάντοισι
763 809 951 898 Μιλτιάδης
961 812 1024 898 μὲν
1034 808 1116 898 μετὰ

5 900 7 979 Ῐ
61 950 63 953 -
113 915 219 978 ταῦτα
228 907 489 996 σφακελίσαντός
497 933 532 976 τε
543 915 603 976 τοῦ
615 913 726 996 μηροῦ
733 913 788 976 καλ
797 914 958 992 σαπέντος
966 917 1116 1001 τελευτᾷ,

114 1007 155 1076 τδι
167 1009 204 1076 δὲ
215 1006 421 1094 πεντήκοντα
433 1006 577 1074 τάλαντα
590 1008 711 1088 ἐξέτισε
722 1004 741 1076 ὁ
754 1021 830 1090 παίς
840 1006 947 1078 αὐτοῦ
958 1016 1085 1097 Κίμων.

177 1114 317 1196 Λήμνου
329 1104 591 1194 δὲΜιλτιάδηςδ
604 1114 759 1194 Κίμωνος
770 1100 836 1176 ὦδε
847 1114 934 1196 ἔσχε·
949 1112 1117 1195 Πελασγοί
1126 1122 1175 1179 [37

39 1290 45 1300 .
115 1209 233 1277 ἐπείτε
244 1209 281 1276 ἐκ
293 1213 351 1294 τής
364 1205 511 1295 Ἀττικῆς
522 1204 588 1276 ὑπὸ
598 1204 786 1295 Ἀθηναίων
798 1208 1037 1296 ἐξεβλήθησαν,
1050 1216 1117 1276 εἴτε

116 1299 165 1375 ὦν
176 1305 219 1392 δή
231 1311 367 1388 δικαίως
379 1315 444 1376 εἴτε
455 1305 586 1387 ἀδίκως.
615 1313 714 1375 τοῦτο
733 1305 797 1395 γάρ
816 1304 880 1377 οάκ
897 1313 960 1395 ἐχω
978 1309 1115 1396 φράσαι,

117 1403 252 1492 πλήντά
261 1406 433 1494 λεγόμενα,
441 1404 492 1474 ὅτι
501 1405 667 1487 Ἑκαταῖος
677 1403 1004 1496 μένὸἩγησάνδρου
1013 1413 1117 1495 ἔφησε

88 1593 93 1600 ¹
117 1509 153 1573 ἐν
160 1517 245 1572 τοῖσι
252 1502 381 1590 λόγοισι
388 1503 638 1591 λέγωνάδίκως·
651 1509 726 1575 ἐπεί
729 1532 764 1575 τε
771 1507 834 1596 γάρ
843 1503 1115 1598 ίδεϊντοδςἈθη-

116 1610 233 1683 ναίους
249 1603 311 1690 τήν
322 1604 460 1693 χώρην,
478 1604 540 1693 τήν
555 1613 649 1693 σφίσι
662 1604 793 1675 αάτοϊσι
803 1604 870 1675 ὑπὸ
883 1605 942 1675 τὸυ
954 1604 1118 1693 Ὑμησσὸν

115 1709 239 1772 έοῦσαν
256 1706 377 1770 ἐδοσαν
391 1707 521 1788 οίκῆσαι
537 1704 664 1787 μισθόυ
677 1706 739 1768 τοῦ
752 1705 873 1786 τείχεος
891 1705 953 1767 τοῦ
968 1703 1043 1787 περὶ
1056 1693 1118 1786 τὴν

115 1800 300 1887 ἀκρόπολίν
314 1825 390 1869 ποτε
404 1802 620 1888 ἐληλαμένου,
635 1800 761 1886 ταύτην
772 1797 817 1879 ὡς
831 1803 915 1867 ίδελν
927 1796 1007 1878 τούς
1015 1797 1118 1885 Ἀθη-

5 1962 10 1999 ,
116 1908 232 1978 ναίους
249 1899 491 1986 ἐξεργασμένην
513 1892 569 1987 εδ,
592 1897 654 1986 τήν
673 1896 839 1985 πρότερον
856 1894 940 1964 εἶναι
961 1895 1070 1984 κακήν
1083 1921 1118 1964 τε

115 1998 171 2064 καὶ
185 2001 246 2062 τοῦ
260 1994 404 2081 μηδενὸς
419 1995 525 2084 ἀξίην,
541 2004 656 2083 λαβεῖν
670 1995 806 2083 φθόνον
819 2019 854 2061 τε
865 1997 920 2062 καλ
932 1996 1051 2081 ἵμερον
1061 1997 1118 2079 τῆς

6 2094 8 2111 ³
116 2102 192 2182 γῆς,
210 2097 266 2163 καλ
281 2092 369 2163 οὕτω
386 2098 576 2178 ἐξελαύνειν
593 2096 716 2177 αὐτοὺς
734 2094 895 2184 οὐδεμίαν
915 2094 1021 2182 ἀλλην
1035 2094 1120 2181 πρά·

116 2215 222 2284 φασιν
232 2199 494 2285 προϊσχομένους
504 2195 804 2286 τοδςἍθηναίους·
817 2194 861 2277 ὡς
873 2198 908 2266 δέ
917 2192 1120 2281 αὐτολἈθη-

116 2312 203 2368 ναίοι
214 2300 360 2385 λέγουσι,
372 2302 507 2379 δικαίως
517 2298 676 2379 ἐξελάσαι.
692 2300 952 2386 κατοικημένους
963 2292 1029 2383 γάρ
1040 2291 1119 2372 τοδς

116 2391 310 2482 Πελασγοὺς
324 2391 390 2465 δπδ
405 2392 612 2487 τῷῪμησσρῖ
626 2398 787 2465 ἐνθεῦτεν
802 2392 1026 2482 ὁρμωμένους
1043 2386 1119 2458 άδι·

113 2497 204 2564 κέειν
217 2493 314 2562 τάδε·
337 2501 459 2579 φοιτᾶν
473 2491 539 2582 γάρ
550 2496 614 2564 αίελ
624 2491 684 2573 τάς
693 2495 854 2581 σφετέρας
863 2491 1052 2578 θυγατέρας
1063 2483 1116 2556 ἐπ’

8 2630 10 2637 ·
114 2590 208 2676 ὕδωρ
223 2592 277 2658 ἐπὶ
294 2587 357 2676 τήν
374 2589 640 2680 Ἐννεάκρουνον
661 2589 797 2679 (οὐγὰρ
818 2589 903 2659 εἶναι
917 2596 1038 2658 τοῦτον
1057 2584 1118 2655 τὸν

113 2689 239 2778 χρόνον
251 2694 344 2775 σφίσι
356 2715 404 2756 κω
413 2687 492 2758 οὐδὲ
501 2704 586 2758 τοίσι
595 2687 724 2759 ἀλλοισι
730 2688 862 2777 Ἕλλησι
873 2688 1025 2773 οἰκέτας),
1033 2683 1119 2761 ὅκως

114 2787 151 2854 δέ
168 2792 303 2854 ἔλθοιεν
314 2777 423 2872 αὗται,
435 2784 514 2865 τούς
524 2785 718 2874 Πελασγοδς
729 2784 795 2855 δπδ
807 2785 925 2876 ὕβριός
935 2810 971 2854 τε
981 2786 1036 2852 καλ
1047 2779 1119 2851 ὀλι-

9 2898 11 2945 f
114 2888 239 2971 γωρίης
249 2889 393 2970 βιᾶσθαί
400 2904 513 2970 σφεας.
526 2888 582 2953 καὶ
591 2892 694 2953 ταῦτα
702 2888 815 2971 μέντοι
826 2902 887 2970 σφι
898 2877 1118 2968 οάκάποχράν

9 3004 10 3007 ’
113 2982 258 3065 ποιέειν,
274 2976 358 3048 ἀλλά
368 2984 461 3060 τέλος
471 2984 526 3049 καλ
540 2981 818 3069 ἐπιβουλεύοντας
829 2979 1050 3068 ἐπιχειρήσειν
1063 2975 1116 3047 ἐπ’

10 3114 19 3147 ι
114 3075 303 3168 αὐτοφώρω
319 3083 476 3165 φανῆναι.
501 3077 646 3156 ἑωυτοὺς
657 3079 694 3145 δέ
704 3081 863 3163 γενέσθαι
873 3076 1022 3166 τοσοάτφ
1034 3078 1119 3144 ἐκεί-

10 3220 12 3241 .
113 3202 186 3245 νων
201 3171 326 3263 ἀνδρας
340 3171 534 3263 ἀμείνονας,
553 3173 621 3267 ὅσφ
638 3173 766 3262 παρεδν
782 3170 910 3243 αάτοίσι
925 3170 1119 3241 ἀποκτείναι

113 3273 194 3355 τούς
204 3271 411 3361 Πελασγοὺς,
426 3276 501 3343 ἐπεί
508 3294 612 3362 σφεας
622 3279 744 3363 ἔλαβον
754 3271 1043 3362 ἐπιβουλεύοντας,
1055 3266 1119 3337 οὖα

114 3377 289 3462 ἐθελήσαι,
311 3369 397 3442 ἀλλά
411 3394 471 3462 σφι
488 3388 663 3461 προειπεῖν
683 3375 720 3441 ἐκ
735 3381 793 3462 τῆς
807 3379 868 3460 γής
881 3373 1011 3451 έξιέναι.
1039 3366 1119 3447 τοδς

115 3472 152 3541 δὲ
170 3467 259 3537 οὕτω
278 3469 319 3557 δή
337 3474 588 3563 ἐκχωρήσαντας
610 3470 694 3539 ἀλλα
715 3498 749 3540 τε
767 3483 857 3557 σχεῖν
878 3471 982 3553 χωρία
1002 3466 1057 3533 καλ
1077 3460 1118 3551 δή
