2566 3934
329 264 415 322 ιιο.
445 264 477 319 11.
511 261 607 321 σεε.
636 267 777 324 ιι-ιι,
993 229 1070 324 139¹

67 434 273 522 ἑπτακισχίλια
284 435 341 505 καλ
358 435 460 526 μόρια
474 433 658 523 ές”Ᾰμασιν
671 430 931 522 βασιλεύσαντα,
950 437 1056 505 ἐπείτε

69 537 179 605 ἐκτῶν
202 535 290 608 όκτω
321 544 415 607 θεῶν
445 541 480 607 οί
501 537 656 607 δυώδεκα
679 537 756 605 θεοὶ
787 539 959 624 έγένοντα,
989 540 1058 605 τῶν

66 633 206 725 Ἡρακλέα
224 642 285 709 ἕνα
303 647 480 729 νομιζουσι.
504 640 590 709 »Καὶ
615 640 744 709 ἐθέλων
768 637 806 707 δὲ
829 636 957 707 τούτων
980 640 1102 728 πέρι44

70 741 153 826 σαφές
165 765 194 808 τι
208 742 336 816 εἰδέναι
347 745 382 810 ἐκ
394 747 463 810 τῶν
476 736 550 811 οἷόν
562 768 598 809 τε
610 735 663 829 ἦν,
678 738 812 810 ἐπλωοα
825 740 882 809 καὶ
896 742 928 819 ές
947 738 1059 827 Τάρον

75 843 118 921 της
136 844 309 926 Φοινίκης,
331 838 590 925 πυνθανόμενος
610 835 732 906 αῦτόθι
754 838 838 907 εἶναι
862 840 938 927 ίρὸν
953 837 1056 923 Ἡρα-

76 937 152 1015 κλέος
165 935 272 1023 ἅγιον,
302 939 359 1005 καλ
380 934 469 1005 είόον
485 942 654 1015 πλουσίως
674 938 981 1023 κατεσκευασμένον
995 934 1055 1003 άλ-

76 1042 147 1103 λοισί
156 1062 191 1104 τε
206 1044 361 1106 πολλοῖσι
381 1033 591 1125 άναθημασι,
611 1038 667 1105 καλ
680 1039 717 1104 ἐν
732 1034 822 1128 αὐτῷ
837 1030 924 1125 ἦσαν
939 1043 1054 1124 στῆλαι

77 1134 139 1222 όάο,
161 1132 261 1224 ἡμὲν
282 1141 412 1223 χρυσοῦ
432 1132 608 1223 άπέφθου,
633 1133 656 1224 ἡ
682 1137 718 1205 δὲ
739 1137 933 1226 σμαράγδου
953 1143 1053 1205 λίθον

77 1232 242 1319 λάμποντος
263 1231 326 1314 τὰς
348 1234 471 1314 νόκτας
491 1234 658 1323 μεγάλως·
685 1237 719 1314 ἐς
741 1234 863 1320 λόγους
883 1236 919 1303 δὲ
943 1231 1054 1303 έλθών

76 1347 142 1402 τοῖσι
156 1340 262 1421 [ρεῦσι
278 1339 343 1403 τοῦ
355 1339 442 1402 θεοῦ
460 1333 615 1423 εἰρόμην,
631 1333 751 1412 ὁκόσος
764 1334 885 1420 χρόνος
899 1343 949 1418 εἴη
965 1336 997 1412 έξ
1013 1324 1054 1398 οῦ

77 1450 163 1518 σφιτο
153 1431 250 1523 ίρόν
261 1439 405 1523 ἵδρυται.
427 1424 530 1518 εῦρον
542 1435 579 1500 όέ
589 1429 668 1501 οῦδὲ
678 1431 818 1511 τούτους
828 1446 912 1499 τοῖσι
921 1420 1055 1517 Ἕλλησι

77 1533 349 1621 συμφερομένους·
371 1537 500 1618 ἔφασαν
513 1527 578 1618 γάρ
596 1528 664 1616 ἅμα
682 1528 780 1621 Τῦρω
801 1531 986 1618 οἰκιζομένῃ
1000 1530 1055 1596 καί

77 1656 103 1696 το
94 1627 181 1720 ίρόν
199 1640 261 1701 τοῦ
288 1638 374 1701 θεοῦ
389 1636 586 1753 ίόρυθηναι,
609 1626 745 1697 είναιιλέ
729 1624 866 1697 ἐέτεα’
847 1624 905 1696 απ’
924 1619 966 1694 οῦ
986 1626 1054 1694 Τό-

78 1756 123 1810 ρον
144 1738 291 1803 οίκέουσι
316 1730 489 1820 τριηκόσια
514 1731 570 1798 καὶ
595 1733 684 1815 όισχί
681 1738 744 1797 λια.
781 1727 870 1796 εἶδον
892 1730 928 1795 δὲ
955 1728 991 1794 ἐν
1014 1733 1054 1815 τῇ

81 1830 158 1922 Τάρφ
170 1835 225 1900 καὶ
245 1829 330 1899 άλλο
351 1827 426 1950 ίρόν
434 1827 614 1915 Ἡρακλέος
630 1830 821 1915 ἐπωνυμίην
837 1832 968 1914 ἔχοντος
984 1834 1054 1894 Θα-

79 1934 136 1995 σίου
154 1928 246 1999 εἷναι.
281 1925 452 2049 ἀπικόμην
475 1930 512 1995 όέ
536 1929 592 1996 καλ
617 1928 650 2006 ἐς
674 1926 804 2014 Θάσον,
825 1929 863 2027 ἐν
884 1933 925 2015 τῇ
952 1915 1053 2010 εῦρον

41 2030 43 2043 ¹
80 2023 149 2109 ίρόν
148 2023 351 2115 Ηρακλέος(
333 2049 399 2093 υπο
388 2023 581 2095 Φοινίκων
592 2026 836 2112 ίόρνμένον,
802 2050 909 2092 οκατ
912 2020 1055 2109 Ἐὐρω-

79 2146 125 2208 σης
145 2124 276 2214 ζήτησιν
307 2124 534 2204 ἐκπλώσαντες
555 2122 669 2193 Θάσον
694 2129 842 2242 ἐκτισαγ·
874 2123 1055 2188 καὶταῦτα

80 2222 216 2293 καλτέντε
225 2219 362 2312 γενεῇσι
371 2220 505 2308 άνόρῦν
515 2220 662 2310 πρότερά
672 2217 813 2310 ἐστιη
779 2246 840 2289 τον
846 2216 1056 2307 Ἀμφιτρόω-

74 2342 115 2398 λῦε
135 2320 295 2414 Ἡρακλέα
327 2326 364 2391 ἐν
393 2327 434 2412 τῇ
461 2321 592 2392 Ἑλλάδι
621 2323 788 2407 γενέσθαι.
836 2316 876 2389 τά
906 2318 968 2405 μέν
994 2343 1059 2385 νυν

76 2420 247 2513 ίσιορημένα
292 2429 391 2512 ιληλοῖ
423 2426 554 2512 σαφέως
595 2420 738 2492 παλαιόν
778 2419 863 2490 θεόν
895 2418 1059 2509 Ἡρακλέα

75 2519 156 2594 ἐόντα.
190 2528 248 2596 καὶ
273 2528 442 2596 δοκέουσι
451 2527 520 2593 ιλέ
512 2552 566 2613 μοι
584 2517 679 2594 οῦτοι
704 2521 874 2613 ὀρθότατα
892 2520 1059 2609 Ελλήνων

75 2627 230 2714 σαέειν,ο
233 2626 340 2710 ἲῦιξά
360 2626 536 2717 Ἡράκλεια
555 2625 772 2716 ἱδρυσάμενοι
789 2625 977 2708 κεκτέαται,
1003 2622 1058 2693 καὶ

77 2750 109 2813 τῳ
98 2727 212 2812 μέν’
191 2755 236 2807 ως
251 2726 429 2817 άθανάτφ,
451 2722 636 2814 Οὐλυμπίφ
656 2726 692 2791 δὲ
707 2725 900 2807 ἐπωνυμίην
914 2712 1052 2836 θῦρῦσι,

78 2822 179 2910 τῷᾶ”
163 2827 262 2918 ετέρφ
277 2851 322 2903 ως
338 2820 422 2912 ἥρωι
419 2825 632 2908 ἐναγίζουσι.
665 2824 810 2905 Λέγουσι
824 2819 859 2886 όέ
873 2812 981 2885 πολλά
997 2817 1052 2884 καλ
1067 2838 1101 2891 45

77 2914 142 2987 ἄλλα
158 2919 405 3000 ἀνεπισκέπτως
427 2920 476 2990 οί
476 2921 640 3007 Έλληνες·
663 2915 789 3007 εῦηθης
810 2918 846 2986 ιλὲ
866 2914 977 2985 αὐτῶν
999 2917 1054 2982 καλ

78 3011 152 3086 όίεὸ
171 3021 283 3107 μῦθός
303 3017 443 3106 ἐστι,
409 3046 470 3089 τον
482 3021 632 3105 περὶτοῦ
647 3015 825 3106 Ηρακλέος
839 3009 1031 3103 λέγουσι,’
1010 3041 1054 3092 ως

77 3111 161 3186 αὐτὸν
179 3115 386 3207 άπικόμενον
399 3122 432 3199 ές
446 3127 619 3206 Αἴγυπτον
634 3120 865 3200 στέψαντεςί
832 3141 850 3184 ο
876 3114 1054 3201 Αίγόπτιοι

78 3205 128 3278 ὖκό
145 3241 274 3305 πομπης
294 3214 450 3305 ἐξῆγον*
429 3244 473 3296 ως
492 3218 657 3296 θύσοντες
676 3243 721 3308 τφ
707 3223 810 3284 Διί·
832 3212 893 3284 τὸν
917 3214 953 3281 δὲ
973 3210 1054 3285 τέως
1146 3270 1151 3285 ,

79 3306 148 3389 κέν’
134 3322 270 3405 ησυχίην
285 3322 388 3435 ἔχειν,
404 3318 475 3385 ἐπεὶ
489 3318 525 3384 δὲ
539 3312 644 3384 αὐτοῦ
658 3313 786 3405 πρὸς
755 3339 800 3381 τω
786 3319 918 3402 βωμῷ
930 3304 1054 3414 πατήρ

80 3427 172 3499 imo,
193 3412 346 3502 ἐςάλκην
360 3414 573 3505 τραπόμενον
586 3414 713 3491 πάντας
728 3383 831 3496 σφέας
845 3402 1055 3482 καταφονεῦ-

80 3521 129 3575 σοι
157 3513 225 3600 ἐμοὶ
239 3514 302 3601 μέν
323 3539 389 3582 νυν
406 3514 561 3582 δοκέουσι
581 3517 684 3581 ταῦτα
705 3512 858 3594 λέγοντες
879 3503 936 3581 τῆς
949 3495 1056 3575 Αἶάν-
