2618 3928
203 216 266 283 160
577 218 831 275 HERODOTI

201 379 313 448 κόσιαι
323 383 379 448 καί
388 384 500 466 χίλιαι,
511 382 706 465 παρείχοντο
718 378 756 445 δέ
765 373 868 456 αὐτάς
879 379 964 446 οἵδε·
982 377 1213 464 Φοίνικεςμέν
1287 378 1290 421 ί

202 476 268 547 σὺν
287 483 445 564 Συρίοισι
463 490 550 546 τοῖσι
569 479 607 546 ἐν
626 482 667 566 τῇ
685 483 892 568 Παλαιστίνῃ
911 484 1121 567 τριηκοσίας,
1144 469 1210 548 ὦδε

201 577 455 663 ἐσκευασμένοι·
480 577 556 664 περὶ
569 577 632 663 μὲν
646 582 721 665 τῇσι
734 583 898 667 κεφαλῇσι
908 581 1031 658 κυυέας
1047 575 1137 664 είχον
1146 575 1207 666 ἀγ

198 674 326 763 χοτάτω
337 676 561 762 πεποιημένας
571 673 698 760 τρόπον
708 671 769 742 τόν
777 671 1210 763 Ἑλληνικδν,ἐνδεδυκότες
1288 640 1291 715 ί

200 775 237 843 δέ
249 771 410 861 δάρηκας
423 775 572 861 λινέους,
588 769 729 853 άσπίδας
744 776 781 842 δὲ
795 782 867 853 ίτυς
880 770 944 842 οὐκ
957 774 1100 861 ἐχοόσας
1119 773 1209 860 είχον

199 877 256 942 καί
270 870 418 942 άκόντια.
442 865 537 942 οὗτοι
551 875 588 942 δέ
603 878 637 943 οί
646 879 801 953 Φοίνικες
816 871 854 942 τό
866 871 1010 943 παλαιόν
1021 881 1147 963 οἴκεον,
1164 873 1210 955 ὡς

200 969 294 1041 αὐτοὶ
317 974 470 1060 λέγουσι,
495 975 548 1043 ἐπὶ
567 980 608 1063 τῇ
623 969 772 1062 Ἐρυθρῇ
792 973 965 1061 θαλάσση,
987 974 1151 1043 ἐνθεῦτεν
1170 975 1208 1043 δὲ

199 1069 407 1160 ὑπερβάντες
420 1078 479 1160 τῇς
490 1079 619 1160 Συρίης
629 1069 826 1142 οίκίουσιτά
837 1068 927 1160 παρά
939 1070 1127 1141 θάλασσαν.
1149 1081 1209 1161 τῇς

199 1169 236 1238 δὲ
249 1176 379 1257 Συρίης
397 1177 498 1240 τοῦτο
512 1168 550 1240 τό
565 1177 690 1258 χωρίον
709 1173 765 1240 καὶ
778 1167 816 1239 τό
837 1173 932 1258 μέχρι
945 1166 1123 1257 Αίγόπτου
1137 1181 1207 1240 πᾶν

198 1276 405 1358 Παλαιστίνη
416 1272 576 1340 καλέεται.
599 1268 777 1357 Αίγόπτιοι
788 1269 824 1340 δέ
834 1270 912 1349 νίας
922 1275 1119 1355 παρείλοντο
1132 1273 1207 1354 διη,

200 1374 323 1449 κοσίας.
353 1361 447 1438 οὗτοι
467 1368 505 1438 δὲ
526 1367 615 1456 εἶχον
634 1370 710 1455 περί
726 1371 788 1457 μὲν
804 1376 879 1458 τῇσι
895 1374 1061 1457 κεφαλῇσι
1080 1367 1206 1455 κράνεα

198 1465 359 1555 χηλευτά,
377 1466 518 1548 ἀσπίδας
532 1469 570 1540 δέ
586 1475 715 1555 κοίλας,
730 1466 789 1547 τάς
805 1477 877 1548 λτυς
891 1467 1038 1555 μεγάλας
1056 1464 1205 1552 ἐχούσας,

199 1591 255 1633 και
243 1564 414 1648 δούρατά
425 1591 460 1635 τε
471 1566 625 1655 ναόμαχα
636 1567 824 1647 καλτόκους
834 1567 1010 1655 μεγάλους.
1022 1591 1060 1634 το
1049 1563 1110 1633 δὲ
1120 1572 1205 1651 πλη

198 1672 263 1742 θος
277 1659 389 1732 αὐτόν
402 1666 644 1753 θωρηκοφόροι
656 1658 755 1754 ἦσαν,
770 1673 932 1755 μαχαίρας
946 1664 983 1734 δέ
997 1663 1143 1752 μεγάλας
1158 1661 1207 1730 εῖ-

151 1784 187 1840 ςρ
199 1786 270 1847 χον.
294 1753 398 1831 Οὗτοι
414 1762 538 1850 μὲν
494 1789 583 1833 ουτω
600 1765 775 1850 ἐστάλατο,
790 1764 939 1851 Κύπριοι
956 1766 993 1833 δὲ
1007 1769 1206 1850 παρείχοντο

198 1862 276 1939 νέας
290 1860 498 2030 πεντηκοντα
510 1865 566 1932 καὶ
577 1859 696 1932 ἕκατον
701 1913 711 1947 ,
728 1864 965 1949 ἐσκευασμένοι
976 1853 1050 1930 ὦδε.
1074 1886 1132 1939 τας
1140 1864 1206 1947 μὲν

199 1956 409 2048 κεφαλας
361 1987 376 2029 ε
411 1966 502 2049 ίχατο
516 1969 649 2052 μίτρησι
662 1990 680 2031 ο
682 1963 858 2050 ίβασιλέες
874 1959 1047 2047 αὐτόν,οί
1032 1957 1205 2030 ίδέάλλοι

199 2057 288 2145 είχον
302 2065 468 2147 κιθῶνας,
482 2086 523 2128 τα
512 2057 571 2128 δέ
582 2058 666 2130 άλλα
678 2060 761 2129 κατά
771 2084 834 2147 περ
841 2056 1006 2145 Ἕλληνες
1026 2058 1157 2126 τούτων
1168 2062 1205 2127 δέ

197 2158 318 2227 τοσάδε
333 2159 436 2228 ἔθνεά
454 2161 533 2246 ἐστι,
551 2157 694 2246 (τ’ίμέν
674 2184 740 2228 απο
729 2157 946 2244 Σαλαμῖνος
959 2159 1015 2226 καί
1022 2153 1205 2244 Ἀθηνίων,

200 2263 234 2327 oc
249 2259 286 2327 δὲ
299 2255 364 2326 άπό
377 2255 566 2346 Ἀρκαδίης,
583 2263 618 2327 οί
630 2259 667 2326 δὲ
682 2254 747 2325 άπὸ
762 2255 924 2342 Κύθνου,
939 2260 974 2325 οί
987 2257 1024 2323 δέ
1039 2251 1104 2323 άπὸ
1120 2262 1205 2323 Φοι·

198 2363 310 2444 νίκης,
327 2362 362 2425 οί
373 2357 410 2424 δέ
426 2353 491 2425 άπό
506 2362 704 2443 Αίδιοπίης,
726 2352 771 2434 ὡς
785 2352 880 2425 αὐτοὶ
893 2355 1043 2443 Κύπριοι
1057 2357 1203 2441 λέγουσι.

151 2472 184 2528 91
200 2462 333 2534 Κίλικες
344 2456 381 2523 δέ
395 2453 514 2524 ἑκατόν
527 2463 722 2543 παρείχοντο
734 2458 820 2537 νέας.
844 2447 938 2525 οὗτοι
949 2452 981 2524 δ’
995 2448 1041 2524 αὖ
1052 2454 1128 2543 περὶ
1140 2456 1205 2544 μὲν

198 2562 273 2644 τῇσι
293 2562 458 2644 κεφαλῇσι
477 2556 604 2640 κράνεα
625 2556 800 2645 ἐπιχάρια,
820 2553 954 2644 λαισήϊά
970 2579 1007 2623 τε
1024 2551 1112 2641 είχον
1127 2549 1203 2621 ἀντ’

199 2653 366 2741 ἀσπίδων,
383 2653 551 2745 ὠμοβοέης
565 2658 787 2744 πεποιημένα,
805 2658 861 2725 καί
875 2659 1026 2733 κιδάνας
1041 2652 1205 2739 είρινέους

197 2756 427 2838 ἐνδεδυκότες·
456 2757 518 2826 δόο
542 2759 578 2827 δέ
595 2755 733 2826 άκόντια
755 2758 891 2836 ἕκαστος
909 2758 965 2824 καί
988 2758 1083 2842 ξίφος
1103 2749 1202 2840 εἶχον,

197 2854 367 2944 άγχοτάτω
378 2864 452 2947 τῇσι
459 2864 661 2948 Αίγυπτίησι
671 2865 848 2948 μαχαίρησι
860 2857 1075 2944 πεποιημένα.
1097 2847 1203 2926 Οὗτοι

197 2952 259 3040 μέν
273 2951 310 3021 τό
326 2952 471 3024 παλαιόν
480 2954 649 3043 Ὑπαχαιοὶ
666 2958 856 3044 ἐκαλέοντο,
872 2957 926 3025 ἐπὶ
939 2954 976 3024 δὲ
990 2960 1127 3033 Κίλικος
1140 2957 1203 3021 τοῦ

192 3051 373 3141 Ἀγῇνορος
386 3051 511 3144 άνδρός
521 3064 679 3138 Φοίνικος
692 3063 790 3146 ἔσχον
803 3056 865 3146 τῇν
879 3060 1083 3145 ἐπωνυμίην
1103 3054 1203 3142 Πάμ-

196 3159 300 3237 φυλοι
310 3153 347 3221 δέ
357 3152 536 3240 τριῇκοντα
545 3163 742 3245 παρείχοντο
753 3153 848 3237 νέας’
846 3163 1061 3243 Ελληνικολσι
1070 3150 1202 3222 ὅπλοισι

196 3251 442 3336 ἐσκευασμένοι.
466 3257 501 3322 οί
514 3254 744 3344 δέΠάμφυλοι
758 3248 853 3323 οὗτοι
868 3257 930 3323 em
944 3258 1012 3321 τάν
1026 3253 1063 3319 ἐκ
1081 3253 1202 3337 Τροίης

147 3363 180 3414 υ
197 3342 557 3419 άποσκεδασθέντων”
533 3379 602 3440 αμα
613 3351 801 3475 Ἀμφιλόχῳ
812 3356 867 3422 καί
877 3352 1056 3441 Κάλχαντι.
1077 3348 1202 3418 Λύκιοι

195 3442 232 3508 δε
252 3448 447 3530 παρείχοντο
463 3448 540 3529 ιέας
557 3452 763 3539 πεντήκοντα
781 3450 1029 3540 θωρηκοφόροι
1038 3472 1075 3515 τε
1088 3446 1202 3526 ἐόντες
