2606 3920
199 242 261 308 εει
571 246 823 320 κεκοοονι

196 431 282 491 ματα
308 405 617 491 κατεργασαμένους
641 402 783 489 μάλιστα
806 400 1006 490 Ἀθηναίους
1031 403 1203 492 ἠπίστατο.

195 503 325 570 τούτων
342 503 378 569 δὲ
394 504 672 587 προσγενομένων
693 499 869 586 κατήλπιζε
886 500 1047 580 εὐπετέως
1064 508 1122 587 τῆς
1136 511 1204 569 θα-

197 599 320 689 λάσσης
330 600 519 687 κρατήσειν,
532 599 571 667 τά
583 623 646 685 περ
661 596 704 666 δν
718 601 774 667 καὶ
784 591 838 686 ήν,
853 604 933 688 πεζή
943 625 978 667 τε
994 600 1108 668 ἐδόκεε
1119 607 1202 666 πολ·

196 698 258 768 λόν
278 697 363 766 εἶναι
379 701 539 783 κρέσσων.
568 695 656 764 οὕτω
669 722 706 764 τε
722 698 883 782 ἐλογίζετο
900 697 1096 784 κατύπερθέ
1115 702 1151 765 οί
1163 693 1201 764 τά

196 796 371 884 πρήγματα
393 800 529 863 ἔσεσθαι
550 801 617 863 τῶν
631 793 844 880 Ἑλληνικῶν.
873 794 956 880 τάχα
972 792 1003 863 δ’
1023 792 1068 863 άν
1084 798 1140 864 καὶ
1161 793 1199 862 τά

194 894 375 983 χρηστήρια
386 895 489 963 ταῦτά
506 900 540 963 ολ
548 894 715 982 προλέγοι,
731 894 1008 979 συμβουλεύοντα
1023 892 1199 979 σύμμαχον

194 992 253 1060 τὸν
266 991 448 1078 Ἀθηναίου
464 995 655 1061 ποιέεσθαι·
684 1007 768 1060 τοῖσι
786 989 826 1077 δή
844 991 1047 1077 πευθόμενος
1062 997 1196 1078 ἔπεμπε.
1276 1078 1277 1087 ¹

131 1107 177 1162 137
276 1099 437 1161 TOYAE
446 1088 1200 1177 ἈλεξάνδρουτοάτουέβδομοςγενέτωρΠερ-
1277 1142 1278 1169 ,

195 1194 308 1276 δίκκης
320 1192 386 1256 ἐστὶ
398 1187 416 1255 ὁ
428 1188 634 1274 κτησάμενος
643 1194 712 1255 τῶν
719 1186 933 1254 Μακεδόνων
943 1185 1004 1273 τήν
1015 1190 1200 1272 τυραννίδα
1277 1260 1278 1267 ,

194 1288 306 1378 τρόπω
322 1291 455 1378 τοιῷδε·
478 1290 510 1366 ἐξ
523 1284 661 1372 ’Ἄργεος
672 1292 801 1370 ἔφυγον
812 1286 844 1362 ἐς
857 1281 1039 1370 Ἰλλυριοὺς
1049 1290 1118 1351 τῶν
1132 1291 1201 1370 Τη-
1277 1320 1278 1343 ;

194 1390 298 1473 μένου
314 1384 493 1472 ἀπογόνων
507 1402 595 1474 τρεῖς
609 1383 776 1472 ἀδελφεοὶ,
796 1385 952 1471 Γαυάνης
965 1411 1001 1453 τε
1016 1388 1070 1452 καὶ
1087 1382 1201 1469 ’Λέρο-
1278 1414 1280 1477 ι

195 1512 256 1565 πος
271 1488 324 1554 καὶ
336 1490 534 1572 Περδίκκης,
549 1489 585 1554 ἐκ
601 1487 637 1554 δὲ
650 1483 821 1571 Ἰλλυριῶν
835 1483 1082 1572 ὑπερβαλόντες
1093 1488 1127 1564 ές
1137 1483 1201 1571 τήν

195 1582 266 1650 άνω
283 1587 501 1669 Μακεδονίην
518 1580 677 1652 ἀπίκοντο
694 1586 727 1662 ἐς
742 1590 890 1670 Λεβαίην
911 1582 1019 1651 πόλιν.
1048 1587 1199 1651 ἐνθαῦτα

194 1679 231 1747 δὲ
245 1678 410 1765 ἐθήτευον
425 1681 476 1748 ἐπὶ
493 1687 606 1771 μισθῷ
628 1677 717 1767 παρά
732 1685 778 1770 τῷ
796 1684 942 1767 βασιλέι,
963 1678 1058 1767 ὁμὲν
1073 1684 1199 1759 ἵππους
1279 1738 1280 1753 ,

193 1780 322 1864 νέμων,
347 1773 417 1843 ὅδὲ
431 1785 530 1865 βοῦς,
552 1775 622 1847 ὁδέ
644 1777 808 1857 νεότατος
828 1776 940 1846 αὐτῶν
953 1785 1141 1866 Περδίκκης
1157 1776 1196 1847 τά
1279 1768 1280 1837 Ῐ

193 1873 296 1945 λεπτά
311 1881 380 1943 τῶν
394 1877 582 1965 προβάτων.
605 1870 694 1964 ήσαυ
704 1877 742 1944 δὲ
754 1874 791 1945 τὸ
805 1876 908 1945 πάλαι
922 1879 977 1945 καὶ
992 1882 1029 1944 αί
1037 1883 1199 1961 τυραννί-

193 1980 247 2054 δες
260 1982 329 2043 τόν
346 1971 541 2059 άνθριόπων
555 1973 714 2055 ἀσθενέες
726 1975 886 2063 χρήμασι,
901 1974 943 2044 οό
957 1981 1087 2062 μοῦνον
1102 1972 1120 2043 ὁ
1137 1979 1199 2062 δή·

192 2098 262 2158 μος.
290 2069 311 2160 ή
328 2074 363 2140 δὲ
380 2072 467 2159 γυνή
482 2081 543 2142 τοῦ
557 2077 711 2162 βασιλέος
726 2072 809 2159 αὐτή
824 2070 864 2141 τά
883 2079 969 2142 σιτία
990 2093 1050 2159 σφι
1068 2079 1196 2141 ἔπεσσε.

192 2172 279 2254 ὅκως
294 2177 330 2241 δέ
345 2172 472 2266 ὀπτῷτο
487 2173 618 2262 ὁάρτος
627 2183 688 2244 τοῦ
698 2172 818 2253 παιδὸς
831 2181 892 2242 τοῦ
904 2170 1018 2260 θητὸς,
1033 2179 1094 2253 τοῦ
1105 2179 1200 2258 Περ-

192 2276 329 2358 δίκκεω,
351 2272 523 2360 διπλήσιος
547 2276 672 2359 ἐγίνετο
694 2269 794 2350 αὐτὸς
816 2275 951 2339 ἑωυτοῦ.
985 2274 1055 2340 ἐπεὶ
1075 2272 1112 2339 δὲ
1133 2273 1199 2340 αἰεὶ

191 2367 297 2438 τόυτδ
316 2377 413 2438 τοῦτο
430 2373 573 2457 ἐγίνετο,
596 2369 665 2438 εἶπε
685 2367 770 2454 πρός
783 2366 843 2437 τδν
861 2365 967 2455 άνδρα
984 2366 1044 2436 τὸν
1059 2370 1196 2454 ἑωυτῆς.

193 2466 251 2536 τόν
266 2468 302 2534 δέ
317 2466 508 2536 άκοόσαντα
526 2470 647 2555 ἐσῆλθε
665 2466 783 2536 αὐτίκα
796 2465 840 2546 ὡς
852 2477 901 2554 εἴη
919 2470 1015 2555 τέρας
1028 2470 1082 2535 καὶ
1097 2470 1198 2553 φέροι

191 2570 224 2644 ἐς
235 2567 318 2651 μέγα
329 2591 369 2632 τι.
389 2570 530 2647 καλέσας
541 2568 578 2636 δὲ
589 2566 669 2647 τούς
679 2574 785 2654 θῆτας
796 2566 1007 2654 προηγόρευέ
1014 2587 1075 2653 σφι
1086 2564 1199 2634 ἀπαλ-

190 2667 376 2735 λάσσεσθαι
391 2670 427 2736 ἐκ
442 2675 503 2755 γῆς
518 2675 575 2755 τῆς
592 2671 728 2736 ἑωυτοῦ.
753 2673 786 2736 ολ
799 2669 835 2735 δὲ
849 2665 909 2735 τόν
923 2665 1049 2754 μισθδν
1064 2674 1198 2753 ἔφασαν

191 2772 312 2835 δίκαιοι
330 2765 416 2835 εἶναι
429 2765 655 2856 ἀπολαβόντες
672 2763 762 2834 οὕτω
776 2768 906 2846 ἐξιέναι.
931 2768 1079 2833 ἐνθαῦτα
1093 2761 1112 2831 ὁ
1130 2771 1197 2850 βα-

190 2862 302 2943 σιλεὺς
316 2872 377 2932 τοῦ
393 2873 521 2952 μισθοῦ
538 2866 615 2951 πέρι
631 2863 795 2951 άκοόσας,
816 2857 861 2950 ἦν
874 2861 939 2950 γὰρ
955 2860 1038 2931 κατὰ
1055 2859 1117 2947 τήν
1133 2889 1197 2929 κα-

189 2964 362 3049 πνοδόκην
377 2969 409 3043 ἐς
424 2963 484 3033 τδν
499 2965 592 3034 οἶκον
607 2965 730 3051 ἐσέχων
750 2962 768 3031 ὁ
789 2962 899 3050 ἥλιος,
921 2961 991 3030 εἷπε
1004 2960 1198 3050 θεοβλαβής

189 3063 387 3150 γενόμενος·
403 3062 546 3132 Μισθδν
557 3065 593 3131 δὲ
605 3061 685 3150 ὑμῖν
696 3060 760 3149 ἐγώ
772 3059 887 3148 ὑμέων
898 3060 992 3141 άξιον
1002 3060 1100 3127 τόνδε
1110 3056 1198 3126 άπο-

94 3202 97 3207 ·
190 3167 326 3249 δίδωμι,
349 3162 444 3242 δέξας
463 3159 523 3228 τὸν
543 3159 649 3247 ήλιον.
681 3158 780 3246 ὁμὲν
802 3158 842 3246 δή
866 3157 1024 3243 Γαυάνης
1043 3182 1079 3224 τε
1099 3160 1154 3224 καὶ
1178 3155 1197 3224 ὁ

186 3257 342 3344 Ἀέροπος
364 3263 398 3326 οἱ
422 3258 644 3344 πρεσβύτεροι
672 3260 814 3327 ἕστασαν
837 3255 1118 3342 ἐκπεπληγμένοι,
1152 3251 1199 3334 ὡς

191 3356 340 3442 ἥκουσαν
354 3361 476 3439 ταῦτα,
499 3353 570 3423 ὅδὲ
587 3370 681 3441 παῖς,
706 3356 866 3442 ἐτύγχανε
888 3352 952 3440 γάρ
973 3358 1058 3439 ἔχων
1075 3350 1200 3437 μάχαι-

189 3483 263 3541 ραν,
283 3464 376 3531 εἶπας
387 3454 477 3541 τάδε,
493 3455 685 3542 Δεκόμεθα,
703 3450 729 3523 ὦ
744 3462 894 3543 βασιλεῦ,
910 3451 951 3521 τά
968 3457 1083 3538 διδοῖς,
1099 3477 1199 3540 περι-
