<?xml version="1.0" encoding="UTF-8"?>
<!DOCTYPE html PUBLIC "-//W3C//DTD XHTML 1.0 Transitional//EN"
    "http://www.w3.org/TR/xhtml1/DTD/xhtml1-transitional.dtd">
<html xmlns="http://www.w3.org/1999/xhtml" xml:lang="en" lang="en">
 <head>
  <title>
</title>
<meta http-equiv="Content-Type" content="text/html;charset=utf-8" />
  <meta name='ocr-system' content='tesseract 3.04.00' />
  <meta name='ocr-capabilities' content='ocr_page ocr_carea ocr_par ocr_line ocrx_word'/>
</head>
<body>
  <div class='ocr_page' id='page_1' title='image "./historiarumlibr03herogoog_0436.png"; bbox 0 0 2622 3928; ppageno 0'>
   <div class='ocr_carea' id='block_1_1' title="bbox 382 274 1118 338">
    <p class='ocr_par' dir='ltr' id='par_1_1' title="bbox 382 274 1118 338">
     <span class='ocr_line' id='line_1_1' title="bbox 382 274 1118 338; baseline 0.008 -8"><span class='ocrx_word' id='word_1_1' title='bbox 382 275 469 331; x_wconf 89' lang='lat' dir='ltr'><strong>LlB.</strong></span> <span class='ocrx_word' id='word_1_2' title='bbox 502 276 538 331; x_wconf 74' lang='lat' dir='ltr'><strong><em>V,</em></strong></span> <span class='ocrx_word' id='word_1_3' title='bbox 573 277 671 333; x_wconf 70' lang='lat' dir='ltr'><strong>GAP.</strong></span> <span class='ocrx_word' id='word_1_4' title='bbox 702 279 843 335; x_wconf 79' lang='lat'><strong>38-43.</strong></span> <span class='ocrx_word' id='word_1_5' title='bbox 1077 274 1118 338; x_wconf 80' lang='lat'><strong><em>19</em></strong></span> 
     </span>
    </p>
   </div>
   <div class='ocr_carea' id='block_1_2' title="bbox 12 428 1180 3624">
    <p class='ocr_par' dir='ltr' id='par_1_2' title="bbox 12 428 1180 3624">
     <span class='ocr_line' id='line_1_2' title="bbox 108 428 1116 522; baseline 0.002 -21"><span class='ocrx_word' id='word_1_6' title='bbox 108 434 144 501; x_wconf 80' lang='grc' dir='ltr'><strong><em>δὲ</em></strong></span> <span class='ocrx_word' id='word_1_7' title='bbox 159 429 201 498; x_wconf 87' lang='grc' dir='ltr'><strong><em>οῦ</em></strong></span> <span class='ocrx_word' id='word_1_8' title='bbox 220 436 349 501; x_wconf 88' lang='grc' dir='ltr'><strong><em>πολλοῦ</em></strong></span> <span class='ocrx_word' id='word_1_9' title='bbox 370 431 568 511; x_wconf 75' lang='grc' dir='ltr'><strong><em>διελθόντος</em></strong></span> <span class='ocrx_word' id='word_1_10' title='bbox 587 428 609 519; x_wconf 84' lang='grc' dir='ltr'><strong><em>ἡ</em></strong></span> <span class='ocrx_word' id='word_1_11' title='bbox 625 430 807 515; x_wconf 78' lang='grc' dir='ltr'><strong><em>ἐσύστερον</em></strong></span> <span class='ocrx_word' id='word_1_12' title='bbox 821 433 1012 503; x_wconf 70' lang='grc' dir='ltr'><strong><em>ἐπελθοῦσα</em></strong></span> <span class='ocrx_word' id='word_1_13' title='bbox 1029 434 1116 522; x_wconf 79' lang='grc' dir='ltr'><strong><em>γυνή</em></strong></span> 
     </span>
     <span class='ocr_line' id='line_1_3' title="bbox 106 526 1118 621; baseline 0.003 -24"><span class='ocrx_word' id='word_1_14' title='bbox 106 537 209 597; x_wconf 80' lang='grc' dir='ltr'><strong><em>τίκτει</em></strong></span> <span class='ocrx_word' id='word_1_15' title='bbox 223 526 284 597; x_wconf 82' lang='grc' dir='ltr'><strong><em>τάν</em></strong></span> <span class='ocrx_word' id='word_1_16' title='bbox 303 526 344 617; x_wconf 79' lang='grc' dir='ltr'><strong><em>δή</em></strong></span> <span class='ocrx_word' id='word_1_17' title='bbox 362 533 554 617; x_wconf 79' lang='grc' dir='ltr'><strong><em>Κλεομένεα</em></strong></span> <span class='ocrx_word' id='word_1_18' title='bbox 574 537 704 599; x_wconf 89' lang='grc' dir='ltr'><strong><em>τοῦτον.</em></strong></span> <span class='ocrx_word' id='word_1_19' title='bbox 738 532 794 598; x_wconf 82' lang='grc' dir='ltr'><strong><em>καὶ</em></strong></span> <span class='ocrx_word' id='word_1_20' title='bbox 814 529 899 619; x_wconf 81' lang='grc' dir='ltr'><strong><em>αὕτη</em></strong></span> <span class='ocrx_word' id='word_1_21' title='bbox 919 560 956 601; x_wconf 82' lang='grc' dir='ltr'><strong><em>τε</em></strong></span> <span class='ocrx_word' id='word_1_22' title='bbox 977 539 1118 621; x_wconf 90' lang='grc' dir='ltr'><strong><em>ἐπεδρον</em></strong></span> 
     </span>
     <span class='ocr_line' id='line_1_4' title="bbox 108 627 1118 720; baseline 0.004 -25"><span class='ocrx_word' id='word_1_23' title='bbox 108 629 249 716; x_wconf 83' lang='grc' dir='ltr'><strong><em>βασιλέα</em></strong></span> <span class='ocrx_word' id='word_1_24' title='bbox 256 629 488 719; x_wconf 74' lang='grc' dir='ltr'><strong><em>Σπαρτιήτῃσι</em></strong></span> <span class='ocrx_word' id='word_1_25' title='bbox 504 628 685 716; x_wconf 86' lang='grc' dir='ltr'><strong><em>ἀπέφαινε,</em></strong></span> <span class='ocrx_word' id='word_1_26' title='bbox 701 632 756 698; x_wconf 81' lang='grc' dir='ltr'><strong><em>καλ</em></strong></span> <span class='ocrx_word' id='word_1_27' title='bbox 766 627 788 716; x_wconf 84' lang='grc' dir='ltr'><em>ἡ</em></span> <span class='ocrx_word' id='word_1_28' title='bbox 800 635 945 718; x_wconf 77' lang='grc' dir='ltr'><strong><em>προτέρη</em></strong></span> <span class='ocrx_word' id='word_1_29' title='bbox 959 632 1046 720; x_wconf 81' lang='grc' dir='ltr'><strong><em>γονὴ</em></strong></span> <span class='ocrx_word' id='word_1_30' title='bbox 1057 629 1118 701; x_wconf 86' lang='grc' dir='ltr'><strong><em>τόυ</em></strong></span> 
     </span>
     <span class='ocr_line' id='line_1_5' title="bbox 108 726 1119 818; baseline 0.004 -25"><span class='ocrx_word' id='word_1_31' title='bbox 108 726 276 814; x_wconf 87' lang='grc' dir='ltr'><strong><em>πρότερον</em></strong></span> <span class='ocrx_word' id='word_1_32' title='bbox 289 726 414 813; x_wconf 86' lang='grc' dir='ltr'><strong><em>χρόνον</em></strong></span> <span class='ocrx_word' id='word_1_33' title='bbox 429 727 554 807; x_wconf 71' lang='grc' dir='ltr'><strong><em>’ἀτοκος</em></strong></span> <span class='ocrx_word' id='word_1_34' title='bbox 576 731 679 798; x_wconf 88' lang='grc' dir='ltr'><strong><em>ἐοῦσα</em></strong></span> <span class='ocrx_word' id='word_1_35' title='bbox 693 727 768 795; x_wconf 87' lang='grc' dir='ltr'><strong><em>τότε</em></strong></span> <span class='ocrx_word' id='word_1_36' title='bbox 791 755 857 807; x_wconf 91' lang='grc' dir='ltr'><strong><em>κως</em></strong></span> <span class='ocrx_word' id='word_1_37' title='bbox 877 730 1015 818; x_wconf 80' lang='grc' dir='ltr'><strong><em>ἐκύησε,</em></strong></span> <span class='ocrx_word' id='word_1_38' title='bbox 1035 753 1119 798; x_wconf 89' lang='grc' dir='ltr'><strong><em>συν-</em></strong></span> 
     </span>
     <span class='ocr_line' id='line_1_6' title="bbox 108 826 1118 923; baseline 0.007 -30"><span class='ocrx_word' id='word_1_39' title='bbox 108 832 205 915; x_wconf 84' lang='grc' dir='ltr'><strong><em>τυχίη</em></strong></span> <span class='ocrx_word' id='word_1_40' title='bbox 218 826 323 916; x_wconf 89' lang='grc' dir='ltr'><strong><em>ταύτη</em></strong></span> <span class='ocrx_word' id='word_1_41' title='bbox 337 829 537 915; x_wconf 88' lang='grc' dir='ltr'><strong><em>χρησαμένη.</em></strong></span> <span class='ocrx_word' id='word_1_42' title='bbox 563 835 707 914; x_wconf 87' lang='grc' dir='ltr'><strong><em>ἐχουσαν</em></strong></span> <span class='ocrx_word' id='word_1_43' title='bbox 720 829 757 896; x_wconf 75' lang='grc' dir='ltr'><strong><em>δὲ</em></strong></span> <span class='ocrx_word' id='word_1_44' title='bbox 771 827 878 915; x_wconf 80' lang='grc' dir='ltr'><strong><em>αὐτὴν</em></strong></span> <span class='ocrx_word' id='word_1_45' title='bbox 892 827 1014 919; x_wconf 73' lang='grc' dir='ltr'><strong><em>ἀληθέι</em></strong></span> <span class='ocrx_word' id='word_1_46' title='bbox 1029 833 1118 923; x_wconf 83' lang='grc' dir='ltr'><strong><em>λύγφ</em></strong></span> 
     </span>
     <span class='ocr_line' id='line_1_7' title="bbox 110 924 1118 1016; baseline 0.003 -24"><span class='ocrx_word' id='word_1_47' title='bbox 110 930 145 993; x_wconf 80' lang='grc' dir='ltr'><strong><em>οδ</em></strong></span> <span class='ocrx_word' id='word_1_48' title='bbox 157 931 215 1012; x_wconf 79' lang='grc' dir='ltr'><strong><em>τῆς</em></strong></span> <span class='ocrx_word' id='word_1_49' title='bbox 230 924 439 1013; x_wconf 76' lang='grc' dir='ltr'><strong><em>ἐπελθούσης</em></strong></span> <span class='ocrx_word' id='word_1_50' title='bbox 457 925 620 1014; x_wconf 81' lang='grc' dir='ltr'><strong><em>γυναικὸς</em></strong></span> <span class='ocrx_word' id='word_1_51' title='bbox 634 925 756 1014; x_wconf 78' lang='grc' dir='ltr'><strong><em>οἰκήιοι</em></strong></span> <span class='ocrx_word' id='word_1_52' title='bbox 775 926 966 1014; x_wconf 88' lang='grc' dir='ltr'><strong><em>πυθόμενοι</em></strong></span> <span class='ocrx_word' id='word_1_53' title='bbox 982 928 1118 1016; x_wconf 84' lang='grc' dir='ltr'><strong><em>ἀχλεον,</em></strong></span> 
     </span>
     <span class='ocr_line' id='line_1_8' title="bbox 112 1021 1120 1114; baseline 0.002 -23"><span class='ocrx_word' id='word_1_54' title='bbox 112 1023 259 1110; x_wconf 85' lang='grc' dir='ltr'><strong><em>φάμενοι</em></strong></span> <span class='ocrx_word' id='word_1_55' title='bbox 279 1021 387 1110; x_wconf 83' lang='grc' dir='ltr'><strong><em>αύτήν</em></strong></span> <span class='ocrx_word' id='word_1_56' title='bbox 410 1027 570 1112; x_wconf 81' lang='grc' dir='ltr'><strong><em>κομπέειν</em></strong></span> <span class='ocrx_word' id='word_1_57' title='bbox 591 1022 699 1103; x_wconf 90' lang='grc' dir='ltr'><strong><em>ἀλλως</em></strong></span> <span class='ocrx_word' id='word_1_58' title='bbox 720 1029 931 1114; x_wconf 81' lang='grc' dir='ltr'><strong><em>βουλομένην</em></strong></span> <span class='ocrx_word' id='word_1_59' title='bbox 951 1024 1120 1114; x_wconf 85' lang='grc' dir='ltr'><strong><em>ὑποβαλέ-</em></strong></span> 
     </span>
     <span class='ocr_line' id='line_1_9' title="bbox 110 1120 1120 1211; baseline 0.001 -21"><span class='ocrx_word' id='word_1_60' title='bbox 110 1132 203 1191; x_wconf 90' lang='grc' dir='ltr'><strong><em>σθαι.</em></strong></span> <span class='ocrx_word' id='word_1_61' title='bbox 229 1120 323 1191; x_wconf 90' lang='grc' dir='ltr'><strong><em>δεινά</em></strong></span> <span class='ocrx_word' id='word_1_62' title='bbox 341 1127 378 1193; x_wconf 79' lang='grc' dir='ltr'><strong><em>δέ</em></strong></span> <span class='ocrx_word' id='word_1_63' title='bbox 397 1122 732 1210; x_wconf 71' lang='grc' dir='ltr'><strong><em>ποιεύντωναύτολυ,</em></strong></span> <span class='ocrx_word' id='word_1_64' title='bbox 754 1131 816 1193; x_wconf 90' lang='grc' dir='ltr'><strong><em>τοῦ</em></strong></span> <span class='ocrx_word' id='word_1_65' title='bbox 830 1124 955 1211; x_wconf 87' lang='grc' dir='ltr'><strong><em>χρόνου</em></strong></span> <span class='ocrx_word' id='word_1_66' title='bbox 970 1124 1120 1211; x_wconf 82' lang='grc' dir='ltr'><strong><em>συντέμ-</em></strong></span> 
     </span>
     <span class='ocr_line' id='line_1_10' title="bbox 114 1221 1120 1314; baseline -0.001 -22"><span class='ocrx_word' id='word_1_67' title='bbox 114 1250 250 1309; x_wconf 92' lang='grc' dir='ltr'><strong><em>νοντος,</em></strong></span> <span class='ocrx_word' id='word_1_68' title='bbox 271 1221 331 1292; x_wconf 79' lang='grc' dir='ltr'><strong><em>ὑπ’</em></strong></span> <span class='ocrx_word' id='word_1_69' title='bbox 351 1223 502 1314; x_wconf 76' lang='grc' dir='ltr'><strong><em>ἀπιστίης</em></strong></span> <span class='ocrx_word' id='word_1_70' title='bbox 524 1230 558 1295; x_wconf 84' lang='grc' dir='ltr'><strong><em>οί</em></strong></span> <span class='ocrx_word' id='word_1_71' title='bbox 570 1232 689 1314; x_wconf 80' lang='grc' dir='ltr'><strong><em>ἔφοροι</em></strong></span> <span class='ocrx_word' id='word_1_72' title='bbox 708 1233 886 1295; x_wconf 84' lang='grc' dir='ltr'><strong><em>τίκτουσαν</em></strong></span> <span class='ocrx_word' id='word_1_73' title='bbox 899 1221 962 1313; x_wconf 87' lang='grc' dir='ltr'><strong><em>τήν</em></strong></span> <span class='ocrx_word' id='word_1_74' title='bbox 976 1239 1120 1311; x_wconf 77' lang='grc' dir='ltr'><strong><em>γυναῖκα</em></strong></span> 
     </span>
     <span class='ocr_line' id='line_1_11' title="bbox 112 1321 1120 1413; baseline 0 -23"><span class='ocrx_word' id='word_1_75' title='bbox 112 1321 336 1408; x_wconf 77' lang='grc' dir='ltr'><strong><em>περιιζόμενοι</em></strong></span> <span class='ocrx_word' id='word_1_76' title='bbox 358 1326 536 1411; x_wconf 83' lang='grc' dir='ltr'><strong><em>ἐφύλαξαν.</em></strong></span> <span class='ocrx_word' id='word_1_77' title='bbox 569 1324 591 1413; x_wconf 81' lang='grc' dir='ltr'><em>ἡ</em></span> <span class='ocrx_word' id='word_1_78' title='bbox 616 1325 652 1394; x_wconf 71' lang='grc' dir='ltr'><strong><em>δὲ</em></strong></span> <span class='ocrx_word' id='word_1_79' title='bbox 675 1323 719 1404; x_wconf 78' lang='grc' dir='ltr'><strong><em>ὡς</em></strong></span> <span class='ocrx_word' id='word_1_80' title='bbox 741 1331 830 1393; x_wconf 79' lang='grc' dir='ltr'><strong><em>ἔτεκε</em></strong></span> <span class='ocrx_word' id='word_1_81' title='bbox 844 1327 996 1412; x_wconf 81' lang='grc' dir='ltr'><strong><em>Δωριέα,</em></strong></span> <span class='ocrx_word' id='word_1_82' title='bbox 1019 1325 1120 1401; x_wconf 78' lang='grc' dir='ltr'><strong><em>ἰθέως</em></strong></span> 
     </span>
     <span class='ocr_line' id='line_1_12' title="bbox 114 1423 1110 1513; baseline -0.002 -21"><span class='ocrx_word' id='word_1_83' title='bbox 114 1435 197 1511; x_wconf 75' lang='grc' dir='ltr'><strong><em>ἴσχει</em></strong></span> <span class='ocrx_word' id='word_1_84' title='bbox 209 1428 399 1512; x_wconf 76' lang='grc' dir='ltr'><strong><em>Λεωνίδην,</em></strong></span> <span class='ocrx_word' id='word_1_85' title='bbox 414 1429 469 1494; x_wconf 79' lang='grc' dir='ltr'><strong><em>καὶ</em></strong></span> <span class='ocrx_word' id='word_1_86' title='bbox 482 1423 565 1513; x_wconf 88' lang='grc' dir='ltr'><strong><em>μετά</em></strong></span> <span class='ocrx_word' id='word_1_87' title='bbox 579 1433 701 1495; x_wconf 88' lang='grc' dir='ltr'><strong><em>τοῦτον</em></strong></span> <span class='ocrx_word' id='word_1_88' title='bbox 716 1427 815 1503; x_wconf 78' lang='grc' dir='ltr'><strong><em>ἰθέως</em></strong></span> <span class='ocrx_word' id='word_1_89' title='bbox 830 1435 912 1511; x_wconf 84' lang='grc' dir='ltr'><strong><em>λσχει</em></strong></span> <span class='ocrx_word' id='word_1_90' title='bbox 922 1424 1110 1511; x_wconf 76' lang='grc' dir='ltr'><strong><em>Κλεόμβρο·</em></strong></span> 
     </span>
     <span class='ocr_line' id='line_1_13' title="bbox 115 1521 1120 1610; baseline -0.002 -21"><span class='ocrx_word' id='word_1_91' title='bbox 115 1547 188 1589; x_wconf 87' lang='grc' dir='ltr'><strong><em>τον·</em></strong></span> <span class='ocrx_word' id='word_1_92' title='bbox 216 1525 252 1589; x_wconf 88' lang='grc' dir='ltr'><strong><em>οί</em></strong></span> <span class='ocrx_word' id='word_1_93' title='bbox 270 1522 307 1589; x_wconf 75' lang='grc' dir='ltr'><strong><em>δὲ</em></strong></span> <span class='ocrx_word' id='word_1_94' title='bbox 325 1523 381 1589; x_wconf 78' lang='grc' dir='ltr'><strong><em>καὶ</em></strong></span> <span class='ocrx_word' id='word_1_95' title='bbox 400 1523 564 1610; x_wconf 75' lang='grc' dir='ltr'><strong><em>διδύμους</em></strong></span> <span class='ocrx_word' id='word_1_96' title='bbox 586 1525 721 1609; x_wconf 80' lang='grc' dir='ltr'><strong><em>λέγουσι</em></strong></span> <span class='ocrx_word' id='word_1_97' title='bbox 741 1521 980 1610; x_wconf 87' lang='grc' dir='ltr'><strong><em>Κλεόμβροτόν</em></strong></span> <span class='ocrx_word' id='word_1_98' title='bbox 1003 1547 1039 1589; x_wconf 90' lang='grc' dir='ltr'><strong><em>τε</em></strong></span> <span class='ocrx_word' id='word_1_99' title='bbox 1064 1522 1120 1587; x_wconf 80' lang='grc' dir='ltr'><strong><em>καὶ</em></strong></span> 
     </span>
     <span class='ocr_line' id='line_1_14' title="bbox 115 1616 1120 1709; baseline 0.001 -22"><span class='ocrx_word' id='word_1_100' title='bbox 115 1623 289 1706; x_wconf 76' lang='grc' dir='ltr'><strong><em>Λεωνίδην</em></strong></span> <span class='ocrx_word' id='word_1_101' title='bbox 308 1619 479 1706; x_wconf 86' lang='grc' dir='ltr'><strong><em>γενέσθαι.</em></strong></span> <span class='ocrx_word' id='word_1_102' title='bbox 512 1619 534 1709; x_wconf 84' lang='grc' dir='ltr'><strong><em>ή</em></strong></span> <span class='ocrx_word' id='word_1_103' title='bbox 558 1623 595 1691; x_wconf 78' lang='grc' dir='ltr'><strong><em>δέ</em></strong></span> <span class='ocrx_word' id='word_1_104' title='bbox 618 1625 809 1708; x_wconf 71' lang='grc' dir='ltr'><strong><em>Κλεομένεα</em></strong></span> <span class='ocrx_word' id='word_1_105' title='bbox 835 1628 978 1688; x_wconf 87' lang='grc' dir='ltr'><strong><em>τεκοῦσα</em></strong></span> <span class='ocrx_word' id='word_1_106' title='bbox 1003 1622 1059 1689; x_wconf 80' lang='grc' dir='ltr'><strong><em>καὶ</em></strong></span> <span class='ocrx_word' id='word_1_107' title='bbox 1082 1616 1120 1688; x_wconf 90' lang='grc' dir='ltr'><strong><em>τδ</em></strong></span> 
     </span>
     <span class='ocr_line' id='line_1_15' title="bbox 117 1717 1121 1809; baseline -0.001 -24"><span class='ocrx_word' id='word_1_108' title='bbox 117 1718 276 1806; x_wconf 87' lang='grc' dir='ltr'><strong><em>δεύτερον</em></strong></span> <span class='ocrx_word' id='word_1_109' title='bbox 291 1720 482 1789; x_wconf 80' lang='grc' dir='ltr'><strong><em>ἐπελθοῦσα</em></strong></span> <span class='ocrx_word' id='word_1_110' title='bbox 496 1717 602 1809; x_wconf 77' lang='grc' dir='ltr'><strong><em>γυνὴ,</em></strong></span> <span class='ocrx_word' id='word_1_111' title='bbox 618 1723 721 1789; x_wconf 90' lang='grc' dir='ltr'><strong><em>ἐοῦσα</em></strong></span> <span class='ocrx_word' id='word_1_112' title='bbox 733 1718 888 1806; x_wconf 76' lang='grc' dir='ltr'><strong><em>θυγάτηρ</em></strong></span> <span class='ocrx_word' id='word_1_113' title='bbox 903 1719 1121 1804; x_wconf 75' lang='grc' dir='ltr'><strong><em>Πρινητάδεω</em></strong></span> 
     </span>
     <span class='ocr_line' id='line_1_16' title="bbox 116 1812 1170 1905; baseline -0.004 -20"><span class='ocrx_word' id='word_1_114' title='bbox 116 1823 177 1885; x_wconf 90' lang='grc' dir='ltr'><strong><em>τοῦ</em></strong></span> <span class='ocrx_word' id='word_1_115' title='bbox 191 1821 439 1905; x_wconf 78' lang='grc' dir='ltr'><strong><em>Δημαρμένου,</em></strong></span> <span class='ocrx_word' id='word_1_116' title='bbox 454 1815 565 1886; x_wconf 87' lang='grc' dir='ltr'><strong><em>ούκέτι</em></strong></span> <span class='ocrx_word' id='word_1_117' title='bbox 582 1823 686 1886; x_wconf 79' lang='grc' dir='ltr'><strong><em>ἔτικτε</em></strong></span> <span class='ocrx_word' id='word_1_118' title='bbox 701 1817 739 1886; x_wconf 88' lang='grc' dir='ltr'><strong><em>τδ</em></strong></span> <span class='ocrx_word' id='word_1_119' title='bbox 754 1815 922 1901; x_wconf 90' lang='grc' dir='ltr'><strong><em>δεύτερον.</em></strong></span> <span class='ocrx_word' id='word_1_120' title='bbox 951 1814 988 1883; x_wconf 85' lang='grc' dir='ltr'><em>Ὁ</em></span> <span class='ocrx_word' id='word_1_121' title='bbox 1003 1816 1065 1902; x_wconf 79' lang='grc' dir='ltr'><strong><em>μὲν</em></strong></span> <span class='ocrx_word' id='word_1_122' title='bbox 1081 1812 1121 1901; x_wconf 81' lang='grc' dir='ltr'><strong><em>δή</em></strong></span> <span class='ocrx_word' id='word_1_123' title='bbox 1136 1828 1170 1883; x_wconf 72' lang='lat'><strong><em>4⁶2</em></strong></span> 
     </span>
     <span class='ocr_line' id='line_1_17' title="bbox 117 1912 1123 2007; baseline -0.008 -19"><span class='ocrx_word' id='word_1_124' title='bbox 117 1921 324 2005; x_wconf 80' lang='grc' dir='ltr'><strong><em>Κλεομένης,</em></strong></span> <span class='ocrx_word' id='word_1_125' title='bbox 344 1916 389 1998; x_wconf 85' lang='grc' dir='ltr'><strong><em>ύς</em></strong></span> <span class='ocrx_word' id='word_1_126' title='bbox 409 1925 555 2007; x_wconf 87' lang='grc' dir='ltr'><strong><em>λέγεται,</em></strong></span> <span class='ocrx_word' id='word_1_127' title='bbox 577 1914 622 2007; x_wconf 80' lang='grc' dir='ltr'><strong><em>ἦν</em></strong></span> <span class='ocrx_word' id='word_1_128' title='bbox 635 1945 671 1988; x_wconf 91' lang='grc' dir='ltr'><strong><em>τε</em></strong></span> <span class='ocrx_word' id='word_1_129' title='bbox 692 1916 733 1987; x_wconf 88' lang='grc' dir='ltr'><strong><em>ού</em></strong></span> <span class='ocrx_word' id='word_1_130' title='bbox 748 1916 918 2005; x_wconf 83' lang='grc' dir='ltr'><strong><em>φρενήρης</em></strong></span> <span class='ocrx_word' id='word_1_131' title='bbox 932 1912 1123 2001; x_wconf 77' lang='grc' dir='ltr'><strong><em>ἀκρομανής</em></strong></span> 
     </span>
     <span class='ocr_line' id='line_1_18' title="bbox 117 2004 1123 2106; baseline -0.008 -22"><span class='ocrx_word' id='word_1_132' title='bbox 117 2041 169 2102; x_wconf 89' lang='grc' dir='ltr'><strong><em>τε,</em></strong></span> <span class='ocrx_word' id='word_1_133' title='bbox 189 2014 208 2084; x_wconf 87' lang='grc' dir='ltr'><strong><em>δ</em></strong></span> <span class='ocrx_word' id='word_1_134' title='bbox 223 2015 259 2084; x_wconf 72' lang='grc' dir='ltr'><strong><em>δὲ</em></strong></span> <span class='ocrx_word' id='word_1_135' title='bbox 275 2014 428 2102; x_wconf 79' lang='grc' dir='ltr'><strong><em>Δωριεύς</em></strong></span> <span class='ocrx_word' id='word_1_136' title='bbox 440 2011 485 2105; x_wconf 83' lang='grc' dir='ltr'><strong><em>ήν</em></strong></span> <span class='ocrx_word' id='word_1_137' title='bbox 498 2026 565 2087; x_wconf 76' lang='grc' dir='ltr'><strong><em>τῶν</em></strong></span> <span class='ocrx_word' id='word_1_138' title='bbox 578 2017 705 2106; x_wconf 81' lang='grc' dir='ltr'><strong><em>ἡλίκων</em></strong></span> <span class='ocrx_word' id='word_1_139' title='bbox 719 2019 857 2085; x_wconf 88' lang='grc' dir='ltr'><strong><em>πάντων</em></strong></span> <span class='ocrx_word' id='word_1_140' title='bbox 870 2020 1016 2101; x_wconf 77' lang='grc' dir='ltr'><strong><em>πρῶτος,</em></strong></span> <span class='ocrx_word' id='word_1_141' title='bbox 1032 2004 1073 2079; x_wconf 84' lang='grc' dir='ltr'><strong><em>εά</em></strong></span> <span class='ocrx_word' id='word_1_142' title='bbox 1087 2035 1123 2077; x_wconf 87' lang='grc' dir='ltr'><strong><em>τε</em></strong></span> 
     </span>
     <span class='ocr_line' id='line_1_19' title="bbox 117 2108 1124 2203; baseline -0.006 -23"><span class='ocrx_word' id='word_1_143' title='bbox 117 2110 277 2200; x_wconf 80' lang='grc' dir='ltr'><strong><em>ἠπίστατο</em></strong></span> <span class='ocrx_word' id='word_1_144' title='bbox 304 2111 378 2181; x_wconf 89' lang='grc' dir='ltr'><strong><em>κατ’</em></strong></span> <span class='ocrx_word' id='word_1_145' title='bbox 400 2111 635 2203; x_wconf 76' lang='grc' dir='ltr'><strong><em>ἀνδραγαθίην</em></strong></span> <span class='ocrx_word' id='word_1_146' title='bbox 659 2112 761 2193; x_wconf 85' lang='grc' dir='ltr'><strong><em>αύτὸς</em></strong></span> <span class='ocrx_word' id='word_1_147' title='bbox 786 2113 918 2201; x_wconf 90' lang='grc' dir='ltr'><strong><em>σχήσων</em></strong></span> <span class='ocrx_word' id='word_1_148' title='bbox 939 2108 1002 2198; x_wconf 87' lang='grc' dir='ltr'><strong><em>τήν</em></strong></span> <span class='ocrx_word' id='word_1_149' title='bbox 1025 2117 1124 2196; x_wconf 91' lang='grc' dir='ltr'><strong><em>βασι-</em></strong></span> 
     </span>
     <span class='ocr_line' id='line_1_20' title="bbox 120 2206 1125 2302; baseline -0.007 -22"><span class='ocrx_word' id='word_1_150' title='bbox 120 2218 225 2300; x_wconf 80' lang='grc' dir='ltr'><strong><em>ληίην.</em></strong></span> <span class='ocrx_word' id='word_1_151' title='bbox 251 2209 335 2280; x_wconf 83' lang='grc' dir='ltr'><strong><em>ύστε</em></strong></span> <span class='ocrx_word' id='word_1_152' title='bbox 350 2206 400 2282; x_wconf 68' lang='grc' dir='ltr'><strong><em>οἷν</em></strong></span> <span class='ocrx_word' id='word_1_153' title='bbox 417 2212 505 2282; x_wconf 81' lang='grc' dir='ltr'><strong><em>οὕτω</em></strong></span> <span class='ocrx_word' id='word_1_154' title='bbox 519 2216 691 2302; x_wconf 80' lang='grc' dir='ltr'><strong><em>φρονέων,</em></strong></span> <span class='ocrx_word' id='word_1_155' title='bbox 706 2209 820 2297; x_wconf 84' lang='grc' dir='ltr'><strong><em>ἐπειδή</em></strong></span> <span class='ocrx_word' id='word_1_156' title='bbox 833 2209 899 2279; x_wconf 80' lang='grc' dir='ltr'><strong><em>ὅτε</em></strong></span> <span class='ocrx_word' id='word_1_157' title='bbox 910 2208 1125 2289; x_wconf 86' lang='grc' dir='ltr'><strong><em>’Λναξανδρί-</em></strong></span> 
     </span>
     <span class='ocr_line' id='line_1_21' title="bbox 121 2306 1125 2401; baseline -0.007 -18"><span class='ocrx_word' id='word_1_158' title='bbox 121 2319 180 2401; x_wconf 91' lang='grc' dir='ltr'><strong><em>δης</em></strong></span> <span class='ocrx_word' id='word_1_159' title='bbox 202 2312 351 2385; x_wconf 81' lang='grc' dir='ltr'><strong><em>ἀπέθανε</em></strong></span> <span class='ocrx_word' id='word_1_160' title='bbox 371 2319 427 2386; x_wconf 73' lang='grc' dir='ltr'><strong><em>καὶ</em></strong></span> <span class='ocrx_word' id='word_1_161' title='bbox 451 2322 485 2386; x_wconf 82' lang='grc' dir='ltr'><strong><em>οἱ</em></strong></span> <span class='ocrx_word' id='word_1_162' title='bbox 497 2315 756 2400; x_wconf 89' lang='grc' dir='ltr'><strong><em>Λακεδαιμόνιοι</em></strong></span> <span class='ocrx_word' id='word_1_163' title='bbox 776 2310 950 2399; x_wconf 88' lang='grc' dir='ltr'><strong><em>χρεόμενοι</em></strong></span> <span class='ocrx_word' id='word_1_164' title='bbox 972 2316 1017 2399; x_wconf 76' lang='grc' dir='ltr'><strong><em>τῷ</em></strong></span> <span class='ocrx_word' id='word_1_165' title='bbox 1030 2306 1125 2395; x_wconf 74' lang='grc' dir='ltr'><strong><em>νόμῳ</em></strong></span> 
     </span>
     <span class='ocr_line' id='line_1_22' title="bbox 120 2402 1126 2504; baseline -0.01 -23"><span class='ocrx_word' id='word_1_166' title='bbox 120 2413 299 2501; x_wconf 90' lang='grc' dir='ltr'><strong><em>ἐστήσαντο</em></strong></span> <span class='ocrx_word' id='word_1_167' title='bbox 314 2419 452 2504; x_wconf 82' lang='grc' dir='ltr'><strong><em>βασιλέα</em></strong></span> <span class='ocrx_word' id='word_1_168' title='bbox 465 2441 526 2483; x_wconf 85' lang='grc' dir='ltr'><strong><em>τον</em></strong></span> <span class='ocrx_word' id='word_1_169' title='bbox 541 2411 773 2502; x_wconf 88' lang='grc' dir='ltr'><strong><em>πρεσβύτατον</em></strong></span> <span class='ocrx_word' id='word_1_170' title='bbox 783 2410 990 2494; x_wconf 81' lang='grc' dir='ltr'><strong><em>Κλεομένεα,</em></strong></span> <span class='ocrx_word' id='word_1_171' title='bbox 1012 2402 1126 2474; x_wconf 85' lang='grc' dir='ltr'><strong><em>ὁΔω·</em></strong></span> 
     </span>
     <span class='ocr_line' id='line_1_23' title="bbox 121 2501 1126 2600; baseline -0.015 -18"><span class='ocrx_word' id='word_1_172' title='bbox 121 2511 213 2600; x_wconf 85' lang='grc' dir='ltr'><strong><em>ριεῦς</em></strong></span> <span class='ocrx_word' id='word_1_173' title='bbox 228 2513 343 2581; x_wconf 87' lang='grc' dir='ltr'><strong><em>δεινόν</em></strong></span> <span class='ocrx_word' id='word_1_174' title='bbox 356 2540 392 2581; x_wconf 89' lang='grc' dir='ltr'><strong><em>τε</em></strong></span> <span class='ocrx_word' id='word_1_175' title='bbox 406 2513 607 2599; x_wconf 84' lang='grc' dir='ltr'><strong><em>ποιεύμενος</em></strong></span> <span class='ocrx_word' id='word_1_176' title='bbox 621 2513 677 2579; x_wconf 81' lang='grc' dir='ltr'><strong><em>καὶ</em></strong></span> <span class='ocrx_word' id='word_1_177' title='bbox 698 2506 761 2576; x_wconf 90' lang='grc' dir='ltr'><strong><em>οῦκ</em></strong></span> <span class='ocrx_word' id='word_1_178' title='bbox 775 2504 878 2586; x_wconf 73' lang='grc' dir='ltr'><strong><em>ἀξιοῦν</em></strong></span> <span class='ocrx_word' id='word_1_179' title='bbox 891 2501 958 2572; x_wconf 85' lang='grc' dir='ltr'><strong><em>ῦπό</em></strong></span> <span class='ocrx_word' id='word_1_180' title='bbox 977 2504 1126 2587; x_wconf 84' lang='grc' dir='ltr'><strong><em>Κλεομέ-</em></strong></span> 
     </span>
     <span class='ocr_line' id='line_1_24' title="bbox 120 2592 1126 2696; baseline -0.013 -19"><span class='ocrx_word' id='word_1_181' title='bbox 120 2635 198 2689; x_wconf 90' lang='grc' dir='ltr'><strong><em>νεος</em></strong></span> <span class='ocrx_word' id='word_1_182' title='bbox 218 2611 475 2696; x_wconf 90' lang='grc' dir='ltr'><strong><em>βασιλεύεσθαι,</em></strong></span> <span class='ocrx_word' id='word_1_183' title='bbox 503 2610 640 2695; x_wconf 83' lang='grc' dir='ltr'><strong><em>αἰτήσας</em></strong></span> <span class='ocrx_word' id='word_1_184' title='bbox 665 2603 753 2676; x_wconf 83' lang='grc' dir='ltr'><strong><em>λεύν</em></strong></span> <span class='ocrx_word' id='word_1_185' title='bbox 773 2601 985 2690; x_wconf 85' lang='grc' dir='ltr'><strong><em>Σπαρτιήτας</em></strong></span> <span class='ocrx_word' id='word_1_186' title='bbox 1010 2592 1071 2685; x_wconf 87' lang='grc' dir='ltr'><strong><em>ήγε</em></strong></span> <span class='ocrx_word' id='word_1_187' title='bbox 1094 2600 1126 2674; x_wconf 87' lang='grc' dir='ltr'><strong><em>ἐς</em></strong></span> 
     </span>
     <span class='ocr_line' id='line_1_25' title="bbox 122 2695 1125 2792; baseline -0.004 -18"><span class='ocrx_word' id='word_1_188' title='bbox 122 2706 296 2791; x_wconf 88' lang='grc' dir='ltr'><strong><em>ἀποικίην,</em></strong></span> <span class='ocrx_word' id='word_1_189' title='bbox 318 2704 396 2773; x_wconf 85' lang='grc' dir='ltr'><strong><em>ούτε</em></strong></span> <span class='ocrx_word' id='word_1_190' title='bbox 413 2713 459 2792; x_wconf 77' lang='grc' dir='ltr'><strong><em>τῷ</em></strong></span> <span class='ocrx_word' id='word_1_191' title='bbox 478 2709 515 2772; x_wconf 81' lang='grc' dir='ltr'><strong><em>ἐν</em></strong></span> <span class='ocrx_word' id='word_1_192' title='bbox 528 2713 693 2791; x_wconf 77' lang='grc' dir='ltr'><strong><em>Δελφοῖσι</em></strong></span> <span class='ocrx_word' id='word_1_193' title='bbox 707 2705 893 2790; x_wconf 78' lang='grc' dir='ltr'><strong><em>χρηστηρίῳ</em></strong></span> <span class='ocrx_word' id='word_1_194' title='bbox 907 2695 1125 2783; x_wconf 77' lang='grc' dir='ltr'><strong><em>χρησάμενος,</em></strong></span> 
     </span>
     <span class='ocr_line' id='line_1_26' title="bbox 122 2793 1128 2891; baseline -0.015 -20"><span class='ocrx_word' id='word_1_195' title='bbox 122 2807 156 2883; x_wconf 87' lang='grc' dir='ltr'><strong><em>ἐς</em></strong></span> <span class='ocrx_word' id='word_1_196' title='bbox 172 2802 292 2890; x_wconf 75' lang='grc' dir='ltr'><strong><em>ἥντινα</em></strong></span> <span class='ocrx_word' id='word_1_197' title='bbox 306 2810 371 2890; x_wconf 81' lang='grc' dir='ltr'><strong><em>γῆν</em></strong></span> <span class='ocrx_word' id='word_1_198' title='bbox 384 2811 507 2871; x_wconf 87' lang='grc' dir='ltr'><strong><em>κτίσων</em></strong></span> <span class='ocrx_word' id='word_1_199' title='bbox 522 2812 573 2891; x_wconf 80' lang='grc' dir='ltr'><strong><em>δη,</em></strong></span> <span class='ocrx_word' id='word_1_200' title='bbox 587 2800 665 2869; x_wconf 84' lang='grc' dir='ltr'><strong><em>ούτε</em></strong></span> <span class='ocrx_word' id='word_1_201' title='bbox 678 2800 819 2886; x_wconf 88' lang='grc' dir='ltr'><strong><em>ποιήσας</em></strong></span> <span class='ocrx_word' id='word_1_202' title='bbox 833 2793 934 2863; x_wconf 68' lang='grc' dir='ltr'><strong><em>οῦδὲν</em></strong></span> <span class='ocrx_word' id='word_1_203' title='bbox 947 2798 1015 2861; x_wconf 78' lang='grc' dir='ltr'><strong><em>τῶν</em></strong></span> <span class='ocrx_word' id='word_1_204' title='bbox 1030 2816 1128 2876; x_wconf 89' lang='grc' dir='ltr'><strong><em>νομι-</em></strong></span> 
     </span>
     <span class='ocr_line' id='line_1_27' title="bbox 123 2885 1127 3008; baseline -0.012 -38"><span class='ocrx_word' id='word_1_205' title='bbox 123 2904 280 2991; x_wconf 82' lang='grc' dir='ltr'><strong><em>ζομένων.</em></strong></span> <span class='ocrx_word' id='word_1_206' title='bbox 304 2898 358 2971; x_wconf 80' lang='grc' dir='ltr'><strong><em>οἷα</em></strong></span> <span class='ocrx_word' id='word_1_207' title='bbox 373 2902 410 2971; x_wconf 79' lang='grc' dir='ltr'><strong><em>δέ</em></strong></span> <span class='ocrx_word' id='word_1_208' title='bbox 424 2905 552 2991; x_wconf 84' lang='grc' dir='ltr'><strong><em>βαρέως</em></strong></span> <span class='ocrx_word' id='word_1_209' title='bbox 567 2904 696 2986; x_wconf 84' lang='grc' dir='ltr'><strong><em>φέρων,</em></strong></span> <span class='ocrx_word' id='word_1_210' title='bbox 716 2896 806 2966; x_wconf 89' lang='grc' dir='ltr'><strong><em>ἀπίει</em></strong></span> <span class='ocrx_word' id='word_1_211' title='bbox 821 2898 854 2972; x_wconf 84' lang='grc' dir='ltr'><strong><em>ἐς</em></strong></span> <span class='ocrx_word' id='word_1_212' title='bbox 868 2890 930 2979; x_wconf 83' lang='grc' dir='ltr'><strong><em>τήν</em></strong></span> <span class='ocrx_word' id='word_1_213' title='bbox 940 2888 1074 2979; x_wconf 91' lang='grc' dir='ltr'><strong><em>Λιβύην</em></strong></span> <span class='ocrx_word' id='word_1_214' title='bbox 1086 2885 1127 3008; x_wconf 71' lang='grc' dir='ltr'><strong><em>κά</em></strong></span> 
     </span>
     <span class='ocr_line' id='line_1_28' title="bbox 122 2988 1124 3100; baseline -0.018 -29"><span class='ocrx_word' id='word_1_215' title='bbox 122 3010 239 3071; x_wconf 72' lang='grc' dir='ltr'><strong><em>πλοῖα·</em></strong></span> <span class='ocrx_word' id='word_1_216' title='bbox 261 3004 461 3089; x_wconf 82' lang='grc' dir='ltr'><strong><em>κατηγέοντο</em></strong></span> <span class='ocrx_word' id='word_1_217' title='bbox 476 3003 517 3069; x_wconf 91' lang='grc' dir='ltr'><strong><em>δέ</em></strong></span> <span class='ocrx_word' id='word_1_218' title='bbox 528 3003 562 3067; x_wconf 81' lang='grc' dir='ltr'><strong><em>ολ</em></strong></span> <span class='ocrx_word' id='word_1_219' title='bbox 574 2996 696 3082; x_wconf 83' lang='grc' dir='ltr'><strong><em>ἀνδρες</em></strong></span> <span class='ocrx_word' id='word_1_220' title='bbox 705 3005 854 3083; x_wconf 77' lang='grc' dir='ltr'><strong><em>Θηραῖοι.</em></strong></span> <span class='ocrx_word' id='word_1_221' title='bbox 876 2988 1079 3076; x_wconf 86' lang='grc' dir='ltr'><strong><em>ἀπικόμενος</em></strong></span> <span class='ocrx_word' id='word_1_222' title='bbox 1094 2988 1124 3100; x_wconf 54' lang='grc' dir='ltr'><strong><em>δἱ</em></strong></span> 
     </span>
     <span class='ocr_line' id='line_1_29' title="bbox 12 3087 1128 3186; baseline -0.02 -17"><span class='ocrx_word' id='word_1_223' title='bbox 12 3128 16 3151; x_wconf 69' lang='lat'>⁸</span> <span class='ocrx_word' id='word_1_224' title='bbox 124 3107 158 3179; x_wconf 87' lang='grc' dir='ltr'><strong><em>ἐς</em></strong></span> <span class='ocrx_word' id='word_1_225' title='bbox 175 3107 311 3170; x_wconf 92' lang='grc' dir='ltr'><strong><em>Κίνυπα</em></strong></span> <span class='ocrx_word' id='word_1_226' title='bbox 333 3110 438 3170; x_wconf 83' lang='grc' dir='ltr'><strong><em>οδκισε</em></strong></span> <span class='ocrx_word' id='word_1_227' title='bbox 461 3105 572 3186; x_wconf 77' lang='grc' dir='ltr'><strong><em>χῶρον</em></strong></span> <span class='ocrx_word' id='word_1_228' title='bbox 594 3095 773 3164; x_wconf 90' lang='grc' dir='ltr'><strong><em>κάλλιστον</em></strong></span> <span class='ocrx_word' id='word_1_229' title='bbox 795 3097 863 3159; x_wconf 79' lang='grc' dir='ltr'><strong><em>τῶν</em></strong></span> <span class='ocrx_word' id='word_1_230' title='bbox 877 3087 1017 3175; x_wconf 81' lang='grc' dir='ltr'><strong><em>Λιβύων</em></strong></span> <span class='ocrx_word' id='word_1_231' title='bbox 1038 3104 1128 3164; x_wconf 89' lang='grc' dir='ltr'><strong><em>παρα</em></strong></span> 
     </span>
     <span class='ocr_line' id='line_1_30' title="bbox 125 3180 1128 3288; baseline -0.025 -19"><span class='ocrx_word' id='word_1_232' title='bbox 125 3200 286 3288; x_wconf 85' lang='grc' dir='ltr'><strong><em>ποταμόν.</em></strong></span> <span class='ocrx_word' id='word_1_233' title='bbox 309 3201 476 3280; x_wconf 76' lang='grc' dir='ltr'><strong><em>ἐξελαθεὶς</em></strong></span> <span class='ocrx_word' id='word_1_234' title='bbox 487 3199 523 3266; x_wconf 72' lang='grc' dir='ltr'><strong><em>δὲ</em></strong></span> <span class='ocrx_word' id='word_1_235' title='bbox 535 3200 697 3266; x_wconf 88' lang='grc' dir='ltr'><strong><em>ἐνθεῦτεν</em></strong></span> <span class='ocrx_word' id='word_1_236' title='bbox 708 3199 807 3282; x_wconf 77' lang='grc' dir='ltr'><strong><em>τρίτῳ</em></strong></span> <span class='ocrx_word' id='word_1_237' title='bbox 822 3195 888 3259; x_wconf 78' lang='grc' dir='ltr'><strong><em>έτεί</em></strong></span> <span class='ocrx_word' id='word_1_238' title='bbox 899 3183 967 3255; x_wconf 85' lang='grc' dir='ltr'><strong><em>ῦπδ</em></strong></span> <span class='ocrx_word' id='word_1_239' title='bbox 979 3180 1128 3251; x_wconf 88' lang='grc' dir='ltr'><strong><em>Μακέων</em></strong></span> 
     </span>
     <span class='ocr_line' id='line_1_31' title="bbox 125 3281 1128 3388; baseline -0.022 -19"><span class='ocrx_word' id='word_1_240' title='bbox 125 3326 161 3368; x_wconf 89' lang='grc' dir='ltr'><strong><em>τε</em></strong></span> <span class='ocrx_word' id='word_1_241' title='bbox 177 3299 318 3388; x_wconf 88' lang='grc' dir='ltr'><strong><em>Λιβύων</em></strong></span> <span class='ocrx_word' id='word_1_242' title='bbox 332 3302 389 3367; x_wconf 82' lang='grc' dir='ltr'><strong><em>καὶ</em></strong></span> <span class='ocrx_word' id='word_1_243' title='bbox 402 3300 645 3385; x_wconf 87' lang='grc' dir='ltr'><strong><em>Καρχηδονίων</em></strong></span> <span class='ocrx_word' id='word_1_244' title='bbox 659 3289 795 3360; x_wconf 90' lang='grc' dir='ltr'><strong><em>ἀπίκετο</em></strong></span> <span class='ocrx_word' id='word_1_245' title='bbox 810 3289 843 3367; x_wconf 87' lang='grc' dir='ltr'><strong><em>ἐς</em></strong></span> <span class='ocrx_word' id='word_1_246' title='bbox 855 3281 1128 3365; x_wconf 87' lang='grc' dir='ltr'><strong><em>Πελοπόννησον.</em></strong></span> 
     </span>
     <span class='ocr_line' id='line_1_32' title="bbox 123 3379 1180 3483; baseline -0.024 -17"><span class='ocrx_word' id='word_1_247' title='bbox 123 3395 289 3466; x_wconf 83' lang='grc' dir='ltr'><strong><em>Ἐνθαῦτα</em></strong></span> <span class='ocrx_word' id='word_1_248' title='bbox 301 3400 342 3466; x_wconf 89' lang='grc' dir='ltr'><strong><em>δέ</em></strong></span> <span class='ocrx_word' id='word_1_249' title='bbox 349 3402 384 3465; x_wconf 86' lang='grc' dir='ltr'><strong><em>οί</em></strong></span> <span class='ocrx_word' id='word_1_250' title='bbox 392 3393 586 3483; x_wconf 86' lang='grc' dir='ltr'><strong><em>’Λντιχάρης</em></strong></span> <span class='ocrx_word' id='word_1_251' title='bbox 600 3388 686 3477; x_wconf 82' lang='grc' dir='ltr'><strong><em>ἀνὴρ</em></strong></span> <span class='ocrx_word' id='word_1_252' title='bbox 698 3386 870 3464; x_wconf 77' lang='grc' dir='ltr'><strong><em>Ἐλεώνιος</em></strong></span> <span class='ocrx_word' id='word_1_253' title='bbox 884 3379 1132 3468; x_wconf 88' lang='grc' dir='ltr'><strong><em>συνεβούλευσε</em></strong></span> <span class='ocrx_word' id='word_1_254' title='bbox 1143 3380 1180 3435; x_wconf 71' lang='lat'><strong><em>4³</em></strong></span> 
     </span>
     <span class='ocr_line' id='line_1_33' title="bbox 128 3476 1132 3624; baseline -0.023 -58"><span class='ocrx_word' id='word_1_255' title='bbox 128 3499 166 3566; x_wconf 83' lang='grc' dir='ltr'><strong><em>ἐκ</em></strong></span> <span class='ocrx_word' id='word_1_256' title='bbox 182 3503 251 3564; x_wconf 74' lang='grc' dir='ltr'><strong><em>τῶν</em></strong></span> <span class='ocrx_word' id='word_1_257' title='bbox 265 3502 374 3566; x_wconf 79' lang='grc' dir='ltr'><strong><em>Λαΐου</em></strong></span> <span class='ocrx_word' id='word_1_258' title='bbox 389 3500 548 3585; x_wconf 81' lang='grc' dir='ltr'><strong><em>χρησμῶν</em></strong></span> <span class='ocrx_word' id='word_1_259' title='bbox 556 3491 759 3578; x_wconf 77' lang='grc' dir='ltr'><strong><em>Ἡράκλειαν</em></strong></span> <span class='ocrx_word' id='word_1_260' title='bbox 775 3482 837 3570; x_wconf 83' lang='grc' dir='ltr'><strong><em>τήν</em></strong></span> <span class='ocrx_word' id='word_1_261' title='bbox 853 3483 891 3549; x_wconf 85' lang='grc' dir='ltr'><strong><em>ἐν</em></strong></span> <span class='ocrx_word' id='word_1_262' title='bbox 907 3481 1045 3624; x_wconf 50' lang='grc' dir='ltr'><strong><em>Σιὲιίλίη</em></strong></span> <span class='ocrx_word' id='word_1_263' title='bbox 1060 3476 1132 3539; x_wconf 79' lang='grc' dir='ltr'><strong><em>ντί·</em></strong></span> 
     </span>
    </p>
   </div>
   <div class='ocr_carea' id='block_1_3' title="bbox 0 0 1337 3928">
    <p class='ocr_par' dir='ltr' id='par_1_3' title="bbox 0 0 1337 3928">
     <span class='ocr_line' id='line_1_34' title="bbox 0 0 1337 3928; baseline 0 0"><span class='ocrx_word' id='word_1_264' title='bbox 0 0 1337 3928; x_wconf 95' lang='lat' dir='ltr'><strong><em> </em></strong></span> 
     </span>
    </p>
   </div>
  </div>
 </body>
</html>
