2606 3930
377 214 465 274 ιιε.
496 213 559 273 εκ,
578 213 889 274 mmm-15⁶.
1073 212 1136 282 361

122 370 217 466 αὐτῇ
239 372 481 463 μηχανεομένη,
506 376 562 443 καὶ
581 373 675 452 τέλος
697 372 913 466 μαχλοσύνην
938 378 1136 447 ἐπενείκασά

122 480 165 546 ολ
176 483 288 546 πείθει
298 473 359 544 τόν
369 474 477 563 ἀνδρα
487 480 591 542 ταῦτα
602 478 689 560 ἔχειν
704 470 803 540 οὕτω.
825 467 892 542 όδέ
903 469 1135 561 ἀναγνωσθεὶς

124 574 197 646 ὑπὸ
221 573 460 664 τῆςγυναικδς
484 581 585 662 ἔργον
608 569 679 641 οὐκ
694 570 791 640 ὅσιον
813 575 999 661 ἐμηχανᾶτο
1019 577 1072 644 ἐπὶ
1092 582 1133 665 τῇ

123 669 329 780 θυγατρί.
306 703 352 764 ην
365 673 430 763 γάρ
446 672 487 761 δὴ
503 668 690 760 Θεμίσων’
671 669 758 760 ανὴρ
773 682 918 791 Θηραῖος
935 680 1080 763 ἔμπορος
1096 679 1133 745 ἐν

124 802 169 865 τη
153 772 276 865 Ἀξβ·
235 781 448 843 ωτοῦτονο
436 769 628 858 Ἐτέαρχος
635 768 940 858 παραλαβάνξ
859 773 912 841 ἐπὶ
923 779 1027 855 ξείνια
1038 775 1133 861 ἐξορ-

124 888 220 961 κοίη
208 866 346 958 μένοί
354 866 597 958 διηκονήσειν
578 896 596 937 ο
607 895 639 936 τι
653 863 698 935 ἀν
688 871 828 994 δεηθῇ.
862 873 969 941 ἐπείτε
983 872 1019 941 δέ
1030 869 1134 957 ἐξάρ-

126 997 235 1060 κωσε,
257 970 394 1072 ἀγαγάν
413 977 448 1042 οί
465 967 697 1060 παραδιδοῖ
659 996 744 1058 την
744 970 872 1039 εωυτοῦ
876 977 1063 1094 θυγατέρα
1077 974 1134 1043 καλ

127 1075 258 1161 ταύτην
273 1070 424 1142 ἐκέλενε
421 1078 676 1141 καταποντῶσαι
689 1066 930 1156 ἀπαγαγόντα
939 1100 958 1142 ο
945 1070 1013 1143 ’δὲ
1030 1079 1134 1160 Θεμί-

127 1195 201 1244 σων
214 1171 488 1291 περιημεκτήσας
492 1198 533 1261 τη
553 1167 664 1259 ἀπάτη
685 1175 760 1238 τοῦ
768 1166 874 1255 ὅρκου
894 1175 962 1266 καλ
971 1170 1135 1242 διαλυσά-
1171 1216 1173 1221 -

126 1297 228 1362 μενος
244 1269 306 1359 τὴν
321 1271 446 1358 ξεινίην
461 1272 568 1338 ἐποίεε
580 1268 715 1351 τοιάδε·
732 1268 986 1391 παραλαβοδν
951 1298 1014 1365 την
1030 1273 1134 1367 παῖδα

127 1370 309 1457 ἀπέπλωε,
321 1366 366 1448 ὡς
382 1369 419 1438 δέ
429 1372 569 1492 ἐγίνετο
592 1370 630 1436 ἐν
640 1373 694 1460 τῷ
715 1368 868 1457 πελάγεϊ,
890 1361 1133 1457 ἀποσιεύμενος

126 1498 189 1560 την
198 1462 387 1593 ἐξόρκωσιν
399 1495 461 1537 του
445 1466 645 1555 ’Ἐτεάρχου
659 1475 839 1554 σχοινίοισι
849 1466 959 1558 αὐτην
959 1469 1133 1588 διαδήσας

128 1578 251 1659 κατῆκε
265 1573 308 1649 ἐς
310 1594 349 1636 το
337 1563 558 1655 πέλαγος,·’
537 1566 734 1651 ανασπάσας
730 1564 817 1636 δέ’
797 1574 933 1639 απίκετο
933 1571 985 1648 ἐς
987 1564 1050 1657 ’την
1061 1567 1133 1687 Θη-

129 1696 232 1759 ρην
228 1666 429 1746 Ἐνθεῦτεν
447 1661 541 1735 δέ
504 1692 568 1753 την
587 1672 769 1788 Φρονίμην
772 1665 999 1756 ’παραλαβών
1014 1665 1193 1750 Hosti-155

127 1789 283 1893 μνηστος,
295 1766 361 1837 ἐων
371 1774 439 1844 τάν
439 1762 630 1855 Θηραίων
611 1792 698 1853 ανηρ
709 1765 857 1853 δόκιμος,
865 1769 1128 1859 ἐπαλλακεύετο·

127 1870 261 1990 χρόνορ
276 1871 313 1936 δέ
333 1868 522 1990 περιιόντος
542 1866 761 1953 ἐξεγένετο
726 1892 744 1933 ο
772 1881 854 1952 παῖς
868 1866 1057 1961 ἰσχόφωνος
1072 1871 1128 1938 καί

127 1966 289 2066 τραυλός,
306 1974 353 2061 τῷ
373 1966 505 2055 οὔνομα
527 1969 630 2054 ἐτέθη
642 1963 829 2053 Βάττος,
807 1993 852 2046 ως
858 1974 1011 2056 ’Θηραίοί
1022 1994 1059 2038 τε
1072 1970 1128 2038 καλ
1179 2002 1182 2018 =

127 2076 316 2157 Κυρηναῖοι
325 2064 514 2155 λέγουσι,“
494 2094 538 2148 ως
548 2070 662 2154 μέντοι
672 2061 737 2152 ἐγά
749 2066 874 2152 δοκέω,
881 2062 962 2135 ἀλλο
972 2092 1020 2135 τι·
1037 2068 1127 2138 Βάτ-

128 2192 194 2270 τος
194 2169 231 2236 δὲ
247 2167 533 2254 μετουνομάσθη,
554 2167 675 2235 ἐπείτε
684 2163 720 2244 ἐς
733 2164 868 2252 Λιβύην
882 2160 1078 2287 ἀπίκετρ“,’
1058 2164 1126 2234 από

127 2293 161 2335 τε
173 2294 234 2335 του
220 2264 453 2386 χρηστηρίου
462 2275 524 2341 τοι·
538 2266 724 2353 γενομένου
722 2267 775 2335 ἐν
784 2275 950 2352 Δελφοῖσι
964 2261 1054 2357 αύτμ
1040 2267 1126 2334 καλ

127 2360 189 2431 ἀπὸ
200 2371 265 2452 της
286 2391 397 2452 τιμης,
412 2391 481 2452 την
490 2362 594 2451 ἔσχε,
612 2390 675 2452 την
695 2366 890 2452 ἐπωνυμίην
908 2360 1124 2452 ποιεύμενος·

127 2469 245 2550 Λίβυες
257 2461 320 2550 γάρ
332 2468 469 2552 βασιλέα
479 2465 603 2583 βάττον
614 2467 781 2550 καλέουσι,
796 2468 851 2535 καί
860 2462 984 2533 τούτου
996 2466 1125 2532 εἵνεκεν

126 2564 243 2630 δοκέω
252 2562 479 2644 θεσπίζουσαν
503 2590 566 2650 την
585 2570 747 2651 Πυθίην
749 2568 884 2633 καλέσαι
908 2567 970 2649 μιν
992 2570 1125 2652 Λιβυκῇ

127 2662 277 2753 γλώσσης
298 2689 313 2730 ε
314 2661 490 2751 δυϊαν,
467 2690 513 2771 ως
525 2662 683 2786 βασιλεὺς
697 2670 787 2733 ἐσται
801 2666 846 2733 ἐν
855 2661 976 2752 Λιβύη.
1018 2667 1127 2734 ἐπείτε

128 2757 190 2846 γάρ
202 2754 428 2848 ηνδράθη
385 2763 500 2848 ουτος,’
514 2756 601 2883 ηλθε
616 2765 661 2841 ἐς
659 2760 818 2848 Δελφους
828 2766 904 2853 περὶ
920 2769 978 2850 τῆς
992 2787 1124 2851 φωνης·

126 2855 351 2941 ἐπειρωτέοντι
365 2862 406 2929 δέ
419 2866 454 2930 οί
465 2868 528 2982 χρᾷ
542 2860 563 2949 ἡ
578 2869 694 2984 Ποθίη
709 2864 819 2939 τάδε·
919 2926 924 2939 ,
950 2908 977 2919 τι
1019 2910 1038 2923 ι.

161 2956 273 3027 Βάττ’
263 2962 338 3047 ἐπὶ
350 2987 471 3048 φωνην
481 2954 641 3048 ηλθες
618 2968 701 3044 αναξ
685 2966 752 3044 δέ
761 2985 799 3032 σε
810 2971 934 3052 Φολβος
945 2958 1116 3036 Ἀπόλλων
1229 3036 1231 3041 .

160 3054 211 3137 Ἐς
224 3058 359 3160 Λιβύην
373 3065 493 3148 πέμπει
510 3064 727 3150 μηλοτρόφον
737 3069 920 3153 οἰκιστῆρα,
972 3114 974 3119 ,

126 3154 231 3243 ὥσπερ
253 3164 285 3227 εί
304 3168 392 3228 είποι
407 3157 541 3230 Ελλάδι
555 3164 692 3283 ’γλώσσῃ
711 3165 889 3251 χρεομένη·
912 3157 952 3232 Ὦ
972 3169 1123 3252 βασιλεῦ,

125 3262 171 3324 δαί
185 3254 306 3342 φωνην
320 3249 448 3343 ηλθες.
472 3256 563 3328 ε’οδ
581 3258 733 3350 ἀμείβετο
753 3266 893 3330 τοιοίδε·
919 3255 1038 3344 Ὦναξ,
1058 3256 1124 3345 ἐγά

127 3353 183 3438 μὲν
197 3348 310 3440 ηλθον
324 3382 414 3442 παρα
403 3354 469 3424 ολ
483 3359 694 3477 χρησόμενος
703 3360 832 3444 περὶ
793 3385 850 3445 της
867 3381 999 3442 φωυης,
1021 3353 1065 3423 σύ
1086 3357 1126 3423 δέ

125 3472 177 3533 μοι
198 3446 282 3525 ἄλλα
302 3449 454 3523 ἀδύνατα
475 3462 573 3545 χρᾷς,
595 3453 745 3526 κελεύων
766 3453 900 3542 Λιβύην
921 3448 1120 3534 άποικιῗειν·
