2566 3934
342 263 426 323 61ss
453 267 485 323 ΙΙ.
519 265 617 325 ΟΑΡ.
649 273 771 329 6-10.
1005 267 1067 333 119

84 432 166 496 τούτο
186 429 246 515 μέν
268 453 337 497 νυν
358 423 396 494 τό
419 419 519 551 οὐρος
534 433 667 496 τοιούτο
683 429 771 515 ’έστί,
799 425 835 496 τό
855 431 891 498 δέ
904 423 989 518 πρός
1004 442 1066 505 Λι-

83 525 201 613 βύης
164 553 219 616 της
232 527 412 617 Αἰγύπτου
429 519 529 612 οὐρος
552 526 633 597 άλλο
649 530 806 616 πέτρινον
822 534 938 618 τείνει,
967 532 1006 598 έν
1017 536 1064 622 τῷ

83 627 112 690 τί
83 630 299 746 απυραμίδες
315 632 434 713 ἔνεισι,
462 627 584 746 βάμμητ
606 631 861 715 κατειλυμένον,
882 600 1063 716 τεταμένον

82 717 130 788 τόν
149 720 251 792 αὐτόν
267 725 413 812 τρόπον,
437 721 497 793 τόν
516 728 572 793 καί
591 731 652 793 τοῦ
668 724 825 815 Ἀραβίου
838 723 879 794 τά
900 724 984 812 πρὸς
1004 753 1064 813 με·

83 826 230 939 σαμβρίην
246 827 404 911 φέροντα.
430 821 468 892 τδ
487 817 536 891 τόν
551 821 627 911 66’
608 821 673 891 αττδ
689 822 806 893 Ηλίου
821 827 938 906 πόλιος
953 824 1064 895 οὐκέτι

82 915 189 987 πολλόν
207 920 376 1008 χωρίον
354 949 399 1002 ως
414 920 499 990 εἶναι
519 922 713 1009 Αἰγύπτου,
737 919 810 992 ἀλλ’
831 922 913 992 ὅσον
927 950 962 993 τε
981 921 1064 1012 ἡμε-

82 1021 152 1100 ρέων
169 1023 336 1108 τεσσέρων
357 1018 531 1091 ἀναπλόου
548 1021 662 1109 στεινή
683 1023 751 1089 ἐστι
767 1031 937 1109 Αἰγυπτος
951 1026 1062 1092 ἐοῦσα.

82 1122 135 1182 τόν
155 1116 188 1185 δὲ
209 1116 342 1208 οὐρέων
364 1128 432 1188 τῶν
456 1124 639 1210 εἰρημένων
660 1117 697 1188 τδ
722 1119 845 1207 μεταξύ
866 1120 982 1202 πεδιὰς
1002 1120 1063 1208 μέν

81 1224 128 1303 γῆ,
147 1219 271 1287 στάδιοι
294 1225 330 1289 δὲ
353 1223 495 1308 μάλιστα
517 1221 655 1291 έδόκεόν
675 1248 733 1309 μοι
748 1220 849 1308 εἶναι,
877 1229 917 1312 τῇ
932 1221 1063 1290 στεινό-

82 1315 164 1384 τατόν
183 1319 268 1406 ἐστι,
293 1324 474 1407 διηκοσίων
488 1316 530 1388 οὐ
543 1323 665 1400 πλέους
685 1323 722 1390 έκ
742 1327 803 1388 τοῦ
824 1318 981 1409 Ἀραβίου
1001 1317 1063 1386 06-

82 1440 141 1498 ρεος
154 1419 184 1497 ές
199 1416 235 1488 τό
253 1418 408 1508 Λιβυκόν
427 1420 643 1506 καλεόμενον.
683 1417 721 1489 τό
737 1418 769 1488 δ’
787 1422 948 1488 ἐνθεῦτεν
968 1410 1062 1497 αὐτις

83 1512 163 1603 εὐρέα
176 1519 349 1605 Αίγυτττός
363 1522 439 1589 ἐστι.

144 1619 280 1705 Πέφυκε
297 1621 359 1706 μέν
373 1645 439 1686 νυν
453 1616 473 1742 6
488 1619 579 1707 χάρη
595 1617 679 1705 αὐτη
696 1616 795 1705 οὐτω,
817 1615 882 1687 άπδ
898 1618 935 1687 δὲ
945 1616 1092 1686 Ἡλίου9

82 1715 176 1798 πόλιος
189 1722 222 1799 ές
237 1719 351 1809 Θήβας
367 1721 434 1788 έστί
451 1716 619 1799 άνάττλοος
634 1716 764 1788 έννέα
746 1723 907 1807 ημερέων,
931 1717 1059 1786 στάδιοι

82 1814 154 1882 66
121 1845 171 1905 της
183 1816 267 1890 ὁδοῦ
284 1818 444 1909 έξήκοντα
458 1815 543 1888 ταδ’
527 1819 717 1887 οκτακόσιοι
728 1821 783 1888 καί
795 1825 1059 1907 τετρακισχίλιοι,
1118 1904 1123 1912 l

83 1923 241 2002 σχοίνων
223 1919 301 2001 ενὸς
322 1924 377 1990 καί
396 1917 588 2007 ὀγδώκοντα
609 1918 743 1988 ἐόντων
791 1911 885 1988 οὐτοι
902 1921 1060 1988 συντιθέ-

40 2100 41 2109 ,
81 2039 157 2097 μενοι
177 2018 309 2086 στάδιοι
327 2018 520 2106 Αἰγύπτου,
548 2015 585 2086 τδ
610 2019 672 2105 μέν
694 2015 784 2106 παρά
804 2017 982 2086 θάλασσαν
995 2013 1059 2114 666

82 2140 125 2198 μοι
136 2120 186 2186 καί
200 2117 368 2208 πρότερον
385 2116 601 2208 δεδήλωται“
581 2144 632 2186 οτι
647 2121 827 2199 ἑξακοσίων
846 2121 884 2185 τέ
900 2119 967 2185 ἐστι
981 2136 1061 2184 στα-

83 2216 147 2282 δίων
159 2221 212 2288 καί
225 2223 432 2307 τρισχιλίων,
455 2217 537 2286 ὅσον
552 2220 592 2286 δέ
603 2243 635 2285 τι
649 2215 714 2286 άπδ
730 2215 902 2303 θαλάσσης
913 2216 946 2296 ές
959 2214 1061 2302 μεσό-

81 2339 161 2396 γαιαν
173 2322 269 2408 μέχρι
284 2319 423 2405 Θηβέων
444 2320 527 2405 έστί,
556 2321 726 2405 σημανέω·
759 2315 887 2387 στάδιοι
909 2315 975 2405 γάρ
998 2321 1060 2384 εἰσι
1134 2316 1137 2320 ’

82 2422 166 2484 εἰκοσι
178 2421 233 2487 καί
251 2413 372 2486 ἑκατόν
391 2419 446 2486 καί
469 2419 686 2513 ἑξακισχίλιοι.
732 2413 769 2485 τδ
787 2417 822 2485 δέ
839 2413 904 2485 άπδ
920 2416 1059 2503 Θηβέων

81 2515 105 2592 ἒς
120 2514 349 2607 Ἐλεφαντίνην
374 2522 580 2607 καλεομένην
605 2518 704 2587 πόλιν
729 2519 856 2587 στάδιοι
881 2525 978 2605 χίλιοι
1003 2518 1059 2586 καὶ

82 2608 254 2687 όκτακόσιοί
266 2623 338 2687 εἰσι.
769 2646 777 2651 ·

145 2716 272 2804 Ταύτης
288 2709 338 2785 τόν
352 2723 409 2804 τῆς
421 2717 530 2805 χάρης
543 2724 600 2804 τῆς
618 2706 822 2841 εἰρημένηςέὴ
831 2719 948 2805 πολλὴ,
958 2715 1057 2786 κατά·
1073 2734 1108 2787 10

81 2834 128 2899 τερ
141 2820 170 2883 ολ
182 2819 267 2907 ίρέες
282 2822 415 2906 έλεγον,
443 2820 556 2888 ἐδόκεε
571 2815 682 2887 κάλ’
641 2825 731 2910 ανττό
751 2844 821 2984 μοιί
826 2817 910 2888 εἶναι
924 2823 1058 2939 ἐπίκτη-

81 2934 122 2988 ¹⁰3
135 2918 350 3001 Αἰγυπτίοισι.
392 2924 459 2984 τῶν
475 2915 540 3006 γάρ
557 2915 686 3004 οὐρέων
701 2923 768 2985 τῶν
790 2921 974 3005 εἰρημένων
988 2925 1057 2987 τῶν

80 3005 148 3099 ὑπὲρ
168 3019 309 3104 Μέμφιν
329 3016 430 3084 πόλιν
450 3020 614 3104 κειμένων
634 3014 671 3084 τό
693 3013 816 3104 μεταξύ
833 3018 987 3103 ἐφαίνετό
1001 3046 1058 3106 μοι

81 3104 232 3183 εἶναίκοτε
252 3114 378 3195 κόλπος
396 3117 587 3203 θαλάσσης,
610 3112 759 3203 όόσπερη
759 3140 785 3182 ε
803 3141 844 3182 τα
864 3119 939 3204 περί
953 3115 1057 3187 Ἴλιον

81 3210 122 3325 ηδ
137 3218 347 3303 Τευθρανίην
361 3214 437 3284 καί
435 3214 575 3302 Ἐφεσόν
590 3238 625 3281 τε
639 3215 694 3281 καί
708 3213 912 3298 Μαιάνδρου
928 3217 1056 3301 πεδίον,

83 3327 114 3383 ως
127 3336 159 3394 γε
171 3309 252 3381 εἰναι
267 3311 391 3402 σμικροὶ
414 3320 518 3381 ταῦτα
538 3312 711 3399 μεγάλοισι
733 3319 927 3399 συμβαλείν.
988 3318 1057 3378 τῶν

83 3402 130 3493 τδρ
145 3417 243 3480 ταῦτα
263 3409 303 3480 τά
325 3419 429 3500 χωρία
452 3411 721 3499 προσχωσάντων
742 3416 901 3495 ποταμῶν
922 3410 972 3472 ἑνὶ
990 3412 1058 3470 τῶν

83 3508 229 3594 στομύτων
240 3537 303 3582 του
288 3518 384 3583 Νεί
381 3521 455 3602 λον,
477 3512 591 3594 ἐόντος
604 3509 847 3595 πενταστόμου,
874 3499 982 3577 οὐδεὶς
995 3496 1057 3563 αὖ
