2606 3920
361 256 445 311 LIB.
477 255 548 311 VIII.
582 253 681 310 GAP.
713 259 872 315 98·-101.
1053 252 1115 315 205

110 411 174 499 ἤδη
189 411 378 481 δοκεόντων
392 412 619 498 κατεργάσθαι
633 407 763 499 άποβάς
777 409 842 479 άπὸ
857 420 925 479 τῶν
938 421 1027 482 νεῶν
1041 439 1114 483 πει-

111 510 246 597 ρήσεται
260 507 486 595 ἀντιωθῆναι,
507 506 580 576 οὔτ’
601 511 637 577 έκ
657 515 716 595 τῆς
730 505 872 596 ἠπείρου
888 515 988 598 τῆσδε
996 536 1006 590 ·,
1030 516 1066 581 οἵ
1078 540 1114 582 τε

7 630 9 645 ²
110 606 189 694 ἡμῖν
204 605 437 693 ήντιάθησαν,
453 611 573 675 έδοσαν
587 611 689 685 δίκας.
712 610 817 691 εἰμέν
833 633 900 675 νυν
916 611 1034 696 δοκέει,
1051 608 1113 677 αύ-

110 713 183 773 τίκα
194 704 390 790 πειρώμεθα
401 711 458 792 τῆς
468 703 750 790 Πελοποννήσου·
767 710 798 773 ελ
807 706 843 772 δέ
855 707 910 772 καί
922 708 1029 773 δοκέει
1040 708 1113 773 ἐπι-

7 846 9 883 ,
109 818 217 891 σχειν,
237 804 372 888 παρέχει
387 804 514 871 ποιέειν
529 808 642 870 ταῦτα.
662 798 707 887 μὴ
723 801 760 869 δὲ
777 803 964 889 δυσθύμεε·
991 800 1034 871 ού
1046 804 1111 889 γάρ

109 908 177 972 ἐστι
193 900 329 986 Ἕλλησι
349 899 488 989 ούδεμία
507 904 640 978 έκδνσις
659 897 704 986 μή
726 897 767 968 ού
788 900 908 980 δόντας
925 899 1030 987 λόγον
1045 908 1113 970 τῶν

6 1078 8 1083 ,
110 1004 270 1086 ἐποίησαν
289 1004 356 1066 νύν
371 1023 408 1066 τε
426 1001 482 1067 καὶ
496 997 661 1085 πρότερον
675 995 761 1066 εἶναι
776 994 857 1076 σούς
872 998 1025 1077 δούλους.
1047 999 1113 1084 μά-

108 1108 204 1166 λιστα
217 1099 279 1182 μέν
299 1121 365 1163 νυν
385 1102 491 1166 ταῦτα
507 1102 614 1165 ποίεε·
643 1101 674 1164 εί
692 1093 724 1190 δ’
743 1093 809 1182 άρα
828 1122 880 1166 τοι
894 1096 1112 1184 βεβούλευται

108 1192 213 1264 αύτόν
233 1192 467 1262 ἀπελαύνοντα
488 1191 631 1280 ιἰπάγειν
649 1191 712 1281 τήν
728 1193 902 1282 στρατιήν,
926 1193 1032 1282 άλλην
1048 1201 1111 1282 ἔχω
1157 1246 1160 1253 .

107 1297 164 1364 καλ
177 1296 214 1362 έκ
230 1296 337 1361 ταῖνδε
349 1292 488 1380 βουλήν.
512 1291 555 1362 σύ
569 1296 717 1379 Πέρσας,
734 1301 890 1381 βασιλεῦ,
910 1294 955 1382 μή
970 1295 1111 1384 ποιήσης

5 1440 6 1445 1
107 1391 373 1477 καταγελάστους
402 1393 562 1477 γενέσθαι
582 1389 725 1478 Ἕλλησι.
763 1390 864 1461 οὐδὲν
884 1390 949 1481 γάρ
970 1395 1007 1461 έν
1025 1406 1111 1460 τοῖσι

108 1493 255 1579 Πέρσησι
272 1489 448 1576 δεδήληται
467 1497 536 1558 τῶν
556 1490 778 1578 πρηγμάτων,
804 1487 884 1558 οὐδὲ
904 1492 1005 1577 ἐρέεις
1026 1488 1109 1559 ὅκου

108 1589 294 1675 ἐγενόμεθα
305 1585 426 1678 άνδρες
440 1598 546 1660 κακοί.
570 1596 601 1659 εί
610 1591 646 1658 δέ
657 1593 811 1670 Φοίνικές
820 1616 857 1659 τε
866 1592 922 1659 καλ
931 1591 1111 1678 Αίγύπτιοι
1207 1675 1214 1684 ⁶

5 1704 7 1739 ῑ
108 1690 163 1756 καί
177 1686 326 1772 Κύπριοί
338 1713 374 1755 τε
388 1691 444 1756 καὶ
457 1694 591 1768 Κίλικες
603 1690 700 1756 κακοὶ
716 1691 887 1775 έγένοντο,
909 1687 1010 1758 οὐδὲν
1026 1688 1110 1775 πρὸς

5 1862 18 1873 η,
107 1788 238 1871 Πέρσας
248 1790 348 1854 τοῦτο
359 1786 520 1873 προσήκει
529 1784 567 1854 τὸ
579 1786 698 1865 πάθος.
714 1785 778 1874 ήδη
790 1778 838 1855 dv
849 1784 962 1875 ἐπειδή
973 1784 1110 1871 ούΠέρ·

4 1910 6 1971 j
107 1902 163 1950 σαι
173 1907 225 1949 τοι
236 1889 338 1952 αίτιοί
347 1888 420 1970 ελσι,
439 1886 511 1971 έμολ
522 1891 656 1953 πεύθεο·
678 1894 713 1954 εί
718 1909 769 1957 τοι
781 1886 933 1952 δέδοκται
943 1882 989 1971 μὴ
1000 1909 1110 1969 παρα-

107 1984 232 2067 μένειν,
249 1977 293 2048 σύ
310 1982 372 2066 μέν
387 1984 420 2060 ές
430 1980 517 2069 ἤθεα
527 1979 568 2050 τά
583 1989 734 2051 σεωυτοῦ
748 1980 925 2068 ἀπέλαυνε,
940 1987 999 2067 τῆς
1009 2003 1110 2067 στρα-

107 2084 177 2163 τιῆς
190 2074 331 2164 ἀπάγων
345 2076 541 2165 τὸπολλὸν,
556 2080 613 2167 έμέ
625 2082 665 2149 δέ
675 2100 729 2150 σοι
742 2077 804 2168 χρή
819 2076 1030 2167 τὴνἙλλάδα
1044 2106 1110 2146 πα·
1132 2135 1137 2144 ,

107 2187 241 2261 ρασηεῖν
261 2178 533 2265 δεδουλωμένην,
553 2179 732 2266 τριήκοντα
746 2177 912 2264 μυριάδας
932 2186 994 2248 τοῦ
1008 2197 1110 2265 στρα-

4 2362 6 2369 y
106 2279 167 2340 τοῦ
183 2270 440 2359 ἀπολεξάμενον.
466 2281 577 2342 Ταῦτα
589 2274 736 2355 ἀκούσας
747 2275 871 2362 Ξέρξης
888 2272 933 2353 ὡς
945 2278 981 2343 έκ
996 2280 1110 2342 κακῶν
1126 2287 1173 2341 101

106 2372 206 2459 ἐχάρη
222 2398 258 2440 τε
272 2376 328 2441 καί
340 2371 450 2460 ἥσθη,
473 2371 558 2460 πρδς
572 2375 774 2461 Μαρδόνιόν
788 2401 823 2443 τε
839 2376 1109 2462 βουλευσάμενος

4 2490 5 2569 I
106 2476 171 2556 έφη
180 2467 442 2557 ὑποκρινέεσθαι
453 2469 614 2559 ὁκότερον
623 2474 900 2561 ποιήσειτούτων.
915 2473 960 2554 ὡς
970 2476 1006 2544 δὲ
1014 2478 1106 2562 έβον-

105 2569 221 2638 λεύετο
237 2567 306 2655 ἅμα
316 2577 475 2657 Περσέων
489 2585 575 2641 τοῖσι
586 2573 800 2660 έπικλήτοισι,
817 2576 911 2653 ἔδοξέ
920 2578 955 2642 ολ
965 2574 1021 2642 καὶ
1031 2571 1107 2661 Ἀρ-

105 2671 255 2751 τεμισίην
275 2667 308 2744 ές
322 2674 532 2756 συμβουλίην
551 2674 845 2755 μεταπέμψασθαι,
871 2669 923 2737 ὅτι
943 2670 1108 2757 πρότερον

106 2768 261 2850 έφαίνετο
274 2765 384 2851 μούνη
399 2769 542 2835 νοέουσα
553 2765 594 2835 τά
605 2770 741 2854 ποιητέα
755 2759 808 2853 ήν.
832 2764 876 2847 ὡς
889 2768 926 2836 δέ
937 2765 1071 2837 ἀπίκετο
1083 2765 1106 2854 ἡ
1168 2834 1171 2838 ,

102 2865 303 2951 Ἀρτεμισίη,
327 2868 614 2954 μεταστησάμενος
627 2864 705 2946 τούς
721 2865 858 2953 ἄλλους,
878 2866 958 2947 τούς
971 2893 1007 2935 τε
1021 2888 1108 2955 συμ-

4 2982 6 3007 ι
105 2962 252 3053 βούλονς
269 2964 429 3048 Περσέων
449 2967 505 3032 καλ
526 2962 605 3044 τούς
625 2963 855 3051 δορυφόρους,
877 2968 964 3045 ἔλεξε
984 2968 1107 3051 ,Ξέρξης

4 3088 7 3151 ῑ,
104 3061 200 3130 τάδε·
229 3058 369 3128 Κελεύει
381 3087 423 3147 με
436 3064 634 3148 Μαρδόνιος
646 3065 792 3150 μένοντα
807 3061 914 3133 αύτοῦ
926 3071 1108 3150 πειρᾶσθαι

4 3160 5 3169 ’
103 3166 162 3245 τῆς
174 3158 456 3246 Πελοποννήσου,
473 3160 583 3248 λέγων
601 3161 645 3241 άς
658 3189 714 3249 μοι
724 3162 854 3249 Πέρσαι
864 3188 899 3230 τε
912 3159 997 3231 καλὸ
1012 3159 1107 3242 πεζὸς

4 3328 5 3331 ρ
103 3253 243 3341 στρατὸς
258 3251 398 3336 ούδενός
415 3266 574 3344 μεταίτιοι
594 3257 723 3340 πάθεάς
740 3266 820 3345 είσι,
842 3256 926 3328 άλλά
939 3258 1106 3345 βουλομέ-

103 3362 196 3423 νοισί
208 3374 269 3441 σφι
285 3354 412 3440 γένοιτ’
431 3352 475 3425 ἂν
491 3356 654 3439 άπάδεξις.
678 3358 734 3446 έμέ
749 3351 798 3425 dv
814 3353 837 3444 ή
858 3364 963 3425 ταῦτα
976 3357 1105 3426 κελεύει

102 3455 245 3537 ποιέειν,
261 3448 396 3538 ήαύτδς
412 3455 523 3525 έθέλει
534 3455 712 3544 τριήκοντα
723 3456 888 3542 μυριάδας
902 3452 1107 3535 ἀπολεξάμε-
