2618 3928
175 190 235 255 142
548 189 800 246 HERODOTI

173 350 309 422 Πόντου
319 356 390 431 ἐξω.
402 349 554 418 ταῦταδέ
560 346 1185 436 ποιήσαντεςκατέτεινονέκγήςστρε-

174 440 333 539 βλούντες
348 444 457 516 ὄνοισι
467 453 632 529 ξυλίνοισι
644 472 685 513 τα
673 442 794 530 όπλα,
810 442 922 515 υύκέτι
931 448 1031 533 χωρίς
1043 443 1186 532 ἑκάτερα

174 549 347 633 τάξαντες,
363 544 448 616 ἀλλὰ
463 545 526 615 δύο
540 545 603 633 μὲν
614 552 813 614 λευκολίνου
824 547 1026 665 δασάμενοι
1022 548 1056 625 ἐς
1070 545 1186 614 ἐκατέ-
1271 570 1272 649 η

175 671 256 732 ρην,
270 643 462 732 τέσσεραδέ
475 649 544 712 ’τόν
560 648 742 731 βυβλίνων.
766 643 914 730 παχύτης
927 633 1026 730 μέν
1002 638 1082 731 ηνή
1099 638 1184 726 αύτή
1272 692 1273 715 ,

175 747 231 814 καὶ
246 740 410 831 καλλονη,
431 738 514 811 κατὰ
535 742 640 828 λόγον
655 734 728 810 δέ
705 767 752 827 ην
768 737 1060 830 ἐμβριθέστερα
1023 766 1065 808 τα
1078 746 1185 825 λίνεα,

176 871 237 914 του
222 839 568 930 τόλαντονὸπῆχυς
579 836 676 910 εἷλκε.
699 838 812 927 ἐπειδή
824 841 861 910 δέ
871 839 1075 928 ἐγεφυρώθη
1089 835 1166 907 δ
1120 861 1185 906 πο-

176 969 245 1029 ρος,
259 940 408 1030 κορμούς
419 941 531 1023 ξύλων
541 946 804 1028 καταπρίσαντες
814 940 870 1008 καί
880 939 1079 1027 ποιήσαντες
1089 944 1186 1014 ἴσους

176 1051 234 1130 τῆς
248 1048 378 1131 σχεδίης
397 1051 443 1135 τῷ
460 1042 553 1132 εύρελ
565 1044 680 1135 κόσμφ
695 1045 894 1111 ἐπετίθεσαν
907 1042 1100 1129 κατύπερθε
1116 1047 1186 1110 τῶν

177 1145 293 1215 ὅπλων
305 1152 367 1214 τού
383 1145 503 1234 τόνου,
519 1149 637 1224 θέντες
652 1144 689 1212 δέ
705 1145 819 1231 ἐπεξῆς
833 1145 983 1212 ἐνθαῦτα
999 1135 1094 1222 αύτις
1107 1145 1186 1211 ἐπε-

178 1246 349 1333 ζεύγνυον.
366 1244 565 1332 ποιήσαντες
575 1244 612 1313 δέ
621 1250 726 1312 ταῦτα
736 1240 824 1329 ύλην
834 1241 1058 1330 ἐπεφόρησαν,
1069 1241 1185 1331 κόσμφ

177 1348 214 1415 δέ
227 1346 346 1424 θέντες
361 1347 418 1413 καὶ
431 1342 494 1432 τήν
507 1342 596 1431 ύλην
610 1347 676 1429 γῆν
690 1340 921 1428 ἐπεφόρησαν,
941 1339 1185 1420 κατανάξαντες

177 1444 213 1510 δέ
224 1437 591 1528 καὶτήνγήνφραγμδν
602 1446 812 1527 παρείρυσαν
822 1438 1116 1524 ἐνθενκαὶένθεν,
1126 1439 1185 1504 ἵνα
1232 1433 1241 1453 ’

176 1542 220 1624 μή
234 1539 394 1623 φοβέηται
409 1534 449 1604 τὰ
461 1533 626 1622 ὑποζύγια
637 1533 701 1624 τήν
710 1535 890 1605 θάλασσαν
899 1533 1120 1626 ὑπερορῶντα
1129 1539 1186 1605 καὶ

129 1648 160 1703 λλ
177 1639 210 1704 ολ
223 1635 330 1701 ἵπποι.
359 1630 418 1714 Ὡς
432 1634 469 1702 δέ
488 1633 530 1701 τό
543 1660 580 1702 τε
593 1640 663 1702 τόν
676 1637 855 1724 γεφυρέων
871 1634 1114 1705 κατεσκεύαστο
1128 1635 1187 1702 καὶ

177 1731 216 1801 τὰ
233 1734 310 1818 περὶ
324 1730 518 1821 τόνΐίθων,
535 1737 569 1801 οἳ
581 1759 616 1801 τε
626 1736 719 1820 χυτοὶ
733 1731 859 1822 περὶτὰ
874 1736 1020 1823 στόματα
1030 1741 1089 1824 τῆς
1101 1733 1185 1802 διό·

177 1857 288 1919 ρνχος,
304 1838 405 1920 οἳτῆς
414 1834 527 1922 ῥηχίης
541 1835 671 1901 εἵνεκεν
680 1835 900 1922 ἐποιήθησαν,
912 1838 969 1902 ἵνα
979 1833 1024 1922 μή
1037 1833 1185 1918 πιμπλῇ-

177 1959 230 2000 ται
246 1930 287 2001 τὰ
301 1933 447 2019 στόματα
462 1939 524 2002 τοῦ
539 1931 740 2023 ὀρύγματος,
754 1939 810 2005 καί
824 1933 907 2023 αύτή
921 1934 943 2024 ή
959 1940 1083 2023 διῶρυξ
1096 1957 1185 2002 παν-

178 2033 295 2110 τελέως
311 2034 517 2119 πεποιημένη
533 2029 721 2120 ήγγέλλετο,
739 2034 889 2101 ἐνθαῦτα
902 2040 1099 2122 χειμερίσας,
1115 2030 1186 2118 ἅμα

177 2134 223 2218 τῷ
238 2133 312 2215 ἐαρι
322 2132 634 2216 παρεσκευασμένος
645 2128 664 2198 ὁ
675 2128 861 2218 στρατὸςέκ
872 2137 1105 2221 τύνΣαρδίων
1117 2129 1187 2216 ὡρ-

177 2232 260 2313 μᾶτο
275 2228 361 2294 ἐλῶν
375 2224 572 2314 ἐςἌβυδον
597 2224 782 2319 ὡρμημένην
799 2232 839 2298 δέ
853 2234 888 2299 ol
900 2227 919 2299 ὁ
930 2229 1024 2319 ἥλιος
1039 2227 1186 2301 ἐκλιπών

177 2323 239 2412 τήν
253 2326 290 2393 ἐκ
307 2330 368 2391 τοῦ
389 2322 541 2412 ούρανον
525 2322 699 2411 Ηέδρην
679 2325 812 2414 αφανής
826 2321 871 2415 ήν
884 2326 947 2397 ούτ
949 2326 1187 2416 ’ἐπινεφέλων

177 2424 303 2493 ἐόντων
315 2428 450 2510 αίθρίης
461 2448 497 2491 τε
511 2449 552 2492 τα
569 2425 728 2511 μα’λιστα,
750 2423 824 2495 ἀντὶ
842 2423 967 2518 ήμέρης
985 2454 1022 2496 τε
1034 2425 1080 2495 νύ
1081 2430 1187 2513 ξέγέ-

178 2547 264 2590 νετο.
280 2520 386 2590 ἰδόντι
399 2521 435 2590 δέ
447 2524 502 2592 καὶ
513 2523 659 2609 μαθοντι
669 2548 768 2593 τουτο
780 2550 826 2616 τφ
812 2528 941 2615 Ξέρξη
952 2528 1066 2612 ἐπιμελ
1068 2516 1187 2610 ἐςέγό-

178 2649 271 2710 νετο,
295 2624 350 2691 καλ
365 2631 470 2711 ελρετο
487 2649 567 2704 τους
581 2622 727 2712 μάγους,
748 2651 786 2692 το
775 2592 914 2694 ἐθέλοι
927 2633 1129 2714 προφαίνειν
1145 2621 1184 2693 τό

178 2724 304 2809 φάσμα.
334 2726 368 2790 ol
380 2722 416 2791 δὲ
433 2729 595 2812 ἐφραζου,
620 2719 665 2801 ὡς
678 2720 814 2810 Ἕλλησι
834 2725 1049 2809 προδεικνύει
1070 2721 1186 2803 ὁθεός

178 2827 327 2901 ἔκλειψιν
337 2826 406 2888 τόν
416 2821 712 2908 πολίων,λέγοντες
721 2817 819 2906 ήλιον
830 2818 1088 2909 εἶναιἙλλήυων
1099 2846 1186 2905 προ-

178 2919 334 3004 δέκτορα,
349 2917 494 3005 σελήνην
506 2918 542 2986 δὲ
552 2918 676 3004 σφέων.
698 2917 894 3005 πυθόμενος
905 2921 942 2988 δέ
951 2928 1056 2989 ταῦτα
1070 2919 1185 3001 63³0-

128 3031 163 3088 88
180 3019 237 3102 ξης
251 3014 429 3103 περιχαρής
443 3013 509 3083 ἐιδν
523 3017 668 3084 ἐποιέετο
682 3013 745 3102 τήν
760 3021 882 3085 έλασιν.
907 3012 966 3096 Ὡς
977 3014 1009 3085 δ’
1024 3017 1185 3105 ἐξήλαυνε

176 3111 238 3200 τήν
253 3112 428 3201 στρατιήν,
443 3114 577 3193 Πύθιος
591 3110 609 3181 ὁ
621 3112 734 3193 Λυδός
747 3114 1006 3204 καταρρωδήσας
1019 3112 1056 3184 τό
1072 3117 1109 3182 ἐκ
1122 3119 1186 3181 τοῦ

178 3208 328 3296 ούρανοῦ
339 3212 457 3297 φύσμα
468 3214 645 3299 ἐπαερθείς
657 3238 694 3279 τε
707 3225 792 3281 τοίσι
808 3213 981 3303 δωρήμασι
991 3208 1104 3282 ἐλθόν
1118 3233 1184 3278 πα-

179 3304 221 3389 ρὰ
236 3309 358 3392 Ξέρξεα
373 3312 465 3393 ἐλεγε
478 3309 574 3377 τάδε·
592 3303 632 3377 Ὦ
646 3313 806 3399 δέσποτα,
821 3318 959 3400 χρηίσας
972 3310 1016 3379 όν
1029 3336 1088 3380 τεν
1098 3316 1185 3398 βον-

177 3412 297 3491 λοίμην
314 3419 442 3491 τυχελν,
459 3404 497 3474 τό
511 3412 564 3476 σοὶ
574 3409 634 3493 μὲν
648 3409 798 3496 ἐλαφρόν
807 3410 965 3497 τυγχάνει
979 3408 1037 3478 ἐόν
1051 3406 1186 3492 ὑπουρ-
