2562 3926
235 223 297 293 194
621 231 873 289 HERODOTI

234 386 357 459 αὐτόθι
374 387 542 459 εἶναιτῶν
558 387 714 476 τεάρχήυ
729 385 790 457 τόν
810 388 1022 477 λαβύρινθον
1042 393 1163 458 τοῦτον
1184 389 1235 458 οἰ-

235 490 517 575 κοδομησαμένων
537 492 702 576 βασιλέων
724 490 780 557 καὶ
802 495 870 556 τῶν
892 493 978 576 ίρεῦν
998 492 1234 577 κροκοδείλων.

235 584 324 654 οὕτω
335 595 404 655 τῶν
417 587 479 674 μὲν
492 587 583 656 κάτω
594 589 669 674 πέρι
683 587 872 674 οἰκημάτων
887 583 971 676 άκοή
984 585 1235 674 παραλαβόντες

235 687 392 781 λέγομεν,
413 682 454 753 τά
472 684 509 752 δὲ
528 682 600 753 άνω
619 687 739 773 μέζονα
758 682 987 773 ἀνθρωπηίων
1008 692 1116 774 ἔργων
1139 681 1234 753 αὐτοὶ

235 780 392 869 ὡρέομευ.
415 785 453 850 αί
466 808 503 851 τε
514 780 581 870 γάρ
596 786 703 864 ἔξοδοι
720 780 776 851 διά
789 790 858 863 τῶν
872 786 1015 870 στεγέων
1029 787 1084 853 καί
1099 787 1133 852 οί
1151 786 1234 850 είλι-

234 884 312 968 γμοί
323 879 378 949 διά
389 888 457 949 τῶν
468 879 599 951 αὐλέων
612 881 724 967 ἐόντες
734 882 967 951 ποικιλώτατοι
984 883 1086 967 θῦμα
1109 876 1234 967 μυρίον

234 987 430 1069 παρείχοντο
448 984 481 1062 ἐξ
496 980 600 1068 αῦλής
614 1008 650 1050 τε
670 983 703 1061 ἐς
716 979 764 1049 τά
773 981 936 1069 οἰκήματα
952 985 1112 1061 διεξιοῦσι
1126 981 1180 1047 καὶ
1195 981 1233 1046 ἐκ

234 1086 302 1146 τῶν
317 1079 507 1166 οἰκημάτων
523 1083 556 1158 ές
570 1080 756 1166 παστάδας,
780 1082 814 1159 ές
829 1083 945 1166 στέγας
955 1104 990 1146 τε
1001 1076 1102 1156 ἄλλοις
1116 1079 1152 1145 έκ
1163 1081 1233 1142 τῶν

234 1177 413 1246 παστάδων
428 1181 482 1245 καί
497 1181 530 1256 ές
541 1175 645 1257 αόλάς
654 1176 756 1257 άλλας
770 1180 806 1246 έκ
819 1185 888 1247 τῶν
899 1177 1097 1265 οἰκημάτων.
1121 1172 1231 1262 ὀροφή

234 1275 270 1344 δὲ
290 1274 427 1343 πάντων
446 1276 576 1343 τούτων
599 1281 731 1363 λιθίνη,
762 1274 911 1364 κατάπερ
947 1278 982 1343 οἰ
998 1286 1117 1359 τοῖχοι,
1140 1276 1174 1339 oc
1196 1274 1233 1340 δὲ

234 1389 337 1462 τοῖχοι
363 1374 479 1443 τόπων
504 1375 781 1462 ἐγγεγλυμμένων
802 1376 913 1459 πλέοι,
931 1368 1026 1459 ,αὐλή
1050 1371 1087 1438 δε
1109 1369 1232 1458 ἑκάστη

235 1478 430 1560 περίστυλος
446 1479 547 1542 λίθου
564 1479 687 1541 λευκοῦ
704 1470 916 1561 ἁρμοσμένου
937 1467 976 1538 τά
993 1470 1142 1556 μάλιστα.
1173 1475 1234 1556 τῆς

235 1572 271 1637 δὲ
285 1575 408 1655 γωνίης
418 1567 648 1648 τελευτέοντος
660 1576 721 1637 τοῦ
735 1575 946 1657 λαβυρίνθου
967 1573 1071 1654 ἔχεται
1087 1570 1234 1655 πυραμίς

232 1666 606 1755 τεσσερακοντόργυιος,
634 1670 672 1735 έν
691 1675 732 1757 πή
756 1673 820 1758 ζῷα
845 1665 972 1752 μεγάλα
994 1667 1234 1753 ἐγγέγλυπται·

166 1790 216 1848 149
234 1760 313 1844 ὁδός
329 1761 361 1832 δ’
380 1766 413 1843 ές
425 1761 534 1851 αότήν
548 1762 614 1833 ὑπό
630 1772 695 1852 γήν
708 1770 891 1858 πεποίηται.
936 1770 1005 1832 Τοῦ
1019 1763 1056 1831 δὲ
1069 1769 1235 1851 λαβυρίν-

232 1876 303 1934 θου
318 1864 441 1933 τοῦτου
456 1863 736 1943 ἰόντοςτοιοότου
759 1868 861 1952 θῦμα
888 1867 935 1930 ἔτι
945 1866 1042 1949 μέζον
1055 1863 1235 1950 παρέχεται
1272 1924 1273 1941 ,

231 1961 254 2050 ή
267 1968 411 2050 Μοίριος
427 1965 611 2052 καλεομένη
626 1969 743 2051 λίμνη,
764 1958 844 2051 παρ’
858 1958 930 2048 ήνὸ
946 1960 1152 2049 λαβύρινθος
1169 1953 1235 2028 οῦ-

233 2086 290 2141 τος
310 2061 543 2149 οἰκοδόμηται,
565 2068 623 2148 τής
639 2057 676 2128 τό
698 2068 896 2148 περίμετρον
917 2065 974 2146 τής
990 2060 1150 2148 περιόδου
1169 2062 1235 2128 είσί
1271 2120 1272 2151 3

230 2158 362 2228 στάδιοι
379 2158 543 2239 ἑξακόσιοι
559 2161 614 2226 καί
627 2166 815 2247 τρισχίλιοι,
832 2163 974 2245 σχοίνων
985 2156 1235 2245 έξήκονταέόυ·
1271 2154 1272 2173 ’

231 2285 318 2345 των,
340 2268 407 2326 ίσοι
420 2260 475 2328 καί
488 2255 591 2345 αὐτῆς
601 2260 776 2344 Αἰγόπτου
789 2256 826 2327 τό
833 2254 927 2344 παρά
941 2257 1134 2327 θάλασσαν·
1156 2259 1235 2327 κέε-

231 2387 284 2429 ται
302 2360 338 2427 δὲ
354 2357 463 2445 μακρή
484 2357 506 2447 ή
524 2366 623 2447 λίμνη
639 2358 722 2445 πρός
736 2362 859 2448 βορέην
870 2384 907 2427 τε
920 2359 1105 2445 καίυότον,
1127 2358 1234 2425 ἐοῦσα
1270 2374 1271 2415 ἲ

227 2457 355 2544 βάθος,
376 2463 416 2544 τή
436 2457 609 2544 βαθυτάτη
631 2452 714 2543 αὐτή
737 2459 876 2542 ἑωυτής,
898 2455 1232 2544 πεντηκοντόργυιος.

228 2553 282 2623 ὅτι
296 2552 332 2623 δί
346 2555 571 2643 χειροποίητός
587 2558 655 2625 έστι
669 2557 724 2624 καί
735 2551 864 2642 ὀρυκτή
867 2606 878 2641 ,
894 2550 976 2643 αὐτή
989 2560 1092 2641 δηλοῖ.
1115 2557 1152 2623 έν
1162 2552 1233 2642 γάρ

229 2658 312 2744 μέση
331 2661 371 2744 τή
391 2661 491 2742 λίμνη
511 2650 654 2741 μάλιστά
673 2681 716 2742 κη
735 2657 845 2722 ἑστᾶσι
860 2654 924 2722 δόο
944 2657 1144 2741 πυραμίδες,
1166 2662 1232 2722 τοῦ

232 2750 350 2830 ὕδατος
371 2748 592 2840 ὑπερέχουσαι
611 2752 818 2839 πεντήκοντα
835 2748 974 2840 ὀργυιάς
994 2753 1150 2839 ἑκατέρη,
1173 2755 1232 2820 καὶ

228 2847 361 2918 τὸκατ’
384 2849 505 2930 ὕδατος
531 2852 744 2939 οἰκοδόμηται
765 2854 880 2938 ἕτερον
903 2858 1060 2940 τοσοῦτο,
1092 2855 1149 2921 καὶ
1172 2850 1230 2922 ἐπ’

227 2946 558 3038 άμφοτέρησιέπεστι
575 2947 735 3030 κολοσσός
744 2957 877 3030 λίθινος
890 2951 1074 3039 κατήμενος
1086 2952 1123 3020 έν
1138 2952 1236 3041 θρόέ

228 3071 286 3139 νη).
313 3045 401 3115 οὕτω
412 3054 453 3133 αί
459 3050 525 3136 μὲν
540 3053 726 3138 πυραμίδες
740 3052 802 3119 εἰσί
816 3048 934 3120 ἑκατόν
951 3047 1125 3141 ὀργυιέων,
1140 3056 1179 3122 αἰ
1193 3050 1229 3122 δ’
1267 3104 1268 3113 1

227 3143 346 3214 έκατδυ
360 3141 492 3232 ὀργυιαί
506 3152 633 3218 δίκαιαί
645 3154 709 3218 εἰσι
722 3148 860 3218 στάδιον
875 3149 1094 3240 ἑξάπλεθρον,
1110 3153 1232 3232 ἑξαπέ-

101 3284 107 3288 -
228 3246 291 3310 δον
304 3242 367 3329 μὲν
379 3251 437 3330 τής
453 3243 590 3334 ὀργυιῆς
606 3248 825 3336 μετρεομένης
841 3250 896 3317 καί
909 3248 1143 3337 τετραπήχεος,
1158 3256 1229 3319 τῶν

225 3345 341 3410 ποδῶν
357 3341 419 3430 μέν
433 3352 721 3430 τετραπαλαίστων
737 3347 878 3436 ἐόντων,
894 3355 955 3416 τοῦ
970 3345 1006 3415 δὲ
1017 3346 1136 3434 πήχεος
1152 3349 1229 3429 ἐξα·
1266 3340 1267 3343 “

226 3445 419 3513 παλαίστου.
440 3439 478 3512 τό
490 3437 526 3512 δέ
537 3442 630 3534 ῦδωρ
644 3441 680 3513 τό
694 3447 731 3514 έν
744 3453 785 3538 τῇ
796 3453 896 3537 λίμνη
907 3443 1076 3534 αῦτιγενὲς
1087 3445 1150 3532 μὲν
1164 3444 1226 3515 οῦκ
