2606 3920
334 257 419 312 LIB.
454 256 523 311 vl11.
554 252 652 312 cAP.
687 261 863 314 ονε-ων.
1036 249 1099 315 279

98 439 154 499 της
169 411 186 480 ὁ
204 411 414 496 Ἀρταχαίου·
447 416 592 495 συνῆρχε
612 408 648 476 δὲ
668 408 814 478 τούτοισι
830 416 884 480 καὶ
905 411 1105 498 ἀδελφιδέος
1212 398 1216 403 ’

9 542 10 579 ς
96 509 202 579 αὐτοῦ
213 509 419 597 Ἀρταΰντεω
434 509 683 593 προσελομένου
695 505 889 595 Ἰθαμίτρης·
913 509 970 577 άτε
986 515 1022 578 δέ
1038 538 1098 597 με-

95 611 206 697 γάλως
220 614 416 696 πληγέντες,
441 603 482 673 ού
497 607 664 692 προήισαν
679 603 835 694 ἀνωτέρω
849 605 885 676 τὸ
903 605 988 695 πρὸς
1003 610 1099 675 ἑσπέ-

96 739 172 799 ρης,
190 708 264 777 οὐδ’
284 708 489 795 ἐπηνάγκαζε
504 703 583 773 οὐδὲ
600 702 662 791 εἷς,
677 703 751 774 ἀλλ’
769 708 806 773 ἐν
820 714 860 796 τῇ
876 707 982 798 Σάμῳ
997 707 1099 792 κατή-

9 864 11 889 ,
96 836 193 898 μενοι
213 807 405 894 ἐφύλασσον
422 802 484 893 τήν
499 800 627 889 Ἰωνίην
647 801 691 890 μή
710 801 853 894 ἀποστῇ,
874 808 951 882 νέας
971 810 1099 890 ἔχοντες

97 911 162 981 σύν
173 917 246 999 τῇσι
254 907 333 976 Ἰάσι
344 912 541 995 τριηκοσίας.
555 904 596 972 ού
607 907 669 990 μὲν
678 902 757 971 οὐδὲ
769 909 1010 988 προσεδέκοντο
1020 901 1100 983 τοὺς

100 1013 259 1099 ’Έλληνας
271 1010 468 1078 ἐλεύσεσθαι
480 1009 513 1086 ές
523 1004 585 1092 τήν
594 1003 732 1091 Ἰωνίην,
745 1002 818 1072 ἀλλ’
827 1001 1028 1090 ἀποχρήσειν
1039 1023 1100 1089 σφι

97 1111 159 1199 τήν
179 1113 314 1178 ἑωυτῶν
334 1108 537 1194 φυλάσσειν,
565 1105 813 1191 σταθμεύμενοι
835 1101 886 1170 ὅτι
909 1105 1012 1188 σφέας
1037 1100 1100 1171 ούκ

97 1213 278 1290 ἐπεδίωξαν
290 1209 477 1294 φεύγοντας
487 1208 524 1273 ἐκ
535 1212 737 1289 Σαλαμῖνος,
755 1199 828 1270 ἀλλ’
842 1199 980 1286 ἀσμενοι
991 1197 1100 1268 άπαλ-

9 1356 11 1359 -
96 1311 270 1380 λάσσοντο.
294 1305 376 1374 κατὰ
392 1309 454 1392 μέν
468 1330 534 1372 νυν
548 1300 610 1389 τήν
623 1303 800 1370 θάλασσαν
816 1304 995 1386 ἑσσωμένοι
1011 1294 1099 1387 ἦσαν

99 1414 142 1496 τῷ
158 1412 277 1495 θυμῷ,
295 1409 374 1492 πεζή
389 1405 425 1472 δὲ
441 1402 580 1471 ἐδόκεον
593 1397 720 1468 πολλὸν
737 1398 915 1485 κρατήσειν
925 1397 985 1467 τὸν
996 1407 1099 1486 Μαρ-

96 1506 223 1574 δόνιον.
253 1502 363 1581 ἐόντες
378 1503 414 1570 δὲ
429 1504 467 1570 έν
481 1501 588 1590 Σάμφ
606 1498 674 1584 ἅμα
688 1499 750 1585 μέν
764 1498 1002 1585 ἐβουλεύοντο,
1024 1507 1058 1566 εί
1067 1525 1099 1566 τι

9 1678 10 1681 ¹
97 1607 256 1670 δυναίατο
271 1597 377 1669 κακόν
387 1596 467 1678 τούς
477 1604 657 1685 πολεμίους
666 1599 802 1682 ποιέειν,
817 1595 885 1682 ἅμα
900 1595 935 1664 δὲ
947 1600 1001 1665 καὶ
1013 1594 1100 1664 ὠτα-

9 1734 11 1777 3
97 1699 270 1785 κούστεον,
286 1696 348 1787 ύκη
363 1699 513 1766 πεσέεται
529 1692 569 1763 τά
584 1698 785 1779 Μαρδονίου
798 1696 983 1782 πρήγματα.
1013 1694 1101 1774 Τούς
1117 1706 1164 1760 131

9 1782 11 1893 f
97 1800 134 1869 δὲ
145 1799 307 1885 Ἕλληνας
321 1799 411 1875 τότε
431 1804 489 1885 ἔαρ
507 1796 688 1884 γινόμενον
702 1795 813 1884 ήγειρε
833 1803 888 1866 καί
902 1796 1099 1884 Μαρδόνιος

9 1904 11 1989 ζ
97 1905 135 1970 έν
150 1907 315 1988 Θεσσαλίη
332 1899 407 1967 έύν.
431 1897 523 1986 ὁμὲν
538 1896 578 1986 δή
591 1896 687 1980 πεζὸς
702 1897 792 1967 ούκω
807 1902 1012 1985 συνελέγετο,
1028 1898 1046 1968 ὁ
1063 1900 1099 1966 δὲ

9 1996 11 2023 ³
56 2032 60 2043 “
97 2000 255 2079 ναυτικὸς
265 1999 399 2068 ἀπίκετο
411 2004 444 2079 ές
454 2008 610 2087 Αίγιναν,
622 2003 694 2078 νέες
705 1996 854 2084 ἀριθμὸν
865 2000 944 2067 δέκα
955 2002 1011 2067 καὶ
1022 2002 1099 2067 ἕκα-

9 2170 10 2175 ,
99 2101 166 2169 τόν.
197 2094 378 2185 στρατηγὸς
395 2101 431 2165 δὲ
448 2102 503 2165 καὶ
520 2097 686 2183 ναύαρχος
707 2089 751 2183 ήν
764 2101 968 2184 Λευτυχίδης
990 2094 1099 2162 &Me-

9 2196 10 2215 Ἰ
99 2199 217 2286 νάρεος
236 2204 297 2265 τοῦ
311 2194 494 2283 Ἡγησίλεω
514 2203 575 2264 τοῦ
590 2194 846 2282 Ἱπποκρατίδεω
863 2200 924 2261 τοῦ
937 2201 1099 2279 Λευτυχί-

98 2299 163 2362 δεω
182 2300 243 2361 τοῦ
262 2291 437 2372 Ἀναξίλεω
455 2299 516 2359 τοῦ
537 2288 735 2377 Ἀρχιδήμου
757 2297 818 2359 τοῦ
838 2287 1099 2377 Ἀναξανδρίδεω
1191 2314 1193 2319 ·

9 2392 10 2423 ³
97 2389 376 2478 ποῦ’Θεοπόμπου
396 2397 456 2458 τοῦ
470 2390 669 2475 Νικάνδρου
690 2396 749 2456 τοῦ
763 2396 932 2477 Χαρίλλου
951 2397 1012 2457 τοῦ
1028 2385 1099 2457 Εύ-

100 2488 205 2574 νόμου
216 2494 277 2555 τοῦ
287 2488 514 2566 Πολυδέκτεος
525 2493 587 2555 τοῦ
597 2488 788 2574 Πρυτάνιος
799 2495 859 2555 τοῦ
869 2486 1099 2575 Εὐρυφῶντος

96 2593 158 2654 τοῦ
177 2588 347 2671 Προκλέος
368 2592 428 2651 τοῦ
445 2583 683 2673 Ἀριστοδήμου
705 2591 766 2652 τοῦ
784 2583 1022 2674 Ἀριστομάχου
1038 2592 1098 2652 τοῦ

9 2732 10 2783 ,
96 2687 284 2753 Κλεοδαίου
294 2689 355 2750 τοῦ
362 2681 483 2753 Ὕλλον
498 2691 558 2753 τοῦ
567 2682 758 2769 Ἡρακλέος,
773 2683 838 2752 εἰδν
853 2693 909 2772 τής
924 2689 1035 2772 ἑτέρης
1049 2690 1099 2752 οί-

97 2789 169 2867 κίης
183 2786 250 2847 των
266 2785 440 2868 βασιλέων.
471 2776 565 2851 οὗτοι
582 2782 721 2867 πάντες,
741 2779 829 2868 πλὴν
844 2790 911 2849 τῶν
924 2788 1018 2850 δυῶν
1031 2790 1099 2851 τῶν

97 2876 178 2966 μετὰ
194 2883 402 2965 Λευτυχίδην
416 2881 560 2968 πρώτων
576 2881 862 2965 καταλεχθέντων,
878 2884 912 2947 οί
927 2879 1020 2950 ἀλλον
1036 2888 1099 2968 βα-

9 2982 10 3003 *
96 2977 202 3054 σιλέες
214 2976 367 3062 ἐγένοντο
375 2980 542 3066 Σπάρτης.
563 2977 752 3065 Ἀθηναίων
764 2981 799 3047 δὲ
810 2979 1003 3067 ἐστρατήγεε
1009 2976 1099 3057 Ξάν-

9 3122 10 3167 3
95 3085 222 3153 θιππος
234 3071 251 3142 ὁ
264 3071 469 3163 Ἀρίφρονος.
486 3076 544 3156 Ὡς
556 3079 592 3145 δέ
604 3081 826 3163 παρεγένοντο
838 3080 871 3157 ἐς
881 3076 943 3166 τήν
955 3085 1098 3164 Αίγιναν
1121 3088 1168 3141 132

95 3182 198 3243 πᾶσαι
216 3179 252 3242 αι’
261 3180 343 3262 νέες,
358 3174 517 3246 ἀπίκοντο
529 3174 652 3244 Ἰάνων
667 3172 801 3263 ἀγγελοι
817 3177 850 3254 ές
864 3174 900 3244 τδ
917 3176 1098 3259 στρατόπε-

9 3312 10 3315 “
96 3283 157 3345 δον
172 3282 240 3344 τῶν
256 3273 442 3364 Ἑλλήνων,
463 3283 498 3345 οἳ
514 3278 569 3344 καὶ
590 3275 622 3353 ἐς
637 3274 799 3361 Σπάρτην
819 3273 919 3367 ὀλίγην
934 3275 1098 3362 πρότερον

97 3373 225 3441 τούτων
239 3370 438 3461 ἀπικόμενοι
453 3376 585 3444 ἐδέοντο
600 3378 874 3459 Λακεδαιμονίων
893 3376 1098 3459 ἐλευθεροῦν

9 3516 10 3529 ι
97 3469 156 3544 τὴν
168 3468 313 3557 Ἰωνίην·
331 3480 399 3540 τοῖν
410 3470 678 3558 καίἩράδοτοςὸ
694 3477 896 3557 Βασιληίδεω
908 3464 959 3556 ήν.
977 3478 1011 3537 οἳ
1019 3490 1098 3535 στα·
