2606 3920
337 235 421 290 ΗΒ.
454 236 513 290 Vll.
547 236 645 293 οΑΡ.
680 246 851 304 161-166.
1037 249 1097 314 193

91 417 191 480 μενος
207 384 298 478 παρά
312 390 437 478 πατρὸς
450 390 512 480 τήν
525 401 710 478 τυραννίδα
721 401 831 489 Κῴων
847 397 886 473 εύ
899 414 1095 500 βεβηκυῖαν,

91 489 178 558 έκύν
191 515 226 557 τε
241 486 326 559 εἶναι
339 491 395 559 καὶ
406 495 522 560 δεινοῦ
536 490 687 573 ἐπιόντος
699 494 850 588 ούδενὸς,
872 501 947 574 ἀλλ’
963 506 1028 576 ἀπὸ
1042 515 1094 579 (ὴ.

90 588 290 675 καιοσύνης,
313 591 347 668 ἐς
359 593 463 676 μέσον
476 589 604 680 Κῴοισι
619 599 775 676 καταθεὶς
792 597 852 685 τήν
868 599 974 691 ἀρχὴν
989 617 1094 695 οίχετο

90 689 124 765 ές
137 693 316 774 Σικελίην,
341 693 427 757 ἔνθα
446 687 527 775 μετά
543 697 684 777 Σαμίων
703 699 777 781 ἔσχε
793 722 829 765 τε
849 706 905 770 καλ
919 712 1095 793 κατοίκησε

89 783 191 853 πόλιν
203 785 360 871 Ζάγκλην
380 783 442 873 τήν
456 790 489 866 ἐς
502 790 689 878 Μεσσήνην
706 803 960 882 μεταβαλοῦσαν
977 801 1014 871 τὸ
1033 803 1094 872 οὕ-

89 908 186 969 νομα.
202 889 323 950 τούτου
335 883 375 971 δή
387 881 405 952 ὁ
417 890 532 953 Γέλων
542 884 603 954 τὸν
612 889 752 975 Κάδμον
763 897 818 961 καὶ
828 896 970 991 τοιούτῳ
980 901 1093 993 τρόπω

89 979 295 1067 ἀπικόμενον
310 981 364 1051 διά
380 984 615 1073 δικαιοσύνην,
630 988 693 1075 τήν
707 996 741 1058 οί
753 990 854 1073 αύτὸς
868 993 974 1084 ἀλλην
988 1003 1093 1092 συνή-

6 1074 8 1115 ³
89 1083 145 1148 δεε
159 1082 298 1166 έοῦσαν,
316 1086 455 1169 ἔπεμπε,
473 1080 509 1161 ὃς
524 1086 576 1151 ἐπὶ
589 1100 674 1154 τοῖσι
689 1084 819 1158 ἀλλοισι
835 1096 992 1163 δικαίοισι
1008 1112 1093 1167 τοῖσι

88 1181 121 1259 ἐξ
135 1182 263 1247 ἑωυτοῦ
279 1180 511 1266 ἐργασμένοισι
528 1185 587 1250 καλ
598 1183 674 1251 τόδε
696 1184 758 1253 ούκ
775 1188 947 1276 ἐλάχιστον
962 1196 1093 1264 τούτων

88 1280 232 1346 ἐλίπετο·
255 1275 420 1364 κρατήσας
435 1276 501 1367 γάρ
517 1281 672 1368 μεγάλων
685 1285 880 1378 χρημάτων,
897 1300 965 1361 τῶν
981 1301 1014 1364 οί
1029 1300 1092 1364 Γέ-

86 1386 157 1446 λων
172 1375 382 1465 ἐπετράπετο,
397 1376 526 1467 παρεὸν
537 1386 760 1470 κατασχέσθαι
772 1387 834 1457 ούκ
844 1387 1000 1485 ήθέλησε,
1014 1395 1088 1466 ἀλλ’

6 1488 8 1497 ’
87 1480 157 1546 ἐπεὶ
176 1481 211 1545 οί
223 1475 379 1565 Ἕλληνες
399 1475 626 1567 ἐπεκράτησαν
649 1492 688 1571 τῇ
709 1496 876 1578 ναυμαχίη
896 1493 950 1561 καλ
968 1496 1090 1584 Ξέρξης

87 1578 222 1664 οίχύκεε
237 1575 453 1667 ἀπελαύνων,
476 1583 531 1648 καλ
552 1577 593 1668 δή
610 1584 665 1649 καὶ
679 1585 803 1664 ἐκεῖνος
821 1584 956 1658 ἀπίκετο
979 1595 1011 1672 ές
1028 1593 1090 1682 τήν

6 1706 8 1727 ÷
86 1683 245 1764 Σικελίην
260 1675 391 1747 ἅπαντα
401 1677 448 1748 τά
453 1679 603 1768 χρήματα
619 1678 721 1768 ἀγων.
746 1687 886 1769 Λέγεται
901 1693 936 1758 δὲ
948 1695 1002 1760 καλ
1013 1693 1091 1762 τάδε
1110 1711 1156 1766 165

85 1771 152 1841 ὑπὸ
167 1781 235 1841 τῶν
247 1776 284 1842 ἐν
294 1780 433 1866 Σικελίη
448 1779 646 1865 οίκημένων,
663 1777 709 1858 ὡς
720 1778 810 1866 ὅμως
822 1787 876 1852 καλ
887 1792 1017 1872 μέλλων
1028 1788 1089 1876 ἀρ-

84 1881 203 1956 χεσθαι
217 1868 284 1938 ὑπὸ
299 1878 575 1961 Λακεδαιμονίων
595 1873 614 1944 ὁ
629 1880 745 1946 Γέλων
767 1880 933 1969 ἐβοήθησε
947 1882 990 1953 ἀν
1005 1902 1089 1956 τοῖσι

6 1956 9 1985 ⁵
86 1964 231 2055 Ἕλλησι,
245 1973 276 2036 εί
284 1966 328 2056 μή
341 1967 408 2037 ὑπὸ
422 1971 583 2057 Θήρωνος
593 1979 655 2065 τοῦ
661 1978 894 2065 Αἰνησιδήμου
906 1979 1089 2070 ’.ίκραγαν-

83 2073 187 2134 τίνων
200 2064 395 2153 μουνάρχου
414 2069 581 2150 ἐξελαθείς
594 2073 627 2152 ἐξ
643 2069 770 2162 Ἱμέρης
791 2076 951 2163 Τήριλλος
967 2078 984 2149 ὁ
1003 2089 1089 2170 Κρι-

85 2172 210 2235 νίππου
223 2164 389 2252 τύραννος
404 2163 471 2235 ἐάν
479 2165 606 2257 Ἱμέρης
622 2173 723 2258 ἐπήγε
738 2170 798 2240 ὑπ’
816 2172 922 2244 αὐτὸν
935 2176 995 2246 τὸν
1008 2180 1089 2266 χρό-

84 2290 146 2332 νον
156 2270 277 2333 τοῦτον
285 2271 455 2334 Φοινίκων
464 2268 664 2354 καλΛιβύων
674 2274 729 2340 καί
740 2269 878 2361 Ἰβήρων
888 2279 1088 2364 καλΛιγύων

6 2356 8 2399 ³
82 2365 137 2433 καλ
154 2361 339 2434 Ἐλισύκων
359 2369 414 2434 καί
433 2370 634 2454 Σαρδονίων
655 2369 709 2437 καλ
725 2377 887 2454 Κυρνίων
907 2371 1086 2460 τριήκοντα

82 2462 247 2549 μυριάδας
262 2466 317 2531 καί
335 2461 521 2552 στρατηγὸν
536 2462 648 2534 αύτεδν
659 2464 817 2553 Ἀμίλκαν
830 2466 892 2538 τόν
903 2469 1084 2557 Ἄννωνος,

81 2565 324 2648 Καρχηδονίων
334 2562 431 2631 ἐόντα
442 2567 590 2651 βασιλέα,
606 2562 690 2633 κατά
702 2570 827 2654 ξεινίην
838 2595 874 2637 τε
883 2568 946 2657 τήν
957 2573 1085 2640 ε’ωυτοῦ

81 2659 99 2730 ὁ
119 2652 281 2746 Τήριλλος
294 2656 509 2748 ἀναγνώσας,
527 2665 582 2733 καλ
597 2663 739 2749 μάλιστα
755 2662 810 2732 διά
830 2662 892 2753 τήν
910 2665 1084 2750 Ἀναξίλεω

79 2767 142 2830 τοῦ
156 2764 329 2847 Κρητίνεω
345 2767 557 2849 προθυμίην,
580 2758 616 2841 ὃς
629 2761 760 2851 Ῥηγίου
783 2762 848 2834 ἐιδν
862 2769 1027 2857 τύραννος
1043 2773 1084 2842 τοὶ

80 2865 210 2932 ἑωυτοῦ
218 2859 318 2926 τέκνα
330 2856 411 2939 δούς
421 2856 570 2949 ὁμήρους
580 2859 715 2953 Ἀμίλκᾳ
731 2865 832 2952 ἐπῆγε
847 2868 899 2936 ἐπὶ
910 2866 972 2957 τήν
981 2880 1084 2940 Σικε-

6 3004 8 3067 ,
80 2966 156 3045 λίην
169 2958 341 3044 τιμωρέων
356 2964 401 3049 τῷ
420 2966 586 3051 πενθερῷ.
623 2966 790 3048 Τηρίλλου
804 2960 870 3052 γάρ
892 2963 956 3051 εἶχε
972 2972 1084 3054 θυγα-

6 3098 8 3101 -
80 3061 156 3145 τέρα
173 3053 383 3143 Ἀναξίλεως,
403 3063 444 3147 τῇ
458 3055 588 3144 οὔνομα
600 3052 645 3146 ἦν
659 3061 828 3146 Κυδίππη.
858 3058 947 3130 οὕτω
962 3062 1002 3151 δή
1020 3065 1083 3135 ούκ

6 3154 8 3281 ή
79 3150 153 3224 οἷόν
173 3179 209 3222 τε
233 3152 418 3241 γευόμενον
437 3160 596 3245 βοηθέειν
614 3156 675 3227 τὸν
695 3160 832 3228 Γέλωνα
853 3175 937 3231 τοῖσι
949 3159 1083 3250 Ἕλλησι

6 3284 8 3363 η
78 3252 287 3342 ἀποπέμπειν
302 3256 334 3334 ἐς
349 3254 508 3342 Δελφούς
524 3254 564 3323 τά
584 3258 742 3345 χρήματα.
776 3256 868 3344 Πρὸς
883 3260 919 3327 δέ
935 3264 991 3329 καλ
1004 3262 1083 3331 τάδε
1101 3280 1149 3336 166

6 3366 8 3461 Ι
78 3353 229 3437 λέγουσι,
254 3349 299 3430 ὡς
313 3356 438 3441 συνέβη
453 3360 511 3439 τῆς
531 3350 633 3442 αὐτῆς
649 3353 773 3444 ἡμέρης
789 3362 827 3424 ἐν
840 3383 876 3424 τε
889 3364 929 3447 τῇ
943 3366 1081 3449 Σικελίη

6 3466 8 3505 ²
77 3452 214 3519 Γέλωνα
224 3450 429 3598 καλΙίῖλήρωνα
441 3458 540 3518 νικᾶν
548 3450 705 3540 Ἀμίλκαν
715 3451 1015 3604 τὸυΚαρχηδιὲνιον
1026 3462 1081 3525 καί

162 3558 260 3597 HEROD.
307 3586 313 3598 .
