<?xml version="1.0" encoding="UTF-8"?>
<!DOCTYPE html PUBLIC "-//W3C//DTD XHTML 1.0 Transitional//EN"
    "http://www.w3.org/TR/xhtml1/DTD/xhtml1-transitional.dtd">
<html xmlns="http://www.w3.org/1999/xhtml" xml:lang="en" lang="en">
 <head>
  <title>
</title>
<meta http-equiv="Content-Type" content="text/html;charset=utf-8" />
  <meta name='ocr-system' content='tesseract 3.04.00' />
  <meta name='ocr-capabilities' content='ocr_page ocr_carea ocr_par ocr_line ocrx_word'/>
</head>
<body>
  <div class='ocr_page' id='page_1' title='image "./historiarumlibr03herogoog_0690.png"; bbox 0 0 2606 3920; ppageno 0'>
   <div class='ocr_carea' id='block_1_1' title="bbox 333 270 1101 333">
    <p class='ocr_par' dir='ltr' id='par_1_1' title="bbox 333 270 1101 333">
     <span class='ocr_line' id='line_1_1' title="bbox 333 270 1101 333; baseline 0.004 -3"><span class='ocrx_word' id='word_1_1' title='bbox 333 275 419 331; x_wconf 71' lang='grc' dir='ltr'><strong><em>ΜΒ.</em></strong></span> <span class='ocrx_word' id='word_1_2' title='bbox 453 274 524 330; x_wconf 87' lang='lat' dir='ltr'><strong>VIII.</strong></span> <span class='ocrx_word' id='word_1_3' title='bbox 558 273 657 330; x_wconf 83' lang='lat' dir='ltr'><strong>CAP.</strong></span> <span class='ocrx_word' id='word_1_4' title='bbox 692 279 865 333; x_wconf 81' lang='lat'><strong>113-117.</strong></span> <span class='ocrx_word' id='word_1_5' title='bbox 1040 270 1101 333; x_wconf 76' lang='lat'><strong><em>273</em></strong></span> 
     </span>
    </p>
   </div>
   <div class='ocr_carea' id='block_1_2' title="bbox 8 429 1161 3478">
    <p class='ocr_par' dir='ltr' id='par_1_2' title="bbox 8 429 1161 3478">
     <span class='ocr_line' id='line_1_2' title="bbox 95 429 1103 518; baseline 0.001 -17"><span class='ocrx_word' id='word_1_6' title='bbox 95 432 180 501; x_wconf 77' lang='grc' dir='ltr'><strong><em>ὅκου</em></strong></span> <span class='ocrx_word' id='word_1_7' title='bbox 195 430 231 501; x_wconf 83' lang='grc' dir='ltr'><strong><em>δέ</em></strong></span> <span class='ocrx_word' id='word_1_8' title='bbox 244 432 469 518; x_wconf 92' lang='grc' dir='ltr'><strong><em>πορευόμενοι</em></strong></span> <span class='ocrx_word' id='word_1_9' title='bbox 480 436 628 517; x_wconf 76' lang='grc' dir='ltr'><strong><em>γινοίατο</em></strong></span> <span class='ocrx_word' id='word_1_10' title='bbox 640 431 696 497; x_wconf 82' lang='grc' dir='ltr'><strong><em>καὶ</em></strong></span> <span class='ocrx_word' id='word_1_11' title='bbox 706 429 780 497; x_wconf 87' lang='grc' dir='ltr'><strong><em>κατ’</em></strong></span> <span class='ocrx_word' id='word_1_12' title='bbox 796 430 952 513; x_wconf 82' lang='grc' dir='ltr'><strong><em>οὕστινας</em></strong></span> <span class='ocrx_word' id='word_1_13' title='bbox 963 430 1103 518; x_wconf 80' lang='grc' dir='ltr'><strong><em>ἀνθρύ-</em></strong></span> 
     </span>
     <span class='ocr_line' id='line_1_3' title="bbox 94 525 1102 618; baseline 0 -20"><span class='ocrx_word' id='word_1_14' title='bbox 94 557 196 618; x_wconf 88' lang='grc' dir='ltr'><strong><em>πους,</em></strong></span> <span class='ocrx_word' id='word_1_15' title='bbox 216 528 277 600; x_wconf 85' lang='grc' dir='ltr'><strong><em>τὸν</em></strong></span> <span class='ocrx_word' id='word_1_16' title='bbox 296 531 427 599; x_wconf 89' lang='grc' dir='ltr'><strong><em>τούτων</em></strong></span> <span class='ocrx_word' id='word_1_17' title='bbox 441 525 573 615; x_wconf 81' lang='grc' dir='ltr'><strong><em>καρπόν</em></strong></span> <span class='ocrx_word' id='word_1_18' title='bbox 593 526 795 616; x_wconf 80' lang='grc' dir='ltr'><strong><em>ἁρπάζοντες</em></strong></span> <span class='ocrx_word' id='word_1_19' title='bbox 816 532 997 616; x_wconf 92' lang='grc' dir='ltr'><strong><em>ἐσιτέοντο,</em></strong></span> <span class='ocrx_word' id='word_1_20' title='bbox 1020 537 1050 599; x_wconf 87' lang='grc' dir='ltr'><strong><em>εί</em></strong></span> <span class='ocrx_word' id='word_1_21' title='bbox 1066 533 1102 599; x_wconf 79' lang='grc' dir='ltr'><strong><em>δὲ</em></strong></span> 
     </span>
     <span class='ocr_line' id='line_1_4' title="bbox 8 625 1102 719; baseline -0.004 -20"><span class='ocrx_word' id='word_1_22' title='bbox 8 698 9 711; x_wconf 42' lang='grc'><strong><em>,</em></strong></span> <span class='ocrx_word' id='word_1_23' title='bbox 94 629 227 719; x_wconf 82' lang='grc' dir='ltr'><strong><em>καρπόν</em></strong></span> <span class='ocrx_word' id='word_1_24' title='bbox 241 634 367 718; x_wconf 91' lang='grc' dir='ltr'><strong><em>μηδένα</em></strong></span> <span class='ocrx_word' id='word_1_25' title='bbox 382 629 532 718; x_wconf 81' lang='grc' dir='ltr'><strong><em>εὕροιεν,</em></strong></span> <span class='ocrx_word' id='word_1_26' title='bbox 555 633 589 697; x_wconf 90' lang='grc' dir='ltr'><strong><em>οί</em></strong></span> <span class='ocrx_word' id='word_1_27' title='bbox 601 631 637 696; x_wconf 80' lang='grc' dir='ltr'><strong><em>δέ</em></strong></span> <span class='ocrx_word' id='word_1_28' title='bbox 650 625 713 715; x_wconf 85' lang='grc' dir='ltr'><strong><em>τήν</em></strong></span> <span class='ocrx_word' id='word_1_29' title='bbox 729 633 830 713; x_wconf 88' lang='grc' dir='ltr'><strong><em>ποίην</em></strong></span> <span class='ocrx_word' id='word_1_30' title='bbox 843 625 906 714; x_wconf 84' lang='grc' dir='ltr'><strong><em>τήν</em></strong></span> <span class='ocrx_word' id='word_1_31' title='bbox 920 632 956 696; x_wconf 87' lang='grc' dir='ltr'><strong><em>ἐκ</em></strong></span> <span class='ocrx_word' id='word_1_32' title='bbox 971 634 1029 714; x_wconf 81' lang='grc' dir='ltr'><strong><em>τῆς</em></strong></span> <span class='ocrx_word' id='word_1_33' title='bbox 1042 634 1102 716; x_wconf 80' lang='grc' dir='ltr'><strong><em>γῆς</em></strong></span> 
     </span>
     <span class='ocr_line' id='line_1_5' title="bbox 8 716 1103 819; baseline 0.002 -24"><span class='ocrx_word' id='word_1_34' title='bbox 8 716 10 795; x_wconf 72' lang='grc' dir='ltr'><strong><em>ἷ</em></strong></span> <span class='ocrx_word' id='word_1_35' title='bbox 94 731 338 819; x_wconf 75' lang='grc' dir='ltr'><strong><em>ἀναφυομένην</em></strong></span> <span class='ocrx_word' id='word_1_36' title='bbox 352 733 488 799; x_wconf 79' lang='grc' dir='ltr'><strong><em>καὶτῶν</em></strong></span> <span class='ocrx_word' id='word_1_37' title='bbox 504 732 672 816; x_wconf 74' lang='grc' dir='ltr'><strong><em>δενδρέων</em></strong></span> <span class='ocrx_word' id='word_1_38' title='bbox 690 727 750 797; x_wconf 84' lang='grc' dir='ltr'><strong><em>τόν</em></strong></span> <span class='ocrx_word' id='word_1_39' title='bbox 766 727 889 816; x_wconf 80' lang='grc' dir='ltr'><strong><em>φλοιὸν</em></strong></span> <span class='ocrx_word' id='word_1_40' title='bbox 902 732 1103 818; x_wconf 86' lang='grc' dir='ltr'><strong><em>περιλέπον-</em></strong></span> 
     </span>
     <span class='ocr_line' id='line_1_6' title="bbox 93 827 1101 918; baseline -0.004 -17"><span class='ocrx_word' id='word_1_41' title='bbox 93 860 148 912; x_wconf 85' lang='grc' dir='ltr'><strong><em>τες</em></strong></span> <span class='ocrx_word' id='word_1_42' title='bbox 159 834 214 909; x_wconf 75' lang='grc' dir='ltr'><strong><em>καί</em></strong></span> <span class='ocrx_word' id='word_1_43' title='bbox 228 828 268 898; x_wconf 85' lang='grc' dir='ltr'><strong><em>τά</em></strong></span> <span class='ocrx_word' id='word_1_44' title='bbox 281 832 393 918; x_wconf 90' lang='grc' dir='ltr'><strong><em>φύλλα</em></strong></span> <span class='ocrx_word' id='word_1_45' title='bbox 407 833 670 915; x_wconf 77' lang='grc' dir='ltr'><strong><em>καταδρέποντες</em></strong></span> <span class='ocrx_word' id='word_1_46' title='bbox 681 830 884 918; x_wconf 72' lang='grc' dir='ltr'><strong><em>κατήσθιον,</em></strong></span> <span class='ocrx_word' id='word_1_47' title='bbox 900 827 1023 917; x_wconf 85' lang='grc' dir='ltr'><strong><em>ὁμοίως</em></strong></span> <span class='ocrx_word' id='word_1_48' title='bbox 1033 836 1101 897; x_wconf 80' lang='grc' dir='ltr'><strong><em>τῶν</em></strong></span> 
     </span>
     <span class='ocr_line' id='line_1_7' title="bbox 93 926 1101 1017; baseline -0.001 -20"><span class='ocrx_word' id='word_1_49' title='bbox 93 957 130 999; x_wconf 90' lang='grc' dir='ltr'><strong><em>τε</em></strong></span> <span class='ocrx_word' id='word_1_50' title='bbox 144 928 279 1017; x_wconf 76' lang='grc' dir='ltr'><strong><em>ἡμέρων</em></strong></span> <span class='ocrx_word' id='word_1_51' title='bbox 293 931 429 998; x_wconf 76' lang='grc' dir='ltr'><strong><em>καὶτῶν</em></strong></span> <span class='ocrx_word' id='word_1_52' title='bbox 443 926 581 1017; x_wconf 91' lang='grc' dir='ltr'><strong><em>ἀγρίων,</em></strong></span> <span class='ocrx_word' id='word_1_53' title='bbox 598 933 653 997; x_wconf 80' lang='grc' dir='ltr'><strong><em>καὶ</em></strong></span> <span class='ocrx_word' id='word_1_54' title='bbox 665 934 798 1000; x_wconf 76' lang='grc' dir='ltr'><strong><em>ἔλειπον</em></strong></span> <span class='ocrx_word' id='word_1_55' title='bbox 809 927 927 998; x_wconf 79' lang='grc' dir='ltr'><strong><em>οὐδέν·</em></strong></span> <span class='ocrx_word' id='word_1_56' title='bbox 948 936 1052 998; x_wconf 87' lang='grc' dir='ltr'><strong><em>ταῦτα</em></strong></span> <span class='ocrx_word' id='word_1_57' title='bbox 1067 928 1101 996; x_wconf 91' lang='grc' dir='ltr'><strong><em>δ’</em></strong></span> 
     </span>
     <span class='ocr_line' id='line_1_8' title="bbox 95 1025 1100 1116; baseline -0.005 -18"><span class='ocrx_word' id='word_1_58' title='bbox 95 1033 231 1098; x_wconf 83' lang='grc' dir='ltr'><strong><em>ἐποίευν</em></strong></span> <span class='ocrx_word' id='word_1_59' title='bbox 245 1025 312 1096; x_wconf 86' lang='grc' dir='ltr'><strong><em>ύπὸ</em></strong></span> <span class='ocrx_word' id='word_1_60' title='bbox 328 1035 437 1115; x_wconf 81' lang='grc' dir='ltr'><strong><em>λιμοῦ.</em></strong></span> <span class='ocrx_word' id='word_1_61' title='bbox 467 1025 636 1116; x_wconf 79' lang='grc' dir='ltr'><strong><em>ἐπιλαβάν</em></strong></span> <span class='ocrx_word' id='word_1_62' title='bbox 651 1029 687 1096; x_wconf 80' lang='grc' dir='ltr'><strong><em>δέ</em></strong></span> <span class='ocrx_word' id='word_1_63' title='bbox 700 1028 817 1115; x_wconf 91' lang='grc' dir='ltr'><strong><em>λοιμός</em></strong></span> <span class='ocrx_word' id='word_1_64' title='bbox 831 1054 866 1097; x_wconf 89' lang='grc' dir='ltr'><strong><em>τε</em></strong></span> <span class='ocrx_word' id='word_1_65' title='bbox 880 1025 941 1096; x_wconf 87' lang='grc' dir='ltr'><strong><em>τόν</em></strong></span> <span class='ocrx_word' id='word_1_66' title='bbox 957 1025 1100 1115; x_wconf 84' lang='grc' dir='ltr'><strong><em>στρατόν</em></strong></span> 
     </span>
     <span class='ocr_line' id='line_1_9' title="bbox 94 1123 1101 1215; baseline -0.004 -19"><span class='ocrx_word' id='word_1_67' title='bbox 94 1129 151 1196; x_wconf 81' lang='grc' dir='ltr'><strong><em>καί</em></strong></span> <span class='ocrx_word' id='word_1_68' title='bbox 162 1132 356 1215; x_wconf 84' lang='grc' dir='ltr'><strong><em>δυσεντερίη</em></strong></span> <span class='ocrx_word' id='word_1_69' title='bbox 366 1124 441 1194; x_wconf 86' lang='grc' dir='ltr'><strong><em>κατ’</em></strong></span> <span class='ocrx_word' id='word_1_70' title='bbox 454 1124 538 1195; x_wconf 87' lang='grc' dir='ltr'><strong><em>δδδν</em></strong></span> <span class='ocrx_word' id='word_1_71' title='bbox 549 1129 731 1213; x_wconf 87' lang='grc' dir='ltr'><strong><em>διέφθειρε.</em></strong></span> <span class='ocrx_word' id='word_1_72' title='bbox 753 1123 832 1205; x_wconf 84' lang='grc' dir='ltr'><strong><em>τούς</em></strong></span> <span class='ocrx_word' id='word_1_73' title='bbox 843 1129 880 1196; x_wconf 76' lang='grc' dir='ltr'><strong><em>δὲ</em></strong></span> <span class='ocrx_word' id='word_1_74' title='bbox 894 1129 949 1195; x_wconf 81' lang='grc' dir='ltr'><strong><em>καί</em></strong></span> <span class='ocrx_word' id='word_1_75' title='bbox 960 1130 1101 1195; x_wconf 84' lang='grc' dir='ltr'><strong><em>νοσέον-</em></strong></span> 
     </span>
     <span class='ocr_line' id='line_1_10' title="bbox 94 1221 1100 1313; baseline 0 -22"><span class='ocrx_word' id='word_1_76' title='bbox 94 1251 152 1303; x_wconf 91' lang='grc' dir='ltr'><strong><em>τας</em></strong></span> <span class='ocrx_word' id='word_1_77' title='bbox 172 1221 285 1292; x_wconf 79' lang='grc' dir='ltr'><strong><em>αύτύν</em></strong></span> <span class='ocrx_word' id='word_1_78' title='bbox 303 1229 473 1311; x_wconf 90' lang='grc' dir='ltr'><strong><em>κατέλιπε,</em></strong></span> <span class='ocrx_word' id='word_1_79' title='bbox 497 1225 686 1293; x_wconf 73' lang='grc' dir='ltr'><strong><em>ἐπιτάσσων</em></strong></span> <span class='ocrx_word' id='word_1_80' title='bbox 701 1230 776 1313; x_wconf 77' lang='grc' dir='ltr'><strong><em>τῇσι</em></strong></span> <span class='ocrx_word' id='word_1_81' title='bbox 793 1226 922 1310; x_wconf 89' lang='grc' dir='ltr'><strong><em>πόλισι,</em></strong></span> <span class='ocrx_word' id='word_1_82' title='bbox 947 1230 1003 1293; x_wconf 78' lang='grc' dir='ltr'><strong><em>ἵνα</em></strong></span> <span class='ocrx_word' id='word_1_83' title='bbox 1021 1226 1100 1293; x_wconf 81' lang='grc' dir='ltr'><strong><em>ἑκό-</em></strong></span> 
     </span>
     <span class='ocr_line' id='line_1_11' title="bbox 94 1324 1099 1412; baseline 0 -21"><span class='ocrx_word' id='word_1_84' title='bbox 94 1342 189 1391; x_wconf 90' lang='grc' dir='ltr'><strong><em>στοτε</em></strong></span> <span class='ocrx_word' id='word_1_85' title='bbox 202 1326 327 1407; x_wconf 83' lang='grc' dir='ltr'><strong><em>γίνοιτο</em></strong></span> <span class='ocrx_word' id='word_1_86' title='bbox 343 1324 512 1410; x_wconf 80' lang='grc' dir='ltr'><strong><em>ἐλαύνων,</em></strong></span> <span class='ocrx_word' id='word_1_87' title='bbox 534 1327 741 1409; x_wconf 86' lang='grc' dir='ltr'><strong><em>μελεδαίνειν</em></strong></span> <span class='ocrx_word' id='word_1_88' title='bbox 757 1349 793 1391; x_wconf 90' lang='grc' dir='ltr'><strong><em>τε</em></strong></span> <span class='ocrx_word' id='word_1_89' title='bbox 812 1328 867 1392; x_wconf 79' lang='grc' dir='ltr'><strong><em>καί</em></strong></span> <span class='ocrx_word' id='word_1_90' title='bbox 887 1330 1040 1412; x_wconf 81' lang='grc' dir='ltr'><strong><em>τρέφειν,</em></strong></span> <span class='ocrx_word' id='word_1_91' title='bbox 1062 1327 1099 1393; x_wconf 83' lang='grc' dir='ltr'><strong><em>έν</em></strong></span> 
     </span>
     <span class='ocr_line' id='line_1_12' title="bbox 94 1424 1100 1510; baseline -0.001 -20"><span class='ocrx_word' id='word_1_92' title='bbox 94 1427 261 1510; x_wconf 77' lang='grc' dir='ltr'><strong><em>Θεσσαλίῃ</em></strong></span> <span class='ocrx_word' id='word_1_93' title='bbox 276 1424 313 1489; x_wconf 92' lang='grc' dir='ltr'><strong><em>τέ</em></strong></span> <span class='ocrx_word' id='word_1_94' title='bbox 323 1448 417 1501; x_wconf 88' lang='grc' dir='ltr'><strong><em>τινας</em></strong></span> <span class='ocrx_word' id='word_1_95' title='bbox 430 1425 485 1492; x_wconf 82' lang='grc' dir='ltr'><strong><em>καί</em></strong></span> <span class='ocrx_word' id='word_1_96' title='bbox 500 1426 538 1490; x_wconf 89' lang='grc' dir='ltr'><strong><em>ἐν</em></strong></span> <span class='ocrx_word' id='word_1_97' title='bbox 552 1428 632 1507; x_wconf 87' lang='grc' dir='ltr'><strong><em>Σίρι</em></strong></span> <span class='ocrx_word' id='word_1_98' title='bbox 652 1427 709 1509; x_wconf 81' lang='grc' dir='ltr'><strong><em>τῆς</em></strong></span> <span class='ocrx_word' id='word_1_99' title='bbox 722 1429 885 1509; x_wconf 90' lang='grc' dir='ltr'><strong><em>Παιονίης</em></strong></span> <span class='ocrx_word' id='word_1_100' title='bbox 898 1425 954 1491; x_wconf 82' lang='grc' dir='ltr'><strong><em>καὶ</em></strong></span> <span class='ocrx_word' id='word_1_101' title='bbox 968 1425 1005 1491; x_wconf 87' lang='grc' dir='ltr'><strong><em>έν</em></strong></span> <span class='ocrx_word' id='word_1_102' title='bbox 1020 1430 1100 1490; x_wconf 86' lang='grc' dir='ltr'><strong><em>Μα-</em></strong></span> 
     </span>
     <span class='ocr_line' id='line_1_13' title="bbox 92 1517 1100 1610; baseline 0 -23"><span class='ocrx_word' id='word_1_103' title='bbox 92 1523 238 1610; x_wconf 78' lang='grc' dir='ltr'><strong><em>κεδονίῃ.</em></strong></span> <span class='ocrx_word' id='word_1_104' title='bbox 256 1527 342 1590; x_wconf 80' lang='grc' dir='ltr'><strong><em>ἔνθα</em></strong></span> <span class='ocrx_word' id='word_1_105' title='bbox 354 1523 410 1590; x_wconf 82' lang='grc' dir='ltr'><strong><em>καί</em></strong></span> <span class='ocrx_word' id='word_1_106' title='bbox 423 1519 460 1589; x_wconf 88' lang='grc' dir='ltr'><strong><em>τδ</em></strong></span> <span class='ocrx_word' id='word_1_107' title='bbox 473 1518 549 1608; x_wconf 90' lang='grc' dir='ltr'><strong><em>ίρόν</em></strong></span> <span class='ocrx_word' id='word_1_108' title='bbox 560 1518 650 1606; x_wconf 79' lang='grc' dir='ltr'><strong><em>ἅρμα</em></strong></span> <span class='ocrx_word' id='word_1_109' title='bbox 661 1518 852 1587; x_wconf 79' lang='grc' dir='ltr'><strong><em>καταλιπων</em></strong></span> <span class='ocrx_word' id='word_1_110' title='bbox 862 1526 923 1588; x_wconf 83' lang='grc' dir='ltr'><strong><em>τού</em></strong></span> <span class='ocrx_word' id='word_1_111' title='bbox 934 1517 1029 1607; x_wconf 81' lang='grc' dir='ltr'><strong><em>Διὸς,</em></strong></span> <span class='ocrx_word' id='word_1_112' title='bbox 1045 1517 1100 1588; x_wconf 83' lang='grc' dir='ltr'><strong><em>ὅτε</em></strong></span> 
     </span>
     <span class='ocr_line' id='line_1_14' title="bbox 94 1615 1101 1707; baseline -0.001 -20"><span class='ocrx_word' id='word_1_113' title='bbox 94 1620 148 1687; x_wconf 83' lang='grc' dir='ltr'><strong><em>ἐπὶ</em></strong></span> <span class='ocrx_word' id='word_1_114' title='bbox 160 1618 373 1706; x_wconf 84' lang='grc' dir='ltr'><strong><em>τήνῈλλάδα</em></strong></span> <span class='ocrx_word' id='word_1_115' title='bbox 386 1619 529 1707; x_wconf 87' lang='grc' dir='ltr'><strong><em>ήλαννε,</em></strong></span> <span class='ocrx_word' id='word_1_116' title='bbox 545 1615 657 1686; x_wconf 79' lang='grc' dir='ltr'><strong><em>ἀπιόν</em></strong></span> <span class='ocrx_word' id='word_1_117' title='bbox 668 1616 730 1685; x_wconf 83' lang='grc' dir='ltr'><strong><em>οὐκ</em></strong></span> <span class='ocrx_word' id='word_1_118' title='bbox 747 1615 908 1705; x_wconf 75' lang='grc' dir='ltr'><strong><em>ἀπέλαβε,</em></strong></span> <span class='ocrx_word' id='word_1_119' title='bbox 923 1616 1007 1686; x_wconf 91' lang='grc' dir='ltr'><strong><em>ἀλλά</em></strong></span> <span class='ocrx_word' id='word_1_120' title='bbox 1019 1618 1101 1687; x_wconf 91' lang='grc' dir='ltr'><strong><em>δόν-</em></strong></span> 
     </span>
     <span class='ocr_line' id='line_1_15' title="bbox 8 1710 1141 1806; baseline 0.001 -22"><span class='ocrx_word' id='word_1_121' title='bbox 8 1710 10 1731; x_wconf 67' lang='lat'>²</span> <span class='ocrx_word' id='word_1_122' title='bbox 93 1742 147 1797; x_wconf 90' lang='grc' dir='ltr'><strong><em>τες</em></strong></span> <span class='ocrx_word' id='word_1_123' title='bbox 160 1723 196 1786; x_wconf 93' lang='grc' dir='ltr'><strong><em>οί</em></strong></span> <span class='ocrx_word' id='word_1_124' title='bbox 209 1725 353 1797; x_wconf 85' lang='grc' dir='ltr'><strong><em>Παίονες</em></strong></span> <span class='ocrx_word' id='word_1_125' title='bbox 368 1732 453 1788; x_wconf 72' lang='grc' dir='ltr'><strong><em>τοῖσι</em></strong></span> <span class='ocrx_word' id='word_1_126' title='bbox 468 1719 585 1806; x_wconf 78' lang='grc' dir='ltr'><strong><em>Θρήιξι</em></strong></span> <span class='ocrx_word' id='word_1_127' title='bbox 602 1714 815 1796; x_wconf 70' lang='grc' dir='ltr'><strong><em>ἀπαιτέοντος</em></strong></span> <span class='ocrx_word' id='word_1_128' title='bbox 825 1719 955 1803; x_wconf 74' lang='grc' dir='ltr'><strong><em>Ξέρξεω</em></strong></span> <span class='ocrx_word' id='word_1_129' title='bbox 970 1724 1100 1804; x_wconf 77' lang='grc' dir='ltr'><strong><em>ἔφασαν</em></strong></span> <span class='ocrx_word' id='word_1_130' title='bbox 1127 1778 1141 1805; x_wconf 75' lang='lat'>‚</span> 
     </span>
     <span class='ocr_line' id='line_1_16' title="bbox 8 1813 1102 1917; baseline 0.001 -37"><span class='ocrx_word' id='word_1_131' title='bbox 8 1880 10 1917; x_wconf 48' lang='grc' dir='ltr'>ἰ</span> <span class='ocrx_word' id='word_1_132' title='bbox 93 1819 280 1901; x_wconf 81' lang='grc' dir='ltr'><strong><em>νεμομένας</em></strong></span> <span class='ocrx_word' id='word_1_133' title='bbox 291 1814 509 1904; x_wconf 77' lang='grc' dir='ltr'><strong><em>ἁρπασθῆναι</em></strong></span> <span class='ocrx_word' id='word_1_134' title='bbox 524 1815 591 1884; x_wconf 86' lang='grc' dir='ltr'><strong><em>ύπδ</em></strong></span> <span class='ocrx_word' id='word_1_135' title='bbox 606 1823 675 1883; x_wconf 79' lang='grc' dir='ltr'><strong><em>τῶν</em></strong></span> <span class='ocrx_word' id='word_1_136' title='bbox 689 1813 760 1882; x_wconf 80' lang='grc' dir='ltr'><strong><em>ἀνω</em></strong></span> <span class='ocrx_word' id='word_1_137' title='bbox 771 1822 928 1901; x_wconf 81' lang='grc' dir='ltr'><strong><em>Θρηίκων</em></strong></span> <span class='ocrx_word' id='word_1_138' title='bbox 942 1821 1011 1883; x_wconf 77' lang='grc' dir='ltr'><strong><em>τόν</em></strong></span> <span class='ocrx_word' id='word_1_139' title='bbox 1025 1817 1102 1904; x_wconf 83' lang='grc' dir='ltr'><strong><em>περὶ</em></strong></span> 
     </span>
     <span class='ocr_line' id='line_1_17' title="bbox 8 1911 1161 2003; baseline 0.001 -24"><span class='ocrx_word' id='word_1_140' title='bbox 8 1928 10 1933; x_wconf 80' lang='grc'><strong>“</strong></span> <span class='ocrx_word' id='word_1_141' title='bbox 93 1911 153 1991; x_wconf 90' lang='grc' dir='ltr'><strong><em>τάς</em></strong></span> <span class='ocrx_word' id='word_1_142' title='bbox 169 1911 278 1999; x_wconf 86' lang='grc' dir='ltr'><strong><em>πηγάς</em></strong></span> <span class='ocrx_word' id='word_1_143' title='bbox 292 1923 353 1982; x_wconf 86' lang='grc' dir='ltr'><strong><em>τοῦ</em></strong></span> <span class='ocrx_word' id='word_1_144' title='bbox 370 1917 568 2003; x_wconf 86' lang='grc' dir='ltr'><strong><em>Στρυμόνος</em></strong></span> <span class='ocrx_word' id='word_1_145' title='bbox 583 1920 777 2003; x_wconf 76' lang='grc' dir='ltr'><strong><em>οἰκημένων.</em></strong></span> <span class='ocrx_word' id='word_1_146' title='bbox 800 1913 909 1983; x_wconf 81' lang='grc' dir='ltr'><strong><em>Ἔνθα</em></strong></span> <span class='ocrx_word' id='word_1_147' title='bbox 926 1920 981 1983; x_wconf 84' lang='grc' dir='ltr'><strong><em>καί</em></strong></span> <span class='ocrx_word' id='word_1_148' title='bbox 996 1913 1014 1983; x_wconf 83' lang='grc' dir='ltr'><strong>ὁ</strong></span> <span class='ocrx_word' id='word_1_149' title='bbox 1032 1922 1100 1983; x_wconf 79' lang='grc' dir='ltr'><strong><em>τόν</em></strong></span> <span class='ocrx_word' id='word_1_150' title='bbox 1110 1927 1161 1980; x_wconf 85' lang='grc'><strong><em>116</em></strong></span> 
     </span>
     <span class='ocr_line' id='line_1_18' title="bbox 94 2011 1099 2101; baseline 0.001 -21"><span class='ocrx_word' id='word_1_151' title='bbox 94 2014 284 2080; x_wconf 78' lang='grc' dir='ltr'><strong><em>Βισαλτέων</em></strong></span> <span class='ocrx_word' id='word_1_152' title='bbox 299 2011 455 2098; x_wconf 78' lang='grc' dir='ltr'><strong><em>βασιλεύς</em></strong></span> <span class='ocrx_word' id='word_1_153' title='bbox 468 2021 529 2101; x_wconf 85' lang='grc' dir='ltr'><strong><em>γής</em></strong></span> <span class='ocrx_word' id='word_1_154' title='bbox 544 2039 580 2081; x_wconf 96' lang='grc' dir='ltr'><strong><em>τε</em></strong></span> <span class='ocrx_word' id='word_1_155' title='bbox 594 2019 651 2098; x_wconf 81' lang='grc' dir='ltr'><strong><em>τῆς</em></strong></span> <span class='ocrx_word' id='word_1_156' title='bbox 665 2020 903 2099; x_wconf 84' lang='grc' dir='ltr'><strong><em>Κρηστωνικῆς</em></strong></span> <span class='ocrx_word' id='word_1_157' title='bbox 914 2016 1028 2099; x_wconf 81' lang='grc' dir='ltr'><strong><em>Θρήίξ,</em></strong></span> <span class='ocrx_word' id='word_1_158' title='bbox 1043 2019 1099 2097; x_wconf 84' lang='grc' dir='ltr'><strong><em>έρ-</em></strong></span> 
     </span>
     <span class='ocr_line' id='line_1_19' title="bbox 10 2105 1097 2202; baseline 0.004 -28"><span class='ocrx_word' id='word_1_159' title='bbox 10 2174 12 2193; x_wconf 71' lang='grc'><strong><em>,</em></strong></span> <span class='ocrx_word' id='word_1_160' title='bbox 94 2134 157 2196; x_wconf 91' lang='grc' dir='ltr'><strong><em>γον</em></strong></span> <span class='ocrx_word' id='word_1_161' title='bbox 176 2105 349 2194; x_wconf 82' lang='grc' dir='ltr'><strong><em>ύπερφυές</em></strong></span> <span class='ocrx_word' id='word_1_162' title='bbox 365 2110 536 2196; x_wconf 87' lang='grc' dir='ltr'><strong><em>έργάσατο.</em></strong></span> <span class='ocrx_word' id='word_1_163' title='bbox 571 2110 608 2190; x_wconf 81' lang='grc' dir='ltr'><strong><em>ὃς</em></strong></span> <span class='ocrx_word' id='word_1_164' title='bbox 629 2108 707 2178; x_wconf 75' lang='grc' dir='ltr'><strong><em>οὔτε</em></strong></span> <span class='ocrx_word' id='word_1_165' title='bbox 727 2107 828 2188; x_wconf 86' lang='grc' dir='ltr'><strong><em>αύτδς</em></strong></span> <span class='ocrx_word' id='word_1_166' title='bbox 845 2115 909 2197; x_wconf 77' lang='grc' dir='ltr'><strong><em>ἔφη</em></strong></span> <span class='ocrx_word' id='word_1_167' title='bbox 931 2118 977 2202; x_wconf 77' lang='grc' dir='ltr'><strong><em>τῷ</em></strong></span> <span class='ocrx_word' id='word_1_168' title='bbox 993 2113 1097 2199; x_wconf 73' lang='grc' dir='ltr'><strong><em>Ξέρξη</em></strong></span> 
     </span>
     <span class='ocr_line' id='line_1_20' title="bbox 95 2204 1099 2296; baseline 0.001 -20"><span class='ocrx_word' id='word_1_169' title='bbox 95 2204 182 2276; x_wconf 81' lang='grc' dir='ltr'><strong><em>ἐκάν</em></strong></span> <span class='ocrx_word' id='word_1_170' title='bbox 200 2205 284 2275; x_wconf 80' lang='grc' dir='ltr'><strong><em>εἶναι</em></strong></span> <span class='ocrx_word' id='word_1_171' title='bbox 299 2208 512 2295; x_wconf 81' lang='grc' dir='ltr'><strong><em>δουλεύσειν,</em></strong></span> <span class='ocrx_word' id='word_1_172' title='bbox 528 2206 603 2278; x_wconf 87' lang='grc' dir='ltr'><strong><em>ἀλλ’</em></strong></span> <span class='ocrx_word' id='word_1_173' title='bbox 620 2218 725 2294; x_wconf 87' lang='grc' dir='ltr'><strong><em>οίχετο</em></strong></span> <span class='ocrx_word' id='word_1_174' title='bbox 737 2206 807 2275; x_wconf 84' lang='grc' dir='ltr'><strong><em>ἀνω</em></strong></span> <span class='ocrx_word' id='word_1_175' title='bbox 819 2213 853 2288; x_wconf 91' lang='grc' dir='ltr'><strong><em>ές</em></strong></span> <span class='ocrx_word' id='word_1_176' title='bbox 868 2207 905 2277; x_wconf 87' lang='grc' dir='ltr'>τό</span> <span class='ocrx_word' id='word_1_177' title='bbox 921 2204 1023 2296; x_wconf 82' lang='grc' dir='ltr'><strong><em>οὖρος</em></strong></span> <span class='ocrx_word' id='word_1_178' title='bbox 1036 2208 1099 2296; x_wconf 82' lang='grc' dir='ltr'><strong><em>τήν</em></strong></span> 
     </span>
     <span class='ocr_line' id='line_1_21' title="bbox 88 2304 1098 2394; baseline 0.001 -21"><span class='ocrx_word' id='word_1_179' title='bbox 88 2304 265 2393; x_wconf 88' lang='grc' dir='ltr'><strong><em>Ῥοδόπην,</em></strong></span> <span class='ocrx_word' id='word_1_180' title='bbox 281 2312 370 2375; x_wconf 86' lang='grc' dir='ltr'><strong><em>τοίσί</em></strong></span> <span class='ocrx_word' id='word_1_181' title='bbox 380 2332 415 2374; x_wconf 92' lang='grc' dir='ltr'><strong><em>τε</em></strong></span> <span class='ocrx_word' id='word_1_182' title='bbox 430 2311 523 2375; x_wconf 80' lang='grc' dir='ltr'><strong><em>παισί</em></strong></span> <span class='ocrx_word' id='word_1_183' title='bbox 534 2304 723 2394; x_wconf 87' lang='grc' dir='ltr'><strong><em>ἀπηγόρευε</em></strong></span> <span class='ocrx_word' id='word_1_184' title='bbox 736 2304 780 2393; x_wconf 85' lang='grc' dir='ltr'><strong><em>μή</em></strong></span> <span class='ocrx_word' id='word_1_185' title='bbox 792 2307 1033 2393; x_wconf 87' lang='grc' dir='ltr'><strong><em>στρατεύεσθαι</em></strong></span> <span class='ocrx_word' id='word_1_186' title='bbox 1045 2310 1098 2375; x_wconf 82' lang='grc' dir='ltr'><strong><em>ἐπί</em></strong></span> 
     </span>
     <span class='ocr_line' id='line_1_22' title="bbox 11 2400 1097 2493; baseline 0.001 -20"><span class='ocrx_word' id='word_1_187' title='bbox 11 2454 12 2493; x_wconf 65' lang='grc'><strong><em>,</em></strong></span> <span class='ocrx_word' id='word_1_188' title='bbox 93 2401 312 2493; x_wconf 78' lang='grc' dir='ltr'><strong><em>τὴνἙλλάδα.</em></strong></span> <span class='ocrx_word' id='word_1_189' title='bbox 337 2409 372 2472; x_wconf 92' lang='grc' dir='ltr'><strong><em>οί</em></strong></span> <span class='ocrx_word' id='word_1_190' title='bbox 384 2406 420 2473; x_wconf 73' lang='grc' dir='ltr'><strong><em>δὲ</em></strong></span> <span class='ocrx_word' id='word_1_191' title='bbox 432 2402 664 2493; x_wconf 80' lang='grc' dir='ltr'><strong><em>ἀλογήσαντες,</em></strong></span> <span class='ocrx_word' id='word_1_192' title='bbox 677 2400 820 2492; x_wconf 83' lang='grc' dir='ltr'><strong><em>ήάλλως</em></strong></span> <span class='ocrx_word' id='word_1_193' title='bbox 831 2424 892 2492; x_wconf 85' lang='grc' dir='ltr'><strong><em>σφι</em></strong></span> <span class='ocrx_word' id='word_1_194' title='bbox 902 2404 1013 2492; x_wconf 83' lang='grc' dir='ltr'><strong><em>θυμὸς</em></strong></span> <span class='ocrx_word' id='word_1_195' title='bbox 1024 2406 1097 2493; x_wconf 79' lang='grc' dir='ltr'><strong><em>ἐγέ-</em></strong></span> 
     </span>
     <span class='ocr_line' id='line_1_23' title="bbox 94 2502 1096 2598; baseline 0.002 -25"><span class='ocrx_word' id='word_1_196' title='bbox 94 2530 169 2573; x_wconf 86' lang='grc' dir='ltr'><strong><em>νετο</em></strong></span> <span class='ocrx_word' id='word_1_197' title='bbox 180 2504 377 2590; x_wconf 77' lang='grc' dir='ltr'><strong><em>θηήσασθαι</em></strong></span> <span class='ocrx_word' id='word_1_198' title='bbox 387 2503 447 2572; x_wconf 87' lang='grc' dir='ltr'><strong><em>τὸν</em></strong></span> <span class='ocrx_word' id='word_1_199' title='bbox 457 2504 616 2591; x_wconf 91' lang='grc' dir='ltr'><strong><em>πόλεμον,</em></strong></span> <span class='ocrx_word' id='word_1_200' title='bbox 628 2505 865 2589; x_wconf 84' lang='grc' dir='ltr'><strong><em>ἐστρατεύοντο</em></strong></span> <span class='ocrx_word' id='word_1_201' title='bbox 877 2502 945 2591; x_wconf 75' lang='grc' dir='ltr'><strong><em>ἅμα</em></strong></span> <span class='ocrx_word' id='word_1_202' title='bbox 955 2512 1001 2598; x_wconf 78' lang='grc' dir='ltr'><strong><em>τῷ</em></strong></span> <span class='ocrx_word' id='word_1_203' title='bbox 1006 2510 1096 2592; x_wconf 80' lang='grc' dir='ltr'><strong><em>Πέρ·</em></strong></span> 
     </span>
     <span class='ocr_line' id='line_1_24' title="bbox 12 2598 1096 2699; baseline 0 -28"><span class='ocrx_word' id='word_1_204' title='bbox 12 2644 13 2699; x_wconf 61' lang='grc' dir='ltr'><strong><em>η</em></strong></span> <span class='ocrx_word' id='word_1_205' title='bbox 95 2625 145 2691; x_wconf 87' lang='grc' dir='ltr'><strong><em>ση.</em></strong></span> <span class='ocrx_word' id='word_1_206' title='bbox 174 2603 245 2669; x_wconf 84' lang='grc' dir='ltr'><strong><em>ἐπεὶ</em></strong></span> <span class='ocrx_word' id='word_1_207' title='bbox 259 2605 295 2668; x_wconf 80' lang='grc' dir='ltr'><strong><em>δέ</em></strong></span> <span class='ocrx_word' id='word_1_208' title='bbox 311 2598 526 2688; x_wconf 74' lang='grc' dir='ltr'><strong><em>ἀνεχώρησαν</em></strong></span> <span class='ocrx_word' id='word_1_209' title='bbox 544 2600 673 2681; x_wconf 77' lang='grc' dir='ltr'><strong><em>ἀσινέες</em></strong></span> <span class='ocrx_word' id='word_1_210' title='bbox 687 2602 809 2681; x_wconf 75' lang='grc' dir='ltr'><strong><em>πάντες</em></strong></span> <span class='ocrx_word' id='word_1_211' title='bbox 824 2606 857 2683; x_wconf 77' lang='grc' dir='ltr'><strong><em>ἐξ</em></strong></span> <span class='ocrx_word' id='word_1_212' title='bbox 873 2601 999 2691; x_wconf 88' lang='grc' dir='ltr'><strong><em>ἐόντες,</em></strong></span> <span class='ocrx_word' id='word_1_213' title='bbox 1015 2603 1096 2684; x_wconf 83' lang='grc' dir='ltr'><strong><em>έξύ-</em></strong></span> 
     </span>
     <span class='ocr_line' id='line_1_25' title="bbox 13 2695 1096 2789; baseline 0.008 -30"><span class='ocrx_word' id='word_1_214' title='bbox 13 2714 14 2759; x_wconf 68' lang='grc' dir='ltr'><strong><em>ι</em></strong></span> <span class='ocrx_word' id='word_1_215' title='bbox 72 2783 77 2789; x_wconf 28' lang='grc'><strong><em>,</em></strong></span> <span class='ocrx_word' id='word_1_216' title='bbox 96 2701 174 2784; x_wconf 82' lang='grc' dir='ltr'><strong><em>ρυξε</em></strong></span> <span class='ocrx_word' id='word_1_217' title='bbox 184 2695 446 2784; x_wconf 79' lang='grc' dir='ltr'><strong><em>αύτάνὸπατήρ</em></strong></span> <span class='ocrx_word' id='word_1_218' title='bbox 455 2698 533 2779; x_wconf 82' lang='grc' dir='ltr'><strong><em>τούς</em></strong></span> <span class='ocrx_word' id='word_1_219' title='bbox 545 2697 744 2787; x_wconf 85' lang='grc' dir='ltr'><strong><em>ὀφθαλμούς</em></strong></span> <span class='ocrx_word' id='word_1_220' title='bbox 755 2698 811 2767; x_wconf 80' lang='grc' dir='ltr'><strong><em>διὰ</em></strong></span> <span class='ocrx_word' id='word_1_221' title='bbox 821 2697 884 2787; x_wconf 85' lang='grc' dir='ltr'><strong><em>τήν</em></strong></span> <span class='ocrx_word' id='word_1_222' title='bbox 895 2706 1003 2787; x_wconf 90' lang='grc' dir='ltr'><strong><em>αίτίην</em></strong></span> <span class='ocrx_word' id='word_1_223' title='bbox 1013 2700 1096 2768; x_wconf 91' lang='grc' dir='ltr'><strong><em>ταύ-</em></strong></span> 
     </span>
     <span class='ocr_line' id='line_1_26' title="bbox 96 2787 1158 2886; baseline 0.004 -22"><span class='ocrx_word' id='word_1_224' title='bbox 96 2823 165 2883; x_wconf 89' lang='grc' dir='ltr'><strong><em>την.</em></strong></span> <span class='ocrx_word' id='word_1_225' title='bbox 199 2798 264 2864; x_wconf 84' lang='grc' dir='ltr'><strong><em>Καὶ</em></strong></span> <span class='ocrx_word' id='word_1_226' title='bbox 285 2787 379 2864; x_wconf 76' lang='grc' dir='ltr'><strong><em>οὗτοι</em></strong></span> <span class='ocrx_word' id='word_1_227' title='bbox 399 2798 461 2883; x_wconf 84' lang='grc' dir='ltr'><strong><em>μέν</em></strong></span> <span class='ocrx_word' id='word_1_228' title='bbox 481 2804 601 2866; x_wconf 88' lang='grc' dir='ltr'><strong><em>τοῦτον</em></strong></span> <span class='ocrx_word' id='word_1_229' title='bbox 616 2796 678 2866; x_wconf 84' lang='grc' dir='ltr'><strong><em>τὸν</em></strong></span> <span class='ocrx_word' id='word_1_230' title='bbox 697 2795 823 2884; x_wconf 82' lang='grc' dir='ltr'><strong><em>μισθὸν</em></strong></span> <span class='ocrx_word' id='word_1_231' title='bbox 844 2803 982 2886; x_wconf 81' lang='grc' dir='ltr'><strong><em>ἔλαβον,</em></strong></span> <span class='ocrx_word' id='word_1_232' title='bbox 1008 2805 1042 2868; x_wconf 93' lang='grc' dir='ltr'><strong><em>οί</em></strong></span> <span class='ocrx_word' id='word_1_233' title='bbox 1060 2801 1096 2867; x_wconf 84' lang='grc' dir='ltr'><strong><em>δέ</em></strong></span> <span class='ocrx_word' id='word_1_234' title='bbox 1108 2805 1158 2859; x_wconf 83' lang='grc'><strong><em>117</em></strong></span> 
     </span>
     <span class='ocr_line' id='line_1_27' title="bbox 93 2891 1096 2984; baseline 0.001 -21"><span class='ocrx_word' id='word_1_235' title='bbox 93 2896 221 2981; x_wconf 86' lang='grc' dir='ltr'><strong><em>Πέρσαι</em></strong></span> <span class='ocrx_word' id='word_1_236' title='bbox 236 2891 282 2973; x_wconf 81' lang='grc' dir='ltr'><strong><em>ὡς</em></strong></span> <span class='ocrx_word' id='word_1_237' title='bbox 292 2895 329 2962; x_wconf 79' lang='grc' dir='ltr'><strong><em>ἐκ</em></strong></span> <span class='ocrx_word' id='word_1_238' title='bbox 342 2901 400 2981; x_wconf 83' lang='grc' dir='ltr'><strong><em>τῆς</em></strong></span> <span class='ocrx_word' id='word_1_239' title='bbox 411 2903 556 2983; x_wconf 82' lang='grc' dir='ltr'><strong><em>Θρηίκης</em></strong></span> <span class='ocrx_word' id='word_1_240' title='bbox 567 2896 790 2984; x_wconf 89' lang='grc' dir='ltr'><strong><em>πορευόμενοι</em></strong></span> <span class='ocrx_word' id='word_1_241' title='bbox 801 2894 959 2964; x_wconf 89' lang='grc' dir='ltr'><strong><em>ἀπίκοντο</em></strong></span> <span class='ocrx_word' id='word_1_242' title='bbox 972 2898 1024 2965; x_wconf 76' lang='grc' dir='ltr'><strong><em>ἐπὶ</em></strong></span> <span class='ocrx_word' id='word_1_243' title='bbox 1035 2894 1096 2964; x_wconf 87' lang='grc' dir='ltr'><strong><em>τὸν</em></strong></span> 
     </span>
     <span class='ocr_line' id='line_1_28' title="bbox 14 2993 1096 3086; baseline -0.001 -21"><span class='ocrx_word' id='word_1_244' title='bbox 14 3004 15 3065; x_wconf 52' lang='grc' dir='ltr'>Τ</span> <span class='ocrx_word' id='word_1_245' title='bbox 94 2995 218 3082; x_wconf 91' lang='grc' dir='ltr'><strong><em>πόρον,</em></strong></span> <span class='ocrx_word' id='word_1_246' title='bbox 236 2993 444 3081; x_wconf 85' lang='grc' dir='ltr'><strong><em>ἐπειγόμενοι</em></strong></span> <span class='ocrx_word' id='word_1_247' title='bbox 458 2994 518 3064; x_wconf 85' lang='grc' dir='ltr'><strong><em>τόν</em></strong></span> <span class='ocrx_word' id='word_1_248' title='bbox 527 2996 771 3084; x_wconf 84' lang='grc' dir='ltr'><strong><em>Ἑλλήσποντον</em></strong></span> <span class='ocrx_word' id='word_1_249' title='bbox 785 3003 858 3086; x_wconf 81' lang='grc' dir='ltr'><strong><em>τήσι</em></strong></span> <span class='ocrx_word' id='word_1_250' title='bbox 871 2999 970 3082; x_wconf 78' lang='grc' dir='ltr'><strong><em>νηυσὶ</em></strong></span> <span class='ocrx_word' id='word_1_251' title='bbox 983 3000 1096 3084; x_wconf 83' lang='grc' dir='ltr'><strong><em>διέβη-</em></strong></span> 
     </span>
     <span class='ocr_line' id='line_1_29' title="bbox 15 3086 1096 3183; baseline -0.001 -22"><span class='ocrx_word' id='word_1_252' title='bbox 15 3112 16 3115; x_wconf 75' lang='grc'>’</span> <span class='ocrx_word' id='word_1_253' title='bbox 95 3114 157 3162; x_wconf 91' lang='grc' dir='ltr'><strong><em>σαν</em></strong></span> <span class='ocrx_word' id='word_1_254' title='bbox 171 3094 204 3172; x_wconf 85' lang='grc' dir='ltr'><strong><em>ές</em></strong></span> <span class='ocrx_word' id='word_1_255' title='bbox 215 3089 378 3183; x_wconf 70' lang='grc' dir='ltr'><strong><em>Ἄβυδον·</em></strong></span> <span class='ocrx_word' id='word_1_256' title='bbox 405 3093 464 3173; x_wconf 89' lang='grc' dir='ltr'><strong><em>τάς</em></strong></span> <span class='ocrx_word' id='word_1_257' title='bbox 478 3091 543 3182; x_wconf 85' lang='grc' dir='ltr'><strong><em>γάρ</em></strong></span> <span class='ocrx_word' id='word_1_258' title='bbox 558 3100 689 3181; x_wconf 88' lang='grc' dir='ltr'><strong><em>σχεδίας</em></strong></span> <span class='ocrx_word' id='word_1_259' title='bbox 702 3093 765 3163; x_wconf 87' lang='grc' dir='ltr'><strong><em>ούκ</em></strong></span> <span class='ocrx_word' id='word_1_260' title='bbox 781 3086 884 3179; x_wconf 83' lang='grc' dir='ltr'><strong><em>εὗρον</em></strong></span> <span class='ocrx_word' id='word_1_261' title='bbox 901 3097 948 3161; x_wconf 81' lang='grc' dir='ltr'><strong><em>έτι</em></strong></span> <span class='ocrx_word' id='word_1_262' title='bbox 962 3096 1075 3162; x_wconf 89' lang='grc' dir='ltr'><strong><em>έντετα</em></strong></span> <span class='ocrx_word' id='word_1_263' title='bbox 1091 3135 1096 3141; x_wconf 91' lang='grc'><strong>-</strong></span> 
     </span>
     <span class='ocr_line' id='line_1_30' title="bbox 15 3186 1094 3280; baseline 0.002 -22"><span class='ocrx_word' id='word_1_264' title='bbox 15 3246 16 3249; x_wconf 20' lang='grc' dir='ltr'><strong><em>ι</em></strong></span> <span class='ocrx_word' id='word_1_265' title='bbox 93 3191 210 3278; x_wconf 89' lang='grc' dir='ltr'><strong><em>μένας,</em></strong></span> <span class='ocrx_word' id='word_1_266' title='bbox 237 3186 311 3258; x_wconf 87' lang='grc' dir='ltr'><strong><em>ἀλλ’</em></strong></span> <span class='ocrx_word' id='word_1_267' title='bbox 334 3187 400 3258; x_wconf 86' lang='grc' dir='ltr'><strong><em>ύπδ</em></strong></span> <span class='ocrx_word' id='word_1_268' title='bbox 424 3199 585 3279; x_wconf 78' lang='grc' dir='ltr'><strong><em>χειμῶνος</em></strong></span> <span class='ocrx_word' id='word_1_269' title='bbox 605 3195 850 3280; x_wconf 90' lang='grc' dir='ltr'><strong><em>διαλελυμένας.</em></strong></span> <span class='ocrx_word' id='word_1_270' title='bbox 885 3194 1033 3261; x_wconf 88' lang='grc' dir='ltr'><strong><em>ἐνθαῦτα</em></strong></span> <span class='ocrx_word' id='word_1_271' title='bbox 1058 3195 1094 3260; x_wconf 79' lang='grc' dir='ltr'><strong><em>δὲ</em></strong></span> 
     </span>
     <span class='ocr_line' id='line_1_31' title="bbox 94 3287 1097 3378; baseline 0.002 -22"><span class='ocrx_word' id='word_1_272' title='bbox 94 3288 307 3377; x_wconf 83' lang='grc' dir='ltr'><strong><em>κατεχόμενοι</em></strong></span> <span class='ocrx_word' id='word_1_273' title='bbox 322 3296 409 3358; x_wconf 85' lang='grc' dir='ltr'><strong><em>σιτία</em></strong></span> <span class='ocrx_word' id='word_1_274' title='bbox 427 3317 464 3358; x_wconf 90' lang='grc' dir='ltr'><strong><em>τε</em></strong></span> <span class='ocrx_word' id='word_1_275' title='bbox 483 3293 573 3360; x_wconf 89' lang='grc' dir='ltr'><strong><em>πλέω</em></strong></span> <span class='ocrx_word' id='word_1_276' title='bbox 586 3287 609 3378; x_wconf 87' lang='grc' dir='ltr'><strong><em>ή</em></strong></span> <span class='ocrx_word' id='word_1_277' title='bbox 624 3289 698 3359; x_wconf 90' lang='grc' dir='ltr'><strong><em>κατ’</em></strong></span> <span class='ocrx_word' id='word_1_278' title='bbox 714 3288 797 3359; x_wconf 82' lang='grc' dir='ltr'><strong><em>ὀδόν</em></strong></span> <span class='ocrx_word' id='word_1_279' title='bbox 811 3290 1012 3378; x_wconf 86' lang='grc' dir='ltr'><strong><em>έλάγχανον,</em></strong></span> <span class='ocrx_word' id='word_1_280' title='bbox 1034 3288 1097 3358; x_wconf 82' lang='grc' dir='ltr'><strong><em>ού·</em></strong></span> 
     </span>
     <span class='ocr_line' id='line_1_32' title="bbox 95 3388 1096 3478; baseline 0.001 -22"><span class='ocrx_word' id='word_1_281' title='bbox 95 3391 173 3456; x_wconf 88' lang='grc' dir='ltr'><strong><em>δένα</em></strong></span> <span class='ocrx_word' id='word_1_282' title='bbox 186 3416 222 3458; x_wconf 89' lang='grc' dir='ltr'><strong><em>τε</em></strong></span> <span class='ocrx_word' id='word_1_283' title='bbox 236 3391 365 3478; x_wconf 89' lang='grc' dir='ltr'><strong><em>κόσμον</em></strong></span> <span class='ocrx_word' id='word_1_284' title='bbox 385 3390 627 3478; x_wconf 77' lang='grc' dir='ltr'><strong><em>ἐμπιπλάμενοι</em></strong></span> <span class='ocrx_word' id='word_1_285' title='bbox 644 3392 699 3459; x_wconf 78' lang='grc' dir='ltr'><strong><em>καὶ</em></strong></span> <span class='ocrx_word' id='word_1_286' title='bbox 715 3388 822 3457; x_wconf 87' lang='grc' dir='ltr'><strong><em>ύδατα</em></strong></span> <span class='ocrx_word' id='word_1_287' title='bbox 835 3389 1096 3476; x_wconf 74' lang='grc' dir='ltr'><strong><em>μεταβάλλοντες</em></strong></span> 
     </span>
    </p>
   </div>
   <div class='ocr_carea' id='block_1_3' title="bbox 95 3484 1132 3639">
    <p class='ocr_par' dir='ltr' id='par_1_3' title="bbox 95 3484 1132 3639">
     <span class='ocr_line' id='line_1_33' title="bbox 95 3484 1132 3638; baseline 0.001 -85"><span class='ocrx_word' id='word_1_288' title='bbox 95 3484 388 3638; x_wconf 58' lang='grc' dir='ltr'><strong><em>ἀπέθνησκοηῐτού</em></strong></span> <span class='ocrx_word' id='word_1_289' title='bbox 409 3495 553 3573; x_wconf 82' lang='grc' dir='ltr'><strong><em>στρατοῦ</em></strong></span> <span class='ocrx_word' id='word_1_290' title='bbox 567 3495 629 3557; x_wconf 82' lang='grc' dir='ltr'><strong><em>τοῦ</em></strong></span> <span class='ocrx_word' id='word_1_291' title='bbox 645 3486 837 3573; x_wconf 89' lang='grc' dir='ltr'><strong><em>περιεόντος</em></strong></span> <span class='ocrx_word' id='word_1_292' title='bbox 854 3493 980 3554; x_wconf 88' lang='grc' dir='ltr'><strong><em>πολλοί.</em></strong></span> <span class='ocrx_word' id='word_1_293' title='bbox 1011 3491 1044 3554; x_wconf 93' lang='grc' dir='ltr'><strong><em>οί</em></strong></span> <span class='ocrx_word' id='word_1_294' title='bbox 1060 3486 1097 3554; x_wconf 78' lang='grc' dir='ltr'><strong><em>δέ</em></strong></span> <span class='ocrx_word' id='word_1_295' title='bbox 1125 3520 1132 3529; x_wconf 94' lang='grc'><strong><em>·</em></strong></span> 
     </span>
     <span class='ocr_line' id='line_1_34' title="bbox 175 3585 949 3639; baseline 0.006 -5"><span class='ocrx_word' id='word_1_296' title='bbox 175 3596 273 3635; x_wconf 70' lang='lat' dir='ltr'><strong>mon.</strong></span> <span class='ocrx_word' id='word_1_297' title='bbox 320 3623 326 3636; x_wconf 92' lang='lat'>.</span> <span class='ocrx_word' id='word_1_298' title='bbox 915 3585 949 3639; x_wconf 88' lang='lat'><strong><em>18</em></strong></span> 
     </span>
    </p>
   </div>
   <div class='ocr_carea' id='block_1_4' title="bbox 0 0 1308 3920">
    <p class='ocr_par' dir='ltr' id='par_1_4' title="bbox 0 0 1308 3920">
     <span class='ocr_line' id='line_1_35' title="bbox 0 0 1308 3920; baseline 0 0"><span class='ocrx_word' id='word_1_299' title='bbox 0 0 1308 3920; x_wconf 95' lang='lat' dir='ltr'><strong><em> </em></strong></span> 
     </span>
    </p>
   </div>
  </div>
 </body>
</html>
