2588 3926
335 237 423 295 ιιε.
456 239 504 292 1x.
536 238 634 327 σεε.4
666 240 751 298 εσ-
765 242 808 297 ιο.
1015 234 1077 301 321

69 395 176 487 τούτῳ
195 401 241 486 τῷ
256 396 423 483 γινομένῳ
439 392 535 483 φόβφ
551 390 743 478 ἀγγέλλεται
757 405 841 459 τοῖσι
858 393 987 465 ἀλλοισι
1000 395 1077 468 Ἕλ-

70 503 146 580 λησι
159 507 244 561 τοῖσι
259 493 486 576 τεταγμένοισι
501 488 626 574 περὶτὰ
644 488 783 579 Ἡραῖον
800 493 854 558 καὶ
872 489 1076 582 ἀπογενομέ-

70 610 159 659 νοισι
170 598 227 676 τῆς
242 590 363 676 μάχης,
384 587 436 656 ὅτι
451 588 537 676 μάχη
558 616 594 657 τε
609 593 728 676 γέγονε
743 592 798 657 καὶ
812 598 935 681 νικῷεν
950 599 983 660 ολ
996 594 1076 679 μετά

69 694 279 757 Παυσανίεω.
301 691 335 754 οί
349 685 385 754 δέ
400 683 604 765 ἀκούσαντες
618 695 722 755 ταῦτα
737 684 861 756 οὐδένα
875 691 1004 776 κόσμον
1018 716 1077 758 τα-

69 789 206 873 χθέντες
219 790 253 852 oi
261 784 323 871 μέν
335 782 420 871 ἀμφὶ
431 792 640 873 Κορινθίους
652 786 835 872 ἐτράποντο
847 787 902 856 διά
913 798 972 877 τῆς
982 788 1076 857 ὑπω-

69 885 146 969 ρέης
161 885 216 950 καὶ
231 888 299 950 τῶν
314 888 476 951 κολωνῶν
491 881 553 970 τῆν
567 884 740 969 φέρουσαν
758 885 829 953 ἀνω
845 886 907 955 cm)
921 896 982 956 τοῦ
1000 893 1076 974 ίροῦ

68 989 126 1067 τῆς
141 983 335 1071 Δῆμητρος,
359 988 394 1051 οἱ
413 982 449 1050 δέ
467 980 552 1069 ἀμφὶ
574 986 751 1069 Μεγαρέας
770 1011 806 1052 τε
826 989 881 1054 καὶ
895 993 1076 1064 Φλιασίους

70 1082 125 1152 διά
140 1092 201 1151 τοῦ
217 1089 335 1153 πεδίου
349 1081 411 1172 τῆν
426 1086 601 1172 λειοτάτην
617 1091 685 1152 τῶν
700 1083 799 1154 ὁδῶν.
829 1089 903 1156 ἐπεί
913 1113 949 1155 τε
964 1089 1000 1155 δὲ
1016 1084 1077 1174 ἀγ-

68 1190 131 1270 χοῦ
151 1190 219 1251 τῶν
236 1192 405 1271 πολεμίων
426 1188 577 1271 ἐγίνοντο
600 1188 634 1252 οί
645 1187 818 1272 Μεγαρέες
839 1191 893 1256 καὶ
910 1188 1075 1275 Φλιάσιοι,

69 1281 245 1361 ἀπιδόντες
262 1289 366 1369 σφέας
382 1288 415 1352 οί
431 1291 498 1351 τῶν
512 1288 669 1371 Θηβαίων
686 1285 821 1352 ἱππόται
842 1289 1076 1374 ἐπειγομένους

69 1381 192 1451 οὐδένα
213 1381 342 1467 κόσμον
360 1379 513 1468 ῆλαυνον
533 1379 585 1449 ἐπ’
606 1377 728 1460 αὐτοὺς
748 1380 827 1460 τούς
846 1386 986 1469 ἵππους,
1007 1390 1075 1451 τῶν

68 1481 228 1568 ἱππάρχεε
240 1478 478 1564 Ἀσωπόδωρος
490 1476 507 1555 ὁ
520 1478 723 1564 Τιμάνδρου.
742 1481 937 1560 ἐσπεσόντες
949 1485 1075 1550 δὲκατ-

69 1583 248 1666 εστόρεσαν
269 1579 381 1648 αὐτῶν
395 1584 603 1665 ἑξακοσίους,
624 1576 703 1657 τοὺς
719 1578 910 1660 δέλοιπούς
928 1582 1074 1670 κατῆρα-

1 1767 2 1778 ¹
68 1688 130 1762 ξαν
144 1680 321 1758 διώκοντες
337 1683 369 1759 ές
383 1677 444 1747 τόν
458 1686 668 1763 Κιθαιρῶνα.
705 1668 809 1745 Οὗτοι
828 1678 891 1764 μέν
906 1677 946 1766 δῆ
962 1683 998 1747 ἐν
1013 1678 1074 1747 οὐ·

67 1782 138 1845 δενλ
157 1779 246 1869 λόγῳ
262 1776 454 1863 ἀπόλοντο,
476 1782 510 1845 οί
528 1779 564 1845 δὲ
579 1780 706 1864 Πέρσαι
723 1774 814 1844 καὶὸ
836 1776 935 1856 ἀλλος
956 1777 1069 1864 ὅμιλος
1086 1797 1120 1853 70

69 1873 113 1952 ὡς
133 1878 324 1961 κατέφυγον
340 1879 372 1953 ές
393 1873 429 1942 τό
453 1876 591 1955 ξύλινον
604 1891 732 1962 τεῖχος,
754 1881 912 1962 ἐφθησαν
927 1879 980 1943 ἐπὶ
993 1875 1072 1955 τοὺς

67 1973 219 2058 πύργους
234 1970 419 2059 ἀναβάντες
435 1975 515 2057 πρὶν
529 1967 550 2059 ῆ
565 1969 644 2051 τοὺς
659 1976 943 2059 Λακεδαιμονίους
958 1969 1074 2040 ἀπικέ-

68 2082 159 2140 σθαι.
190 2068 374 2159 ἀναβάντες
394 2072 430 2138 δέ
448 2072 635 2157 ἐφράξαντο
655 2070 699 2151 ὡς
718 2075 876 2141 ἐδυνέατο
896 2072 1014 2161 ἀριστα
1035 2071 1071 2140 τὸ

70 2184 179 2256 τεῖχος.
196 2167 456 2254 προσελθόντων
468 2170 505 2237 δέ
515 2174 866 2257 τῶνΛακεδαιμονίων
877 2172 1076 2258 κατεστήκεέ
1190 2214 1193 2218 1

66 2291 128 2356 σφι
145 2273 331 2354 τειχομαχίη
347 2268 622 2355 ἐρρωμενεστέρη.
652 2271 714 2348 ἕως
729 2271 792 2355 μὲν
811 2269 877 2356 γάρ
894 2268 1026 2357 ἀπῆσαν
1042 2274 1076 2337 ολ

1 2389 2 2392 ’
62 2367 252 2452 Ἀθηναῖοι,
280 2370 314 2434 οί
331 2362 363 2432 δ’
383 2363 554 2453 ῆμόνοντο
569 2369 625 2435 καί
645 2374 758 2458 πολλῷ
778 2373 881 2437 πλέον
896 2366 984 2456 εἶχον
1004 2374 1073 2435 τῶν

1 2513 2 2516 =
65 2468 342 2551 Λακεδαιμονίων
360 2462 445 2532 ὥστε
460 2462 522 2532 οὐκ
538 2468 766 2552 ἐπισταμένων
781 2472 1012 2555 τειχομαχέειν,
1029 2464 1073 2546 ὡς

65 2563 106 2629 δέ
118 2582 178 2646 σφι
193 2566 227 2629 οἱ
238 2559 410 2648 Ἀθηναῖοι
426 2572 639 2650 προσῆλθον,
656 2563 744 2632 οὕτω
759 2563 799 2652 δῆ
813 2565 930 2655 ίσχυρῆ
946 2569 1071 2652 ἐγίνετο

1 2690 9 2745 ’.
66 2667 252 2748 τειχομαχίη
268 2664 323 2730 καί
339 2663 464 2750 χρόνον
478 2667 531 2733 ἐπὶ
544 2663 680 2733 πολλόν.
701 2669 793 2742 τέλος
809 2667 845 2733 δέ
861 2663 961 2755 ἀρετῆ
971 2692 1006 2734 τε
1017 2668 1073 2734 καὶ

2 2723 11 2804 λ·
64 2767 201 2846 λιπαρίη
217 2761 569 2851 έπέβησανἏθηναῐοι
583 2770 644 2832 τοῦ
658 2771 779 2851 τείχεος
790 2766 846 2833 καὶ
856 2763 1014 2853 ἤρειπον,
1031 2774 1072 2855 τῆ

67 2856 107 2944 δὴ
131 2862 296 2944 ἐσεχέοντο
313 2867 347 2930 ολ
359 2861 526 2951 Ἕλληνες.
557 2870 683 2949 πρῶτοι
698 2863 734 2931 δέ
748 2866 896 2950 ἐσῆλθον
913 2872 1071 2953 Τεγεῆται

65 2962 99 3036 ἐς
113 2953 149 3023 τὸ
166 2971 286 3043 τεῖχος,
325 2958 381 3025 καί
413 2957 474 3044 τῆν
508 2957 637 3044 σκηνῆν
669 2958 732 3045 τῆν
759 2966 962 3051 Μαρδονίου
977 2955 1072 3031 οὗτοι

1 3063 2 3110 ³
64 3049 152 3143 ἦσαν
167 3060 201 3123 οἱ
213 3058 472 3146 διαρπάσαντες,
488 3060 529 3128 τά
546 3087 581 3128 τε
595 3059 680 3130 ἀλλα
690 3063 723 3140 ἐξ
739 3057 909 3147 αὐτῆςναί
926 3059 989 3148 τῆν
1003 3059 1072 3147 φά-

59 3182 148 3242 ,τνην
166 3161 235 3223 τεόν
248 3157 361 3224 ἵππων
377 3160 499 3225 ἐοῦσαν
514 3162 659 3245 χαλκέην
672 3165 784 3226 πᾶσαν
797 3162 853 3226 καί
867 3161 950 3244 θέης
964 3156 1068 3243 ἀξίην.

64 3250 126 3338 τῆν
140 3254 203 3339 μέν
220 3279 286 3321 νυν
308 3253 442 3340 φάτνην
461 3255 588 3339 ταύτην
607 3253 669 3342 τῆν
684 3260 886 3341 Μαρδονίου
903 3254 1072 3324 ἀνέθεσαν

0 3422 1 3445 χ
63 3352 99 3426 ές
113 3348 172 3418 τὸν
189 3349 273 3438 νηόν
287 3357 344 3438 τῆς
359 3349 469 3438 Ἀλέῆς
481 3349 660 3438 Ἀθηναίης
679 3360 852 3439 Τεγεῆται,
875 3350 915 3420 τά
934 3354 970 3421 δέ
987 3351 1072 3420 ἀλλα

0 3454 1 3487 ³
64 3450 98 3525 ές
111 3445 229 3533 τώυτό,
247 3448 308 3517 ὅσα
319 3474 381 3537 περ
394 3456 526 3539 ἐλαβον,
542 3452 718 3539 έσῆνεικαν
732 3467 817 3520 τοῖσι
823 3449 966 3537 Ἕλλησι.
991 3453 1023 3518 ol
1034 3451 1070 3519 δὲ

149 3559 248 3598 mon.
270 3548 301 3599 ll.
898 3550 927 3600 »1
