2536 3934
296 214 382 276 ΗΒ.
415 218 437 274 l.
472 214 571 279 ΟΑΡ.
606 222 705 280 113-
720 226 779 283 116.
1003 214 1044 280 63

89 374 128 436 τοῦ
140 370 252 442 όοόλου
259 376 453 465 ,βουκόλου
468 378 502 446 όέ
518 375 666 466 παιδός,
680 371 744 448 όόε
767 385 1044 468 περιυβρίσμεθα,

86 467 185 549 λιικνός
198 497 254 540 του
241 472 389 554 παιδός
403 473 483 555 τούς
498 475 618 564 άμους.
661 475 822 556 Ἀκοόσας
842 478 877 546 66
892 481 947 546 καλ
962 474 1046 546 λόάν
1062 484 1112 537 11⁵

83 563 272 661 ὁἈστυάγης,
287 575 418 652 ἐθέλων
429 596 659 666 τιμωρησαι
627 601 672 643 τω
659 577 777 643 παιδὶ
792 580 886 662 τιμῆς
899 581 958 662 τῆς
970 572 1045 692 Ἀρ-

82 669 260 757 τεμβάρεω”
230 698 369 761 εινεκεν,
377 674 652 761 μετεπέμπετο’
612 701 674 744 τον
686 701 721 742 τε
735 673 905 763 βουκόλον
918 670 1018 740 καὶ
985 699 1045 791 τρν

80 771 162 834 πολλα.
196 770 299 841 ἐπείτε
320 770 358 838 δέ
369 778 523 865 παρῆσαν
538 769 733 892 άμρότεροι,
750 770 875 857 βλέψας
889 767 972 857 πρός
986 766 1046 837 τόν

79 864 199 950 Κῦρον
186 893 203 935 ο
220 865 404 956 Ἀστυάγης
424 876 506 956 ἐφη·
549 867 605 939 Σὺ
621 867 662 958 δη
684 867 750 937 ἐάν
769 872 867 937 τοῦόε
888 867 1045 936 τοιούτου

79 957 164 1040 ἐόντος
178 977 249 1044 παλς
264 965 504 1053 ἐτόλμησας
468 995 531 1038 τον
553 972 652 1037 τοῦδε
666 972 768 1036 παῖδα
782 967 895 1048 ἐόντος
909 966 1044 1057 πράτου

78 1078 126 1142 περ
124 1054 239 1145 ”ἐμολ
220 1071 347 1151 αεικείη
359 1070 668 1153 τοιῇόεπερισπεϊυ,
691 1065 778 1136 ‘06
795 1063 946 1155 άμείβετυ
962 1058 1043 1135 άόε

75 1144 235 1229 ’λλλέσποτα
246 1161 351 1248 ,ἐγώ
373 1166 479 1230 ταῦτα
500 1165 621 1231 τοῦτον
640 1163 778 1248 ἐποίησα
802 1161 867 1230 σόν
898 1168 990 1254 δίκη
1012 1168 1046 1232 ολ

76 1280 106 1338 γα
107 1281 121 1342 ρ
133 1284 168 1344 με
181 1263 267 1328 ἐκ
226 1288 285 1381 της
302 1262 415 1350 κόμης
428 1269 559 1353 παῖδες,
581 1272 649 1334 τῶν
663 1268 717 1334 καλ
732 1256 825 1333 όιλε
802 1292 858 1354 ην,
874 1270 1044 1345 παίζοντες

75 1356 211 1437 ορέυν’
173 1367 282 1428 αυτόν
300 1362 479 1451 ἐστήσαντο
493 1364 647 1452 βασιλέα·
679 1363 816 1432 ἐδόκεον
834 1363 899 1452 γάρ
921 1383 981 1450 σφι
997 1360 1044 1430 εἶ-

76 1474 114 1518 ναι
131 1456 158 1532 ἐς
177 1463 273 1525 τοῦτο
298 1460 564 1546 ἐπιτηδεότατος.
598 1466 633 1529 οί
653 1463 716 1547 μέν
738 1487 804 1529 νυν
818 1459 912 1530 άλλοι
929 1464 1044 1538 παῖδες

74 1547 101 1615 τό
112 1554 343 1646 ἐπιτασσόμενα
357 1559 538 1646 ἐπετέλεον,
552 1551 659 1639 ὀὗτος
671 1559 709 1628 ιλλ
724 1556 929 1647 ἀνηκούστεέ
939 1584 974 1626 τε
988 1558 1043 1627 καλ

74 1649 150 1736 λόγον
163 1653 222 1743 εἶχε
233 1654 373 1744 οὐδένα,
387 1658 421 1736 ἐς
436 1654 563 1747 όέλαβε
579 1656 641 1746 τὴν
657 1663 762 1746 δίκην.
786 1664 817 1728 εἰ
829 1651 878 1727 οἶν
893 1655 933 1746 (λη
945 1660 1044 1726 τοῦδε

74 1751 171 1821 εἵνεκεν
186 1754 277 1839 άξιός
301 1756 360 1824 τευ
373 1763 480 1825 κακοῦ
495 1760 577 1844 εἰμὶ,
601 1756 658 1826 ὅδε
672 1782 722 1826 τοι
739 1757 884 1846 πάρειμι.
933 1761 1044 1823 Ταῦτα
1060 1759 1110 1816 116
1172 1834 1182 1841 ἡ

73 1849 196 1969 λέγοντος
220 1865 283 1925 τοῦ
313 1852 432 1935 παιδός
456 1852 517 1925 τόν
536 1854 717 1944 Ἀστυάγεα
740 1856 828 1945 ἐσήιε
856 1852 1044 1940 ἀνάγνωσις

72 1946 165 2039 αὐτοῦ,
183 1960 243 2023 καί
260 1951 332 2024 oc“
312 1981 329 2022 ο
345 1980 380 2022 τε
400 1980 567 2075 χαρακτηρ
584 1981 644 2024 του
630 1954 843 2043 προσώπου
856 1951 1044 2039 προσφέρε-

73 2050 251 2122 σθαιέλόκεε
269 2054 307 2132 ἐς
319 2049 448 2120 ἑωυτόν
468 2050 560 2120 καὶ
543 2080 564 2141 η
586 2050 763 2171 ὑπόκρισις
784 2048 1043 2161 ἐλευθεριωτέρη

72 2142 185 2237 όντι,”
166 2177 183 2219 ο
204 2177 241 2220 τε
264 2148 389 2239 χρόνος
411 2176 468 2237 της
488 2151 639 2228 ἐκθέσιος
660 2156 699 2240 τῇ
720 2144 832 2271 άγλικέη
851 2170 912 2214 του
897 2139 1044 2220 παιδός

70 2244 156 2317 έλόπεε
180 2257 391 2339 συμβαίνειν.
424 2252 596 2335 έκπλαγελς
620 2249 656 2317 66
679 2248 825 2318 τούτοισι
846 2248 896 2314 ἐπὶ
919 2241 1044 2332 χρόνον

69 2340 252 2435 ἄφθογγος
228 2374 294 2436 ην·
310 2346 406 2434 μόγις
417 2347 453 2416 (λέ
468 2348 511 2435 (λη’
524 2345 811 2434 κοτεάυενειχθελς
823 2343 902 2431 εἷπε,
915 2345 1044 2412 ἐθέλων

67 2441 203 2531 ἐκπέμψαι
226 2444 290 2514 τόν
308 2443 547 2534 Ἀρτεμβάρεα,
571 2444 629 2513 ἵνα
649 2443 710 2514 τόν
729 2444 899 2532 βουκόλον
912 2448 1042 2530 μοῦνον

67 2541 155 2661 λρβόυ
164 2549 350 2664 βρσανίση·
368 2540 595 2662 Ἀρτέμβαρες,
610 2541 674 2630 ἐγώ
689 2551 792 2611 ταῦτα
802 2540 942 2630 ποιήσω,
958 2537 1042 2606 ὥστε

66 2636 91 2705 ολ
105 2640 205 2709 καλ
170 2667 232 2712 τον
253 2645 359 2709 παῖδα
378 2636 439 2708 τόν
462 2640 525 2708 σόν
546 2642 652 2729 μηδὲν
672 2641 925 2728 ἐπιμέμφεσθαι
974 2635 1042 2706 Τόν

65 2739 110 2819 μεν
122 2740 157 2828 θὴ
171 2740 401 2829 Ἀρτεμβάρεα
414 2737 607 2829 πέμπει,
573 2767 634 2809 τον
650 2741 686 2808 όέ
700 2732 854 2830 Κῦρον
831 2763 916 2830 ηγον
932 2745 996 2809 ἔσω
1011 2744 1044 2808 oc

62 2837 249 2924 θεράποντες
267 2837 489 2917 κελεύσαντος
502 2862 564 2905 του
549 2830 783 2922 Ἀστυάγεος.
810 2839 879 2905 ἐπεὶ
898 2833 976 2955 ,δὲ’
959 2861 1040 2904 υπε-

62 2934 189 3003 λέλειπτο
219 2931 237 3002 ό
271 2930 435 3017 βουκόλος
464 2935 589 3019 μοῦνος
617 2938 835 3021 μουνωθέντα
864 2930 968 3001 αὐτόν
996 2943 1043 3001 ελ·-

60 3028 150 3111 ρετοό,
163 3030 365 3118 Ἀστυάγης,
386 3029 493 3099 κόθεν
508 3030 605 3118 λάβοι
631 3026 691 3098 τόν
710 3033 812 3098 παλόα
827 3031 943 3109 καλπίς
958 3029 1038 3118 ελη“
1024 3059 1041 3101 ο

59 3128 263 3217 παρτβοός.
246 3158 267 3201 ο
285 3131 321 3200 66
339 3135 373 3212 ἐξ
389 3133 517 3199 ἐαυτοῦ
527 3157 562 3198 τε
577 3134 640 3218 ἐφη
654 3130 829 3254 γεγογέναι
844 3128 949 3198 καὶ
913 3157 975 3217 την
989 3157 1043 3198 τε-

58 3235 169 3354 ιρῦσαν
182 3227 292 3299 αὐτόν
309 3234 356 3298 ἐτι
379 3226 463 3297 εἶναι
477 3226 552 3315 παρ’
569 3230 700 3324 ἑωυτῷ.
731 3226 914 3314 Ἀστυάγης
934 3232 973 3296 δέ
986 3255 1044 3315 μιν

59 3324 107 3395 οὐκ
121 3355 158 3398 ευ
144 3322 400 3419 ’βουλεύεσθαι
416 3332 480 3415 ἐφη
495 3327 721 3414 ἐπιθυμέοντα
732 3323 798 3406 ἐς’
779 3326 927 3411 ανάγκας
941 3325 1044 3409 μεγά-

56 3426 104 3509 λος
120 3423 408 3517 άπιπνέεσθαι,”
384 3453 453 3517 αμα
472 3451 509 3495 τε
529 3425 637 3515 λέγων
656 3430 760 3492 ταῦτα
780 3420 937 3509 ἐσημαινε
959 3428 1043 3483 τοῖσι
