2536 3934
187 233 230 302 54
575 240 827 299 ΗΕΗΟΒΟΤί

188 395 306 491 ἤθελε,
333 402 483 486 ἔνθαπερ
526 395 692 488 πρότερον
716 405 924 487 προκατίζων
950 403 1098 488 ἰδίκαζεχ
1118 393 1188 469 οὔτ’

187 506 252 588 ἔφη
267 503 365 568 δικάν
379 503 442 568 ἔτι·
479 496 521 568 οὐ
541 499 607 587 γάρ
623 502 658 569 οἰ
669 502 872 570 λυσιτελέειν
886 506 955 569 τῶν
970 503 1099 569 ἑωυτοῦ
1113 500 1191 586 ἐξη-

186 597 351 689 μεληκότα
367 612 453 669 τοίσε
467 600 568 679 πέλας
591 595 637 667 δι’
658 596 782 687 ἡμέρης
803 596 957 681 δικάζειν.
997 598 1117 685 ἐούσης
1138 590 1192 665 εἶν

186 697 337 790 ἁρπαγῆς
351 700 405 767 καί
420 694 559 788 άνομίης
574 702 622 767 ἔτι
637 704 749 790 πολλῷ
769 704 898 786 μᾶλλον
915 695 980 767 άνά
1002 696 1061 777 τάς
1074 697 1191 785 κόμας

185 795 207 887 ἢ
228 797 394 888 πρότερον
413 791 475 887 ηὐ,
499 800 752 885 συνελέχθησαν
772 802 806 865 οἰ
817 803 933 885 Μῆδοι
951 799 987 877 ἐς
1010 793 1115 865 τάυτό
1132 797 1190 865 καί

186 904 340 971 ἐδίδοσαν
360 906 456 987 σφίσι
476 896 595 986 λόγον,
616 902 770 985 λέγοντες
789 899 865 984 περί
879 902 946 964 τῶν
961 893 1188 982 κατηκόντων.

187 998 231 1081 ὦς
244 997 274 1069 δ’
290 996 354 1087 ey&
372 998 488 1088 δοκέω,
503 999 645 1088 μάλιστα
660 983 781 1084 ἔλεγοά
791 1003 825 1067 οί
838 1005 900 1066 τοῦ
910 996 1065 1085 Δηιόκεω
1077 1004 1187 1083 φίλοι.

187 1095 239 1167 Οό
252 1094 318 1186 γάρ
334 1094 373 1185 δή
389 1096 502 1190 τρόπῳ
515 1106 561 1191 τῷ
582 1097 743 1187 παρεόντι
754 1094 929 1186 χρεόμενοι
941 1102 1083 1166 δυνατοί
1095 1103 1190 1184 εἰμεν

184 1199 305 1268 οἰκέειν
318 1194 380 1285 τήν
393 1195 522 1285 χάρηυ,
543 1199 624 1285 φέρε
639 1195 813 1284 στήσωμεν
832 1193 945 1283 ἡμέων
960 1192 1073 1265 αὐτῶν
1086 1203 1188 1282 βασι-

183 1305 258 1373 λέα·
289 1302 344 1370 καί
365 1299 454 1370 οὕτω
474 1298 497 1387 ή
515 1325 551 1368 τε
570 1298 660 1387 χάρη
683 1296 903 1386 εὐνομήσεται
924 1299 979 1365 καί
993 1294 1088 1365 αὐτοὶ
1101 1293 1188 1385 πρὸς

183 1407 263 1489 ἔργα
277 1399 486 1489 τρεψόμεθα,
507 1397 586 1469 οὐδὲ
600 1396 660 1467 ὑπ’
678 1395 818 1485 ἀνομίης
833 1394 1012 1466 ἀνάστατοι
1026 1396 1184 1485 ἐσόμεθα.

186 1501 297 1572 Ταῦτά
321 1529 365 1591 κη
389 1504 541 1588 λέγοντες
568 1507 726 1569 πείθουσι
755 1494 902 1576 ἑωυτοὺς
928 1496 1182 1584 βασιλεύεσθαι.

135 1598 310 1683 εςΑότίκα
330 1602 367 1667 δὲ
387 1600 687 1687 προβαλλομένων,
710 1595 826 1666 ὅντινα
841 1595 1019 1684 στήσονται
1034 1597 1184 1684 βασιλέα,

181 1696 199 1769 ὁ
215 1697 363 1787 Δηιόκης
383 1690 426 1786 ήν
446 1695 569 1778 πολλός
591 1695 657 1767 ὑπό
679 1693 804 1776 παντός
825 1694 949 1782 άνδρδς
964 1699 1019 1766 καί
1033 1702 1184 1785 προβαλ-

179 1797 320 1887 λόμενος
333 1799 389 1867 καί
402 1796 612 1886 αἰνεόμενος,
634 1800 667 1879 ές
681 1795 701 1867 δ
714 1805 836 1867 τοῦτον
857 1802 1070 1868 καταινέουσι
1084 1805 1181 1885 βασι-

179 1900 238 1968 λέα
262 1904 357 1985 σφίσι
378 1896 471 1967 εἰναι.
513 1896 531 1967 ὁ
553 1895 585 1967 δ’
611 1899 742 1968 ἐκέλευε
763 1894 886 1977 αὐτοὺς
906 1903 995 1967 οἰκία
1014 1923 1050 1965 τε
1062 1897 1182 1988 ’ἑωυτῷ

179 1996 254 2079 άξια
277 2003 335 2085 τής
360 2005 534 2088 βασιληίης
558 2004 775 2087 οἰκοδομῆσαι
807 2000 862 2068 καί
886 2005 1051 2087 κρατῦναι
1075 1995 1182 2067 αὐτόν

179 2096 409 2188 δορυφόροισι.
448 2107 582 2168 ποιεῦσι
603 2096 643 2187 δή
667 2105 771 2167 ταῦτα
793 2102 828 2167 οί
845 2102 977 2186 Μῆδοι·
1006 2101 1182 2184 οἰκοδομέ-

178 2204 258 2266 ουσί
273 2224 309 2266 τε
331 2195 396 2285 γάρ
410 2196 501 2290 αὐτῷ
516 2203 604 2267 οἰκία
617 2197 746 2285 μεγάλα
760 2224 795 2267 τε
809 2201 866 2268 καί
886 2205 1007 2287 ἰσχυρά
1013 2249 1023 2286 ,
1043 2200 1101 2266 ἵνα
1116 2194 1181 2265 αὖ·

179 2291 234 2374 τός
253 2301 379 2382 ἔφρασε
398 2304 456 2384 τῆς
475 2295 601 2385 χάρης,
624 2298 679 2365 καί
699 2297 914 2386 δορυφόρους
929 2294 1020 2388 αὐτῷ
1044 2294 1180 2384 ἐπιτρά-

177 2411 279 2461 πουσι
293 2394 329 2461 ἐκ
342 2393 481 2463 πάντων
494 2395 627 2484 Μήδων
643 2400 894 2479 καταλέξασθαι.
938 2395 956 2468 ὁ
982 2401 1020 2470 δὲ
1048 2393 1092 2477 άς
1106 2401 1180 2482 ἔσχε

176 2489 239 2579 τήν
258 2488 381 2581 άρχήυ,
402 2493 481 2576 τούς
501 2496 646 2585 Μήδους
664 2494 836 2585 ήνάγκασε
857 2501 895 2566 ἓν
913 2496 1060 2583 πόλισμα
1079 2495 1180 2582 ποιή-

176 2600 318 2679 σασθαι,
345 2595 400 2663 καί
423 2601 523 2664 τοῦτο
548 2599 824 2686 περιστέλλοντας
850 2604 917 2666 τῶν
941 2595 1053 2667 ἄλλων
1076 2599 1179 2665 ἕσσον

174 2692 399 2778 ἐπιμέλεσθαι.
440 2699 656 2783 πειθομένων
680 2693 718 2764 δέ
741 2699 798 2765 καί
822 2702 926 2766 ταῦτα
949 2704 1017 2766 τάν
1043 2696 1180 2783 Μήδων

174 2795 359 2880 οἰκοδομέει
372 2800 479 2883 τείχεα
492 2797 620 2885 μεγάλα
635 2824 671 2866 τε
685 2799 740 2866 καί
754 2801 916 2887 καρτεροί,
937 2805 1041 2867 ταῦτα
1055 2795 1094 2867 τά
1111 2804 1179 2866 νῦν

169 2888 548 2984 ’Δχβάταναικέκληταῃ
580 2898 695 2985 ἕτερον
721 2901 821 2991 ἑτέρῳ
847 2899 959 2993 κόκλω
985 2902 1176 2970 ἐνεστεῶτα».

171 2991 399 3081 μεμηχάνηται
419 2997 455 3065 δδ
479 2994 568 3065 οὕτω
589 3004 688 3067 τοῦτο
707 2995 745 3068 τό
766 3014 889 3087 τεῖχος,
915 2998 1038 3069 άστεὸ
1065 3003 1180 3087 ἕτερος

172 3096 232 3159 τοῦ
242 3093 357 3181 ἑτέρου
371 3094 496 3175 κύκλος
509 3111 595 3166 τοῖσι
609 3107 822 3186 προμαχεῶσι
835 3100 995 3187 μοάνοισί
1003 3105 1071 3171 ἐστι
1085 3097 1178 3188 ὑψη-

170 3188 315 3279 λότερος.
345 3189 382 3262 τό
405 3198 468 3281 μέν
488 3196 553 3265 κοά
567 3226 598 3267 τι
612 3200 667 3268 καί
680 3196 717 3267 τό
734 3207 858 3286 χωρίον
872 3205 1052 3288 συμμαχέει
1065 3211 1177 3271 κολω-

170 3290 229 3375 νός
243 3289 302 3363 ἑόν
341 3291 425 3364 ὥστε
445 3305 578 3368 τοιοῦτο
598 3298 701 3387 εἶναι,
722 3297 759 3368 τό
781 3304 818 3369 δὲ
839 3303 893 3370 καί
909 3300 1038 3388 μᾶλλόν
1052 3328 1083 3371 τι
1097 3304 1179 3372 έπε-
1254 3304 1255 3339 ³

169 3390 337 3482 τηδεάθη,
352 3392 489 3466 κύκλων
502 3395 629 3468 έόντων
642 3404 710 3467 τάν
724 3398 951 3470 συναπάντων
965 3398 1056 3469 ἑπτά.
1085 3403 1123 3468 ἐν
1137 3403 1178 3471 δδ
1253 3484 1254 3487 ¹

169 3500 214 3588 τῷ
234 3500 411 3590 τελευταίῳ
431 3495 471 3566 τά
490 3498 647 3588 βασιλήια
668 3504 776 3570 ἔνεστι
797 3502 852 3570 καί
872 3505 906 3571 οί
917 3505 1094 3589 θησαυροί.
1135 3498 1176 3569 τό
