2562 3926
340 211 423 268 Lm.
455 211 498 271 οε
534 195 797 307 οεαέε-α,
1000 209 1062 273 247

75 370 189 436 οίκίων
209 361 298 434 καλ
283 392 302 434 ο
324 366 453 434 ἐκείνου
473 363 633 452 ἀδελφεός
652 369 815 489 Σμέρδις.
838 365 898 438 τδν
917 372 978 456 μέν
997 395 1064 440 νυν

72 464 214 552 μάλιστα
227 469 310 551 χρῆν
324 465 402 550 ἐμεῦ
417 463 533 552 αἰσχρὰ
547 489 631 551 προς
645 472 713 534 τῶν
725 465 842 587 μάγων
855 468 1063 548 πεπονθότος

75 563 245 646 τιμωρέειν
265 563 352 648 ἐμοὶ,
381 553 477 640 οὗτος
499 561 561 648 μέν
586 559 709 653 ἀνοσίῳ
734 562 827 655 μόρῳ
852 564 1062 651 τετελεύτηκε

74 654 137 725 ύπδ
151 664 220 724 τῶν
234 658 407 725 ἐωυτοῦί
374 682 391 723 ο
393 657 608 744 ίκηιωτάτων·
633 662 754 729 τούτου
764 662 800 730 66
810 663 924 749 μηκέτι
939 660 1061 746 ἐόντος,

74 754 210 841 δεύτερα
223 759 291 823 τόν
306 752 465 823 λοιπῦν’
447 771 538 843 υμιν,
557 782 583 823 ω
571 749 735 845 Πέρσαι,
749 764 878 845 γίνεταί
887 784 943 847 μοι
957 758 1062 846 ἀναγ-

73 851 247 922 καιότατον
262 854 471 922 ἐντέλλεσθαι
485 880 526 922 τα
515 851 642 923 ἐθέλω
650 882 705 942 μοι
713 857 872 942 γενέσθαι
880 857 1062 925 τελευτέων

72 948 130 1018 τόν
142 957 236 1038 βίον·
256 952 311 1019 καὶ
325 946 365 1038 δή
378 946 457 1039 ύμῖν
467 951 547 1023 τόδε
559 951 746 1038 ἐπισκήπτω
759 950 862 1032 θεούς
874 950 953 1032 τούς
965 962 1061 1040 βασι-

72 1055 184 1135 ληίους
206 1047 405 1134 ἐπικαλέων,
432 1048 487 1116 καὶ
506 1054 610 1116 πᾶσιν
623 1045 705 1134 ὑμῖν
725 1051 779 1117 καλ
797 1049 937 1136 μάλιστα
952 1048 1061 1137 Ἀχαιέ

70 1148 233 1231 μενιδέων
252 1158 336 1215 τοῖσι
356 1151 533 1233 παρεοῦσι,
554 1143 598 1233 μή
618 1149 779 1233 περιιδεῖν
800 1143 862 1235 τήν
880 1144 1059 1234 ἡγεμονίην

73 1239 165 1322 αύτις
180 1244 213 1321 ἐς
228 1242 367 1328 Μήδους
387 1250 649 1330 περιελθοῦσαν,
672 1240 746 1313 ἀλλ’
763 1254 827 1313 είτε
847 1245 933 1336 δόλῳ
949 1250 1059 1331 έχουσι

73 1337 178 1428 αύτήν
191 1338 406 1427 κτησόμενοι,
428 1341 516 1434 δόλῳ
530 1337 752 1431 ἀπαιρεθῆναι
766 1340 832 1411 ὑπ’
846 1341 974 1430 ὑμέων,
995 1349 1059 1409 είτε

72 1440 124 1507 καὶ
137 1439 258 1505 σθένεΐ
267 1463 329 1528 τεῳ
344 1437 639 1527 κατεργασόμενοι,
662 1444 778 1509 σθένεϊ
789 1437 871 1509 κατά
890 1435 927 1507 τό
941 1462 1058 1521 καρτε-

72 1533 133 1622 ρδν
153 1531 402 1604 ἀνασώσασθαι.
436 1538 490 1604 καὶ
511 1543 614 1605 ταῦτα
629 1537 691 1625 μέν
710 1544 840 1606 ποιεῦσι
860 1532 941 1624 ύμῖν
960 1539 1003 1620 γῆ
1022 1557 1059 1599 τε

71 1630 201 1720 καρπόν
221 1632 355 1719 ἐκφέροι
374 1635 430 1703 καὶ
445 1636 599 1719 γυναῖκές
617 1660 653 1703 τε
671 1638 726 1704 καὶ
750 1648 887 1722 ποῖμναι
905 1638 1056 1713 τίκτοιεν,

71 1731 161 1798 ἐοῦσι
181 1731 214 1807 ἐς
234 1726 293 1798 τόν
313 1727 443 1799 ἀπαντα
467 1732 590 1818 χρόνον
611 1734 832 1818 ἐλευθέροισι·
861 1727 906 1817 μῆ
926 1726 1058 1796 ἀνασω·

72 1827 243 1913 σαμένοισι
257 1824 292 1894 δὲ
302 1823 364 1914 τήν
374 1824 479 1916 ἀρχήν
493 1828 570 1916 μηδ’
589 1828 811 1916 ἐπιχειρήσασι
825 1823 1005 1907 ἀνασώζειν
1016 1821 1057 1892 τά

72 1926 203 2012 ἐναντία
222 1923 368 1991 τούτοισι
387 1920 525 2012 ἀρέομαι
545 1922 625 2012 ὑμῖν
647 1928 823 2011 γενέσθαι,
843 1925 897 1992 καὶ
911 1918 995 2009 πρός
1010 1926 1056 1989 ἐτι

70 2020 216 2089 τούτοισι
241 2018 277 2088 τδ
303 2024 394 2100 τέλος
416 2024 575 2107 Περσέων
599 2022 724 2115 έκάστῳ
747 2023 957 2107 ἐπιγενέσθαι
984 2012 1057 2085 οἷον

70 2120 139 2206 ἐμοὶ
153 2121 333 2205 ἐπιγέγονε.
368 2119 453 2207 Ἅμα
467 2146 503 2188 τε
523 2129 617 2199 είπας
628 2126 731 2188 ταῦτα
746 2146 764 2188 ο
750 2116 960 2238 Καμβύσης
978 2113 1057 2181 ἀπέ·

71 2225 161 2286 κλαιε
174 2214 362 2304 πᾶσαντήν
375 2220 502 2286 ἑωυτοῦ
515 2220 662 2305 πρῆξιν.
676 2209 885 2302 Πέρσαιδ’“
865 2211 981 2291 ωςτδν
993 2217 1053 2299 βα
1037 2221 1099 2273 66

71 2315 161 2383 σιλέα
176 2311 266 2382 εἶδον
286 2310 556 2400 ἀνακλαύσαντα,
577 2314 699 2393 πάντες
718 2311 759 2381 τά
780 2336 815 2380 τε
831 2312 969 2396 ἐσθῆτος
983 2308 1058 2394 ἐχό-

70 2439 151 2499 μενα
174 2410 278 2499 εἶχον,
301 2417 403 2480 ταῦτα
423 2420 671 2501 κατηρείκοντο,
692 2414 800 2481 ιἰαλί
766 2416 898 2498 ομωγῆ
912 2404 1056 2498 ἀφθόνῳ

71 2506 272 2626 διεχριοντο.
286 2534 367 2594 μετα
354 2507 551 2596 δὲταῦτα,
572 2507 617 2588 ὦς
629 2510 831 2629 ἐσῳακέλισέ
839 2534 875 2576 τε
888 2533 925 2574 το
913 2502 1057 2575 ὀστέον

70 2602 160 2675 ταδ’
145 2634 164 2675 ο
190 2600 294 2691 μηρός
313 2604 448 2691 τάχιστα
469 2604 638 2723 έσάπη,’
619 2604 775 2694 απῆνεικε
791 2602 977 2691 Καμβύσην
995 2600 1056 2671 τδν

70 2702 203 2788 Κύρου,
223 2697 464 2787 βασιλεύσαντα
483 2698 594 2787 μέν
557 2728 597 2768 τα
612 2701 720 2768 πόντα
738 2697 819 2768 ἐπτά
834 2703 906 2771 ἐτεα
922 2701 977 2765 καλ
992 2704 1056 2783 μῆ-

12 2824 15 2839 ·
69 2824 127 2878 νας
146 2797 263 2883 πέντε,
286 2793 409 2865 ἀπαιδα
431 2797 467 2865 δέ
491 2794 528 2866 τό
553 2798 711 2884 παράπαν
731 2795 827 2865 ἐόντα
848 2800 981 2878 ἔρσενος
1001 2796 1056 2862 καὶ

68 2893 191 2983 θήλεος
219 2892 334 2980 γόνοα
376 2895 534 2979 Περσέων
564 2893 600 2960 δὲ
624 2907 708 2962 τοῖσι
737 2897 897 2977 παρεοῦσι
922 2887 1055 2976 ἀπιστίη

68 2989 172 3079 πολλῆ
186 2987 366 3075 ὑπεκέχυτο
380 2987 458 3069 τούς
471 2990 598 3076 μάγονς
615 2995 700 3075 ἐχειν
716 2987 754 3057 τά
768 2987 957 3109 πρήγματα,
978 2985 1052 3058 ἀλλ’

69 3085 241 3176 ῆπιστέατο
265 3087 318 3155 ἐπλ
337 3090 480 3176 διαβολή
503 3089 607 3155 είπετν
626 3086 813 3173 Καμβύσην
828 3113 870 3155 τα
857 3085 960 3155 εἰπε
979 3091 1055 3169 περὶ

69 3193 126 3256 τοῦ
150 3187 317 3273 Σμέρδιος
328 3183 508 3306 θανάτον,
540 3187 597 3252 ἵνα
624 3189 657 3254 σί
678 3186 894 3274 ἐκπολεμωθῇ
922 3191 990 3252 πᾶν
1016 3181 1054 3249 τό

67 3279 244 3368 Περσικόν
290 3271 393 3349 Ούτοι
406 3282 468 3367 μέν
481 3305 547 3348 νυν
561 3277 733 3367 ἠπιστέατο
746 3277 940 3367 Σμέρδιν
905 3304 966 3345 τον
981 3279 1051 3344 Κύ-
1061 3294 1095 3346 67

66 3403 130 3466 ρου
148 3379 288 3471 βασιλέα
307 3376 499 3448 ἐνεστεῶτα·
521 3381 638 3459 δεινός
657 3375 722 3471 γὰρ
741 3379 796 3447 καλ
816 3374 835 3447 δ
855 3372 1054 3467 Πρηξάσπης
