2562 3926
205 228 266 293 ιον
509 246 513 251 ,
600 226 851 285 ιιεεοοοτι
1119 224 1122 229 ·
1265 210 1268 325 λ

200 389 353 479 βασιλέα,
379 386 564 477 δεδήλωταί
580 410 638 473 μοι
652 386 799 474 πρόσθε·
826 388 916 455 Πανὶ
940 385 977 454 δὲ
1000 390 1048 455 ἔτι
1072 382 1201 453 τούτων

200 489 324 558 πλέονα
337 487 466 574 λέγεται
483 482 578 572 εἶναι,
595 480 804 576 Διονύσμό
821 483 975 570 ἐλάχιστα
988 481 1127 570 τούτων,
1145 485 1198 552 καί

200 588 307 680 τούτω
339 592 586 673 πεντακισχίλια
615 588 671 655 καὶ
700 584 805 673 μύρια
833 591 1020 673 λογίζονται
1055 583 1140 653 εἶναι
1167 587 1201 663 ἐς

194 690 335 778 Ἄμασιν
354 691 501 779 βασιλέα.
543 688 722 757 καὶταῦτα
738 687 917 775 Αἰγύπτιοι
936 685 1099 777 ἀτρεκέως
1118 689 1201 775 φασὶ

200 792 464 876 ἐπίστασθαι,α
442 793 510 857 αἰεί
528 812 564 857 τε
581 786 788 876 λογιζόμενοι
809 790 865 858 καὶ
882 794 918 857 αί
904 786 979 857 ίέὶ
960 788 1200 877 ατογραφόμε-

201 911 255 956 νοι
271 913 312 956 τα
300 883 409 956 ἔτεα.
446 886 607 979 Διονύσῳ
621 890 683 975 μέν
696 913 763 956 ννν
776 912 821 978 τω
807 890 876 956 ἐκ
891 889 1039 976 Σεμέλης
1052 893 1110 976 τῆς
1124 887 1199 955 Κά-

187 990 286 1075 ιτλμον
305 987 473 1079 λεγομένω
495 988 655 1074 γενέσθαι
674 983 757 1054 κατὰ
778 956 932 1066 ἑξακόσια
948 990 1022 1056 ἔτεα
1042 1012 1097 1054 και
1085 987 1198 1072 χίλια

198 1083 339 1171 μάλιστά
360 1086 428 1152 ἐστι
449 1087 483 1163 ές
502 1086 576 1172 ἐμὲ,
598 1081 757 1172 Ηρακλέλ
778 1085 815 1153 δὲ
838 1091 885 1174 τῷ
909 1081 1093 1173 Ἀλκμήνης
1113 1080 1197 1153 κατά

199 1180 370 1250 εἰνακόσια
402 1187 494 1272 ἔτεα,
527 1184 620 1255 Πανὶ
646 1180 684 1252 δε
708 1185 756 1272 τῷ
786 1184 985 1272 Πηνελόπης
1006 1188 1056 1271 (ἐκ
1074 1183 1199 1269 ταύτης

196 1277 262 1368 γάρ
281 1282 337 1348 καὶ
354 1276 479 1366 Ἑρμέω
491 1282 621 1367 λέγεται
635 1265 829 1367 γενόσθαι’
811 1278 888 1350 νπό
889 1278 1084 1403 Ελλήνων“
1070 1307 1088 1351 ο
1104 1281 1197 1366 Πάν)
1270 1274 1271 1277 “

198 1377 327 1448 ἐλάσσω
340 1375 415 1446 έτεά
428 1379 497 1446 ἐστι
510 1404 578 1446 των
593 1385 763 1467 Τρωλκων,
784 1375 868 1448 κατά
882 1376 923 1447 τὰ
937 1377 1116 1450 ὀκτακόσια
1129 1380 1198 1466 μά-

132 1491 180 1547 146
196 1485 292 1546 λιστα
306 1479 340 1556 ἐς
356 1476 421 1563 έμέ.
466 1469 648 1544 Τούτων
619 1503 670 1545 ων
685 1473 885 1581 άμφοτέρων
899 1478 1038 1567 πάρεστι
1051 1482 1197 1564 χρᾶσθαι

196 1582 284 1645 τοῖσί
299 1602 350 1655 τις
370 1581 516 1643 πείσεται
540 1580 750 1664 λεγομένοισι
773 1572 918 1664 μαλλον·
950 1578 1023 1664 έμοι
1047 1572 1079 1643 δ’
1103 1566 1194 1661 άνίη

196 1677 272 1762 περὶ
286 1671 398 1742 αύτων
412 1672 530 1762 γνάμη
545 1672 771 1745 ἀποδέδεκται.
804 1681 834 1745 εἰ
845 1674 961 1765 μὲν
922 1702 986 1765 γαρ
1004 1681 1149 1764 φανεροί
1160 1700 1197 1742 τε
1271 1680 1272 1701 ³

197 1773 351 1859 ἐγένοντο
378 1774 433 1841 καὶ
457 1773 688 1862 κατεγηρασαν
718 1777 774 1844 καί
804 1767 898 1843 οὗτοι
928 1776 966 1843 έν
989 1781 1029 1865 τῇ
1051 1772 1196 1861 Ἑλλάδι,

196 1871 279 1940 κατά
293 1896 356 1961 περ
367 1869 548 1961 Ἡρακλέης
567 1870 585 1942 ό
601 1876 634 1954 ἐξ
651 1871 901 1963 Ἀμφιτρύωνος
920 1873 1118 1961 γενόμενος,
1140 1874 1196 1940 καί

196 1969 237 2060 δὴ
251 1974 307 2040 καὶ
319 1971 490 2050 Διόνυσος
504 1968 522 2042 ὁ
539 1974 576 2041 ἐκ
589 1977 738 2060 Σεμέλης
750 1973 806 2040 καί
818 1969 896 2040 Πάν
913 1969 930 2042 ὁ
947 1975 983 2040 ἐκ
996 1969 1196 2057 Πηνελόπης

195 2070 392 2159 γενόμενος,
414 2077 479 2161 ἔφη
499 2070 543 2142 άν
562 2098 613 2152 τις
632 2075 688 2143 καὶ
701 2073 843 2153 τούτους
856 2072 978 2153 όλλονς
991 2070 1197 2160 γενομένους
1272 2078 1273 2105 ¹

195 2171 320 2259 ἄνδρας
341 2177 428 2260 ἔχειν
447 2170 488 2241 τά
505 2174 644 2243 ἐκείνων
660 2171 830 2262 ούνόματα
849 2181 918 2243 των
939 2172 1196 2262 προγεγονότων

194 2280 303 2341 θεῶν·
325 2279 392 2340 νῦν
406 2274 443 2341 δὲ
456 2272 630 2343 Διόνυσόν
643 2301 679 2344 τε
693 2278 827 2362 λέγουσι
842 2279 878 2344 σί
892 2272 1049 2361 Ἕλληνες
1069 2269 1114 2352 ὡς
1129 2268 1196 2340 αύ-

193 2376 268 2438 τίκα
292 2369 478 2458 γενόμενον
507 2373 541 2452 ἐς
567 2370 627 2441 τόν
655 2370 765 2463 μηρόν
796 2373 1000 2463 ἐνερράψατο
1025 2370 1111 2452 Ζεύς
1138 2373 1195 2440 καὶ

192 2467 306 2568 ἤνεικε
322 2471 355 2550 ἐς
369 2478 491 2541 Νῦσαν
513 2470 576 2562 τήν
596 2471 682 2561 ὑπὲρ
696 2474 873 2561 Αἰγύπτου
887 2478 1010 2544 έοῦσαν
1025 2476 1062 2542 έν
1075 2479 1115 2563 τῇ
1129 2478 1195 2541 Αί-

192 2576 328 2659 merely,
355 2573 411 2641 καὶ
424 2574 540 2653 Πανός
552 2600 591 2660 γε
603 2578 680 2663 πέρι
694 2572 757 2644 ούκ
771 2581 883 2663 ἔχουσι
897 2580 1002 2644 εἰπεῖν
1015 2570 1078 2662 όκη
1094 2572 1193 2659 ἕτρά-
1234 2564 1240 2573 ’

191 2693 270 2739 πετο
285 2668 475 2758 γενόμενος.
506 2677 590 2761 δῆλα
605 2665 655 2743 οἶν
669 2699 726 2794 μρι
739 2676 867 2795 γίγρνε,
889 2671 941 2742 ὅτι
952 2670 1103 2790 ὕστερον
1109 2670 1194 2739 ἐπύ-

190 2779 296 2839 θοντο
314 2768 368 2839 οί“
360 2779 509 2857 Ελληνες
524 2770 655 2840 τούτων
667 2769 708 2840 τά
725 2768 896 2858 ούνόματα
909 2797 930 2890 η
943 2767 983 2838 τά
998 2795 1066 2838 των
1080 2767 1194 2839 ἄλλων

189 2875 291 2936 θεων.
325 2866 384 2937 ἀπ’
401 2897 443 2940 ov
430 2862 498 2939 δὲ
512 2870 680 2940 ἐπύθοντο
695 2871 832 2971 χρόνον,
855 2866 920 2937 άπὸ
936 2868 1061 2937 τούτου
1071 2893 1194 3009 γενεη-

190 2965 401 3053 λογέονσι’
359 2994 472 3037 αοτων
485 2995 548 3057 την
562 2971 703 3055 γένεσιν.

124 3085 173 3144 147
278 3072 390 3134 Ταῦτα
410 3072 473 3155 μέν
495 3094 562 3137 νυν
583 3065 745 3137 αύτοίί
698 3073 745 3136 Al
744 3067 878 3154 γύπτιοι
897 3070 1050 3154 λέγουσι,
1071 3062 1135 3134 ὅσα
1156 3065 1194 3134 δε

189 3168 226 3235 οι
248 3188 286 3232 τε
309 3161 406 3233 άλλοι
430 3164 609 3255 άνθρωποι
633 3169 755 3236 καλί
707 3172 755 3235 Al
753 3166 890 3252 γύπτιοι
909 3168 1044 3253 λέγουσι
1069 3163 1196 3252 ὁμολο-

189 3266 321 3353 γέοντες
334 3276 425 3332 τοῖσι·
435 3263 564 3336 ἄλλοισι
578 3263 662 3335 κατά
676 3264 803 3352 ταύτην
815 3261 878 3353 την
891 3262 1005 3353 χάρην
1020 3265 1194 3351 γενέσθαι,

187 3361 281 3435 ταῦτ’
298 3359 362 3452 ἤδη
377 3363 512 3450 φράσω·
534 3367 715 3453 προσέσται
729 3366 769 3433 όέ
780 3390 811 3434 τι
825 3361 956 3433 αύτοίσι
971 3364 1026 3431 καὶ
1040 3367 1098 3450 τῆς
1111 3364 1196 3449 ἐμῆς

189 3459 293 3551 ὄντος.
339 3458 645 3557 Ἐλευθερωνίντες
665 3461 844 3559 Αἰγύπτιοι
857 3459 940 3556 μετά
961 3458 1024 3534 τόν
1038 3460 1112 3555 ίρέα
1128 3466 1196 3533 τοῦ
