2618 3928
208 251 268 314 132
581 250 833 308 HERODOTI

206 411 372 500 πρότερον
391 414 562 495 συνέλεξε,
589 412 685 493 ἔλεγέ
702 427 763 495 σφι
785 406 880 476 τάόε·
910 408 1050 496 ’Ἄνδρες
1072 414 1214 497 Πέρσαι,

206 508 411 596 συγγνώμην
420 535 478 595 μοι
489 513 587 594 έχετε,
605 503 656 573 ὅτι
667 503 874 594 ἀγχίστροφα
883 508 1105 595 βουλεύομαι·
1127 534 1210 594 φρε-

206 616 278 678 νῶν
290 635 326 676 τε
339 605 406 695 γὰρ
420 610 454 687 ἐς
473 603 515 674 τά
531 608 702 692 ἐμεωυτοῦ
716 612 834 689 πρῶτα
847 604 939 674 οὔκω
956 603 1087 693 ἀνήκω,
1109 607 1165 674 καί
1180 610 1216 674 οἰ

206 705 497 794 παρηγορεόμενοι
517 705 629 772 ἐκεῖνα
648 703 776 771 ποιέειν
790 700 914 771 οόόένα
927 703 1054 791 χρόνον
1067 730 1132 790 μευ
1146 701 1214 772 ἀπ·
1292 774 1293 777 ,

206 806 345 891 ίχονται.
375 799 559 871 ἀκούσαντι
573 802 636 888 μὲν
653 801 695 887 (λη’
709 825 766 888 μοι
781 807 840 887 τῆς
857 798 1063 889 Ἀρταβάνου
1076 800 1213 889 γνόμης

207 906 395 988 παραυτίκα
409 902 472 987 μὲν
489 898 511 989 ἡ
526 899 643 985 νεότης
657 900 786 979 ἐπέζεσε
802 896 886 966 ὥστε
901 896 1092 987 ἀεικέστερα
1105 898 1214 983 ἀπορ-

207 1016 303 1091 ρλφαι
319 1007 401 1070 ἐπεα
415 1003 449 1082 ές
462 998 572 1089 ἀνδρα
590 998 820 1088 πρεσβύτερον
832 994 856 1085 ἢ
869 998 994 1086 χρεόν·
1014 1007 1082 1068 νῦν
1098 1002 1212 1087 μέντοι

207 1097 377 1188 συγγυοός
396 1100 560 1188 χρήσομαι
577 1106 618 1188 τῇ
634 1101 766 1169 ἐκείνου
788 1099 916 1188 γνόμη.
947 1096 992 1179 ὡς
1008 1092 1059 1168 ἀν
1073 1103 1213 1188 μεταδε-

207 1202 373 1286 δογμένον
389 1226 447 1285 μοι
462 1196 508 1287 μη
523 1197 767 1288 στρατεύεσθαι
780 1198 833 1266 ἐπὶ
846 1193 910 1283 τὴν
920 1194 1079 1285 Ἑλλάδα,
1092 1196 1212 1284 ἥσυχοι

206 1301 288 1366 ἐστε.
310 1297 438 1383 Πέρσαι
451 1298 515 1384 μὲν
528 1295 573 1376 ὥς
583 1294 734 1384 ἤκουσαν
743 1302 858 1382 ταῦτα,
874 1296 1092 1384 κεχαρηκότες
1105 1314 1212 1383 προσ-

162 1412 193 1466 14
208 1396 360 1481 εκόυεον,
374 1393 497 1474 νυκτός
508 1396 545 1463 δὲ
553 1390 737 1481 γενομένης
746 1386 842 1473 αὖτις
851 1390 958 1462 τάυιό
974 1392 1108 1480 ὄνειρον
1120 1399 1212 1479 ἔλεγε

205 1501 252 1582 τῷ
265 1496 370 1581 Ξέρξη
384 1495 634 1584 κατυπνωμένῳ
654 1492 807 1562 έπιστάν·
837 1485 876 1560 Ὦ
896 1500 1136 1580 παίΔαρείον,
1156 1495 1212 1560 καὶ

207 1589 247 1675 δὴ
260 1597 396 1676 φαίνεαι
410 1593 448 1658 ἐν
456 1593 609 1680 Πέρσησί
615 1617 651 1659 τε
661 1588 886 1677 ἀπειπάμενος
896 1588 960 1678 τὴν
969 1597 1212 1680 στρατηλασίην
1292 1644 1293 1669 ,

206 1692 262 1758 καὶ
275 1687 316 1757 τά
330 1687 392 1776 ἐμά
410 1696 490 1759 έπεα
504 1694 542 1759 έν
553 1688 877 1778 οόόενλποιεόμενος
890 1691 980 1784 λόγφ
995 1691 1040 1771 ὡς
1053 1689 1134 1779 παρ’
1150 1690 1203 1760 οά
1292 1676 1293 1711 ³

206 1785 303 1868 όευός
314 1786 469 1870 ἀκούσας,
489 1784 529 1860 εὖ
539 1789 689 1859 νυυτόό’
701 1800 785 1878 ἴσθι,
796 1788 840 1877 ἥν
849 1814 912 1878 περ
923 1788 968 1876 μὴ
980 1787 1098 1858 αὐτίκα
1109 1807 1212 1873 στραν

205 1889 373 1977 τηλατέης,
384 1889 464 1958 τάόε
474 1914 526 1957 τοι
537 1892 569 1969 έξ
581 1885 695 1956 αὐτῶν
705 1886 901 1974 ἀνασχήσει·
923 1883 968 1967 ὡς
978 1889 1034 1954 καί
1043 1887 1144 1974 μέγας
1154 1886 1210 1953 καί
1292 1922 1293 1927 1

205 1984 329 2066 πολλός
343 1989 453 2073 ἐγένεο
467 1989 505 2054 ἐν
519 1985 619 2077 όλίγφ
629 1985 751 2077 χρόνῳ,
766 1982 855 2052 οὕτω
869 1987 925 2052 καί
935 1979 1091 2062 ταπεινός
1105 1979 1210 2050 ὀπίσω

161 2101 191 2155 15
207 2083 291 2156 κατά
305 2086 403 2173 τάχος
413 2092 512 2155 ἐσεαι.
535 2089 657 2172 Ξέρξης
668 2085 730 2170 μὲν
740 2079 895 2171 περιδεὴς
903 2082 1085 2169 γενόμενος
1099 2086 1139 2169 τῇ
1154 2077 1211 2160 ὄψι

205 2183 270 2253 ἀνά
284 2211 321 2254 τε
335 2188 458 2272 ἔδραμε
471 2187 507 2253 ἐκ
521 2190 578 2270 τῆς
590 2189 703 2273 κοίτης
712 2183 768 2249 καὶ
778 2183 899 2268 πέμπει
913 2178 1057 2267 ἀγγείου
1071 2179 1125 2246 ἐπὶ
1134 2173 1212 2259 Ἀρ-

204 2282 353 2371 τόβανου
368 2285 541 2352 καλέοντα.
565 2280 756 2372 ἀπικομένῳ
772 2283 812 2349 δέ
823 2285 858 2349 οί
871 2286 963 2367 ἔλεγε
977 2281 1099 2365 Ξέρξης
1113 2277 1210 2346 τάδε·

200 2378 382 2466 Ἀρτάβανε
389 2404 407 2464 ,·
415 2378 479 2466 ἐγά
493 2377 532 2448 τό
546 2388 735 2467 παραυτίκα
744 2381 808 2466 μέν
819 2376 882 2448 οάκ
893 2378 1059 2466 ἐφρόνεον
1072 2387 1167 2455 είπας
1179 2378 1211 2454 ές

204 2481 242 2545 σε
255 2479 379 2564 μάταια
392 2484 473 2546 ἔπεα
486 2485 627 2565 χρηστῆς
642 2480 772 2547 εἵνεκεν
786 2483 1008 2566 συμβουλίης,
1032 2473 1115 2563 μετά
1130 2477 1211 2561 μέν·
1292 2528 1293 2547 ι

203 2600 255 2642 τοι
275 2573 317 2641 οὐ
338 2573 466 2644 πολλὰν
485 2576 610 2665 χρόνον
626 2580 812 2665 μετέγνων,
838 2582 946 2664 ἔγνων
968 2577 1006 2644 δὲ
1025 2574 1130 2643 ταῦτά
1153 2598 1212 2660 μοι
1292 2580 1293 2643 3

202 2672 340 2759 ποιητέα
351 2670 459 2759 ἐόντα,
473 2671 515 2742 τά
525 2671 569 2742 σε)
581 2670 768 2762 ὑπεθήκαο.
791 2673 855 2743 οὐκ
867 2667 917 2743 ἀν
928 2672 1073 2752 δυνατός
1081 2676 1136 2741 τοί
1144 2676 1212 2757 είμι
1243 2673 1248 2681 ’

201 2776 307 2838 ταῦτα
321 2770 448 2839 ποιέειν
460 2771 682 2859 βουλόμενος·
704 2776 917 2865 τετραμμέυφ
927 2770 993 2861 γὰρ
1005 2768 1045 2859 δη
1061 2773 1116 2853 καὶ
1130 2795 1210 2857 μετ-

203 2867 363 2955 εγνωκότι
382 2871 565 2957 ἐπιφοιτῶν
585 2868 720 2961 όνειρου
741 2871 942 2959 φανιάζεταί
958 2897 1033 2958 μοι,
1055 2869 1209 2955 οὐδαμῶς

202 2966 409 3035 συνέπαινον
424 2966 482 3037 ἐόν
494 2971 621 3038 ποιέειν
635 2998 677 3058 με
691 2978 811 3059 ταῦτα,
835 2978 902 3039 νῦν
916 2970 953 3039 δὲ
966 2969 1023 3039 καὶ
1036 2973 1210 3052 διαπειλῆ-

203 3079 267 3130 σαν
282 3071 412 3149 οίχεται.
436 3070 468 3134 εί
476 3057 528 3134 όν
537 3066 620 3146 θεός
634 3063 731 3138 ἐστιὸ
747 3070 943 3154 ἐπιπέμπων
956 3072 1017 3136 καί
1030 3070 1065 3136 οί
1074 3065 1209 3145 πάντως

203 3162 240 3227 έν
260 3156 367 3248 ἡδονῇ
387 3164 455 3229 ἐστὶ
473 3165 633 3248 γενέσθαι
648 3171 892 3253 στρατηλασίην
908 3167 961 3234 ἐπὶ
976 3161 1039 3252 τὴν
1055 3160 1207 3246 Ἑλλάόα,

202 3257 414 3345 ἐπιπτήσεται
429 3261 484 3328 καλ
499 3264 552 3329 σοὶ
563 3259 671 3330 τάυιό
686 3268 786 3331 τοῦτο
798 3260 943 3350 ὄνειρον,
958 3259 1081 3349 ὁμοίως
1096 3258 1141 3340 ὡς
1152 3261 1208 3329 καί

203 3354 275 3437 ἐμοὶ
288 3353 535 3440 ἐντελλόμενον.
559 3356 703 3445 εὑρίσκω
720 3362 758 3429 δὲ
779 3351 840 3429 030’
854 3355 901 3428 ἀν
914 3359 1077 3446 γινόμενα
1090 3362 1206 3442 ταυτα,

203 3452 234 3516 δέ
246 3449 363 3536 λάβοις
376 3447 439 3536 τὴν
452 3450 537 3540 ἐμὴν
548 3454 674 3542 σκευὴν
688 3464 811 3543 πᾶσαν,
827 3459 883 3526 καὶ
897 3455 997 3545 ένόύς
1010 3453 1092 3543 μετά
1106 3461 1205 3524 τοῦτο
