2562 3926
354 228 430 285 ιιι
461 229 502 285 ω
536 227 633 285 υΑν.
665 234 839 291 ιιι-ωτι.
1033 219 1093 288 207

93 415 147 459 ται
169 392 335 477 χρᾶσθαι,
359 386 576 474 ἐντανύουσι,
596 385 699 457 ἐπεάν
721 391 758 459 δὲ
770 388 974 480 χρήσωνται,
996 391 1094 461 ἐκλό-

93 514 180 564 ουσι.
215 495 247 560 εί
270 486 335 579 γάρ
360 486 402 578 δή
433 486 493 559 τόν
524 488 633 559 πάντα
656 490 782 578 χρόνον
812 494 1008 578 ἐντεταμένα
1031 501 1093 579 είη,

94 594 250 679 ἐκραγείη
276 585 336 675 ὅν,
370 587 453 656 ὅστε
478 590 511 667 ἐς
533 584 571 657 τό
592 591 669 657 δέον
690 585 754 656 οὑκ
774 585 818 656 ἀν
840 594 946 676 ἔχοιεν
965 586 1094 658 αὑτοῖσι

94 697 250 777 χρᾶσθαι.
274 685 363 756 οὕτω
380 683 420 773 δή
436 687 492 754 καὶ
507 683 694 774 ἀνθρώπου
707 685 921 767 κατάστασις·
945 688 1094 755 είέθέλοι

94 786 389 857 κατεσπουδάσθαι
403 786 467 854 αίεί
481 786 611 872 μηδείς
626 792 786 881 παιγνίην
800 783 838 854 τό
855 794 954 873 μέρος
968 782 1094 855 ε’ωντὸυ

94 885 243 969 ἀνιέναι,
256 884 359 953 λάθοι
372 878 416 950 ἀν
431 880 505 971 ήτοι
519 885 634 970 μανεὶς
648 879 669 972 ή
686 883 708 952 ὅ
719 911 758 970 γε
773 881 982 974 ἀπόπληκτος
994 884 1094 973 γευό-

51 1023 54 1027 v
92 1011 204 1074 μενος.
224 981 265 1051 τά
280 979 344 1070 ε’γά
359 982 574 1071 ἐπιστάμενος
585 984 685 1073 μέρος
696 985 838 1075 ἑκατέρω
853 985 951 1072 νέμω.
982 990 1093 1052 Ταῦτα

91 1087 157 1171 μὲν
177 1079 256 1161 τούς
278 1087 397 1168 φίλους
413 1077 583 1168 ἀμείψατο.
627 1080 767 1166 Λέγεται
782 1081 819 1149 δὲ
833 1077 851 1150 ὅ
865 1079 1017 1169 Ἄμασις,
1038 1084 1093 1151 καὶ
1113 1094 1158 1149 174

93 1181 149 1251 ὅτε
164 1175 209 1268 ήυ
222 1179 371 1267 ίδιάτης,
394 1177 437 1259 ὡς
451 1177 634 1266 φιλοπότης
647 1171 692 1267 ήυ
706 1182 761 1249 καὶ
776 1171 1023 1270 φιλοσκώμμων
1036 1182 1092 1249 καί

10 1362 16 1367 .
92 1276 248 1364 οὐδαμῶς
262 1280 591 1363 κατεσπουδασμένος
604 1272 707 1365 ἀνήρ·
734 1276 822 1358 ὅκως
838 1283 877 1349 δέ
895 1308 954 1367 μιν
969 1284 1090 1349 ἐπιλεί-

91 1402 152 1445 ποι
166 1373 307 1445 πίνοντά
326 1401 361 1442 τε
375 1378 431 1444 καὶ
445 1372 656 1447 εὐπαθέοντα
668 1373 709 1449 τά
726 1378 895 1468 ἐπιτήδεα,
915 1377 1091 1451 κλέπτεσκε

91 1471 136 1543 ἀν
152 1472 302 1558 περιιάν.
327 1478 361 1542 ολ
370 1472 405 1542 δ’
423 1473 535 1563 ὅνμιν
545 1477 691 1564 φάμενοι
704 1482 791 1566 ἐχειν
801 1478 841 1550 τά
857 1484 999 1570 σφέτερα
1008 1481 1091 1568 χρή-

90 1600 179 1663 ματα
192 1570 401 1661 ἀρυσάμενον
412 1573 555 1662 ἀγεσκον
568 1578 621 1646 ἐπὶ
632 1577 812 1667 μαντήιον,
828 1577 911 1649 ὅκου
925 1577 1090 1649 ἑκάστοισι

91 1685 152 1761 είη.
184 1670 291 1742 πολλὰ
319 1672 382 1760 μὲν
405 1672 446 1761 δή
470 1677 525 1744 καί
550 1672 702 1764 ἡλίσκετο
727 1674 793 1746 ὑπό
819 1684 887 1748 τάν
908 1684 1089 1766 μαντηίων,

90 1770 257 1843 πολλὰδὲ
285 1774 341 1842 καὶ
370 1769 550 1862 ἀπέφευγε.
596 1776 703 1845 ἐπείτε
733 1775 771 1845 δέ
797 1775 853 1844 καί
886 1780 1089 1866 ἐβασίλευσε,

88 1876 225 1959 ἐποίησε
233 1871 365 1940 τοιάδε·
389 1871 462 1942 ὅσοι
475 1875 538 1960 μέν
551 1866 655 1943 αὐτόν
669 1883 737 1945 τάν
751 1883 844 1946 θεῶν
860 1873 1030 1947 ἀπέλυσαν
1044 1873 1089 1964 μή

89 1979 190 2059 φῶρα
205 1970 308 2059 εἶναι,
329 1973 459 2042 τούτων
475 1973 537 2061 μέν
551 1980 619 2043 τῶν
635 1980 719 2064 ίράν
733 1972 811 2044 οὸτε
825 1977 996 2064 ἐπεμέλετο
1012 1974 1089 2045 οὔτε

91 2076 124 2152 ἐς
139 2068 319 2160 ἐπισκευήν
334 2075 447 2142 ἐδίδου
469 2071 586 2162 οὐδὲν,
607 2071 686 2145 οὐδὲ
706 2075 850 2160 φοιτέων
865 2079 947 2144 ἔθυε
969 2070 1012 2154 ὡς
1028 2072 1090 2144 οὑ-

88 2169 187 2252 δενός
208 2174 303 2241 ἐοῦσι
324 2169 444 2254 ἀξίοισι
468 2178 591 2256 ψευδέα
618 2200 653 2244 τε
678 2173 821 2263 μαντήια
844 2178 1088 2262 κεκτημένοισι·

89 2271 164 2341 ὅσοι
180 2274 221 2340 δέ
232 2299 292 2359 μιν
305 2277 490 2362 κατέδησαν
505 2281 602 2362 φῶρα
623 2273 724 2363 εἶναι,
745 2274 875 2354 τούτων
892 2276 928 2345 δέ
946 2271 990 2354 ὡς
1006 2269 1089 2360 άλη-

10 2414 11 2417 =
87 2374 178 2450 θέως
193 2376 287 2439 θεων
306 2370 432 2464 ἐόντων
447 2375 503 2443 καί
523 2370 670 2455 ἀψευδέα
685 2374 828 2463 μαντήια
850 2374 1088 2461 παρεχομένων

86 2468 126 2539 τά
140 2467 286 2558 μάλιστα
300 2474 482 2559 ἐπεμέλετο.
527 2474 592 2541 Καὶ
606 2478 703 2540 τοῦτο
720 2472 783 2560 μέν
794 2474 835 2542 ἐν
847 2472 918 2543 Σάι·
929 2479 969 2562 τῇ
986 2468 1088 2557 Ἀθη-
1105 2484 1152 2542 175

86 2578 165 2660 ναίη
179 2571 370 2657 προπύλαια
381 2569 537 2658 θωμάσια
553 2565 607 2640 οἶα
626 2573 803 2660 ἐξεποίησε,
820 2570 947 2645 πολλὸν
959 2569 1086 2648 πάντας

85 2672 379 2760 ὑπερβαλλόμενος
392 2678 438 2764 τῷ
453 2698 488 2742 τε
503 2670 584 2755 ὅψεί·
594 2675 650 2742 καί
664 2679 709 2764 τῷ
723 2672 875 2760 μεγάθεϊ,
890 2669 981 2740 ὅσων
996 2696 1032 2739 τε
1046 2666 1084 2737 τό

10 2828 11 2837 ,
84 2776 235 2862 μέγαθος
249 2778 358 2842 λίθων
379 2775 447 2845 ἐστὶ
465 2776 522 2842 καὶ
536 2769 659 2842 ὁκοίων
672 2773 773 2858 τέων,
794 2772 946 2839 τοῦτοδὲ
965 2774 1085 2838 κολοσ-

84 2870 167 2952 σοὺς
181 2872 348 2959 μεγάλους
366 2875 423 2942 ναί
438 2870 688 2961 ἀνδρόσφιγγας
707 2870 907 2961 περιμήκεας
926 2867 1083 2959 ἀνέθηκε,

82 2978 204 3052 λίθους
217 2997 253 3039 τε
276 2969 399 3052 ἀλλους
419 2972 452 3052 ές
473 2967 653 3059 ἐπισκευήν
672 2968 865 3058 ὑπερφυέας
884 2965 922 3039 τό
937 2974 1084 3059 μέγαθος

82 3071 226 3160 ἐκόμισε
249 3067 395 3158 ἠγάγετο
410 3070 448 3139 δέ
462 3069 590 3139 τούτων
601 3068 679 3151 τοὺς
689 3072 752 3158 μὲν
759 3072 799 3139 έν
809 3077 877 3139 τῶν
891 3065 973 3139 κατὰ
984 3072 1083 3156 Μέμ-

83 3197 145 3258 φιν
170 3171 318 3238 ἐουσέων
339 3173 579 3258 λωθοτομιέων,
605 3166 685 3249 τούς
709 3169 745 3239 δέ
772 3164 1026 3258 ὑπερμεγάθεας
1050 3171 1083 3248 ἐξ

76 3266 315 3357 Ἐλεφαντίνης
334 3267 450 3348 πόλιος
466 3268 572 3338 πλόον
586 3271 641 3338 καί
656 3278 759 3337 είκοσι
771 3265 924 3358 ἡμερέων
938 3264 1083 3350 ἀπεχοό-

79 3391 140 3457 σης
152 3364 222 3437 ἀπό
236 3368 353 3447 Σάλας.
383 3366 420 3436 τό
438 3368 474 3438 δέ
492 3367 554 3439 οὐκ
573 3367 691 3457 ήκιστα
711 3364 824 3437 αὐτῶν
840 3364 924 3437 ἀλλά
940 3364 1082 3450 μάλιστα

79 3467 249 3558 θωμάζω,
278 3464 347 3539 ἐστὶ
385 3468 495 3539 τόδε·,
511 3470 632 3559 νίκημα
657 3466 867 3559 μουνόλιθον
892 3460 1022 3551 ἐκόμισε
1048 3462 1086 3547 ἐξ
