2536 3934
198 226 240 293 οε
468 306 472 311 v
571 229 822 292 ιιιιιιοιιοιι

197 400 288 465 ἐσται
309 397 459 481 ἔλλεσχα,
481 389 565 462 ἀλλά
579 389 620 460 τά
636 391 753 480 οίιιήια.
803 397 914 459 Ταῦτα
936 393 969 470 ἐς
982 388 1061 469 τούς
1075 388 1205 470 πάντας

189 490 351 578 Ἕλληνας
365 488 529 576 ἀπέρριψε
543 487 561 558 6
576 496 690 578 Κῦρος
703 487 745 558 τά
760 495 857 577 ἐπεα,
873 488 925 558 ότι
938 486 1063 578 ἀγορὰς
1079 483 1204 574 κτησό-

197 612 293 674 μενοι
310 585 380 677 ἀνῇ
393 613 429 655 τε
442 589 498 655 καί
511 585 614 675 πρήσι
635 589 805 674 χρέονται·
838 583 934 675 αύτοδ
948 585 1014 673 γάρ
1030 590 1062 654 ολ
1074 586 1206 670 Πέρσαι

197 681 337 773 ἀγορῇσι
350 681 451 753 οὐδέν
466 683 593 754 ἐύθασι
607 690 770 772 χρᾶσθαι,
792 680 874 752 ούδέ
886 703 947 770 σφι
960 688 1028 752 ἐστι
1044 681 1081 752 τό
1092 680 1206 768 παρά-

197 809 266 853 παν
280 782 395 873 ἀγορή.
428 781 510 873 μετά
524 789 629 853 ταῦτα
643 784 819 871 ἐπιτρέψας
840 779 899 862 τὰς
913 782 975 868 μὲν
989 781 1117 867 Σάρδις
1135 789 1206 850 Τα-

197 882 290 975 βάλῳ
305 880 404 968 ἀνδρί
417 883 549 972 Πέρση,
570 879 631 951 τόν
654 882 691 951 δέ
704 879 833 969 χρυσόν
852 880 914 950 τόν
927 907 963 948 τε
977 887 1126 970 Κροίσου
1147 884 1207 949 καὶ
1259 900 1260 903 ’

198 979 259 1049 τόν
278 987 346 1048 τῶν
366 979 477 1050 ἀλλων
497 985 621 1050 Λυδῶν
642 979 783 1070 Πακτύῃ
802 977 900 1068 ἀνδρὶ
921 984 1023 1070 Λυδῷ
1044 986 1206 1103 κομίζειν,

199 1076 372 1166 ἀπήλαυνε
386 1076 486 1196 αύτδς
501 1078 554 1160 ἐς’
548 1081 753 1168 Αγβάτανα,
776 1079 926 1169 Κροῖσόν
945 1106 981 1149 τε
995 1079 1063 1166 ἅμα
1078 1077 1207 1166 ἀγόμε-

198 1200 258 1255 νος
278 1177 333 1243 καί
358 1172 437 1254 τούς
447 1175 568 1264 Ἴωνας
590 1179 628 1245 ἐν
650 1177 764 1247 ούδευὶ
786 1177 877 1298 λόγῳ
897 1177 1121 1264 ποιησάμενος
1140 1175 1206 1263 τήν

199 1272 336 1363 πράτην
357 1271 499 1342 εἶναι.
483 1272 506 1360 ή
524 1300 560 1342 τε
581 1272 647 1362 γάρ
662 1266 830 1363 Βαβυλων
850 1279 884 1344 οι
901 1266 948 1363 ἦν
968 1274 1123 1361 ἐμπόδιος
1146 1278 1207 1343 καὶ

197 1372 235 1442 τὸ
228 1371 417 1469 Βάκτριον
432 1377 533 1449 ἔθνος
546 1375 602 1440 καί
615 1372 727 1442 Σάκαι
740 1399 776 1447 τε
790 1376 906 1441 καίί
859 1379 906 1440 Ac
905 1371 1057 1458 ηύπτιοι,
1078 1366 1126 1438 ἐπ’
1142 1367 1207 1450 οὒς

196 1453 305 1557 ἐπεῖχέ
316 1495 352 1537 τε
366 1468 676 1557 στρατηλατέειυ’
634 1469 746 1559 αυτὸς,
762 1474 814 1540 ἐπὶ
829 1471 888 1540 δὲ”
882 1480 991 1550 Ιωνας
1001 1470 1104 1539 ἀλλον
1117 1469 1207 1555 πέμ-

136 1592 188 1648 154
197 1590 274 1635 πειν
288 1566 483 1654 στρατηγόν.
522 1566 581 1648 Ὡς
593 1569 629 1638 66
645 1567 824 1658 ἀπήλασε*
809 1596 827 1638 ο
843 1577 956 1659 Κύρος
974 1572 1009 1637 ἐκ
1024 1576 1092 1637 τῶν
1106 1577 1207 1654 Σαρ·

198 1669 297 1751 δίων,
318 1662 398 1743 τούς
411 1662 547 1746 Λυδούς
564 1665 758 1755 ἀπέστησε
743 1694 761 1736 ο
775 1666 972 1757 Πακτύης’
953 1668 1020 1738 από
1033 1694 1070 1736 τε
1088 1664 1207 1753 Ταβά-

198 1771 261 1831 λου
275 1762 332 1829 καὶ
344 1759 476 1848 Κύρου,
491 1761 638 1851 καταβάς
653 1765 689 1832 δέ
704 1766 757 1833 ἐπὶ
770 1764 958 1853 θάλασσαν,
973 1763 1031 1833 ἀπε
1044 1760 1105 1833 τόν
1117 1788 1208 1850 χρυ-

199 1858 262 1928 σόν
284 1865 369 1949 ἔχων
390 1859 500 1929 πάντα
520 1860 581 1930 τόν
602 1864 639 1930 ἐιι
658 1869 729 1931 τῶν
747 1868 924 1951 Σαρδίων,
946 1861 1146 1950 ἐπικούρους
1165 1886 1207 1927 τε

199 1962 380 2048 ἐμισθοῦτο
398 1962 453 2026 καὶ
472 1956 552 2038 τους
575 1962 837 2039 ἐπιθαλασσίους
859 1957 1065 2048 ἀνθρώπους
1085 1964 1206 2028 ἔπειθε

199 2057 265 2127 σύν
287 2061 400 2148 ἑωυτῷ
422 2057 673 2144 στρατεύεσθαι
713 2058 832 2137 ἐλάσας
853 2059 889 2126 δέ
918 2060 970 2126 ἐπὶ
995 2054 1054 2136 τὰς
1071 2053 1206 2139 Σάρδις

139 2174 187 2231 155
199 2158 391 2246 ἐπολιόρκεε
405 2154 595 2245 Τάβαλον’
575 2158 787 2244 απεργμένον
802 2159 840 2223 ἐν
852 2181 892 2245 τη
878 2152 1081 2240 ἀκροπόλι.
1124 2158 1206 2218 Πυ-

198 2257 345 2344 θόμενος
361 2256 397 2324 δὲ
410 2281 473 2323 κατ
469 2252 577 2324 ’ὁδόν
591 2262 695 2324 ταῦτα
710 2281 729 2324 ο
716 2251 857 2339 Κῦρος
872 2251 942 2321 εἷπε
953 2249 1039 2338 πρὸς
1052 2257 1206 2337 Κροῖσον

199 2355 294 2425 τάδε
326 2351 461 2442 Κροίσε,
475 2357 510 2419 τί
522 2348 661 2419 ἔσται
626 2377 663 2419 το
678 2353 772 2430 τέλος
785 2357 855 2420 τῶν
869 2350 1057 2435 γινομένων
1070 2343 1205 2414 τούτων

199 2457 289 2540 ἐμοίς
312 2446 354 2518 ού
367 2449 553 2519 παύσονται
566 2446 722 2536 Λυδοὶ,ε
701 2476 746 2528 ως
758 2458 885 2534 οίκασι,
906 2444 1089 2562 πρήγματα
1095 2442 1206 2527 παρέ·
1259 2506 1260 2509 ,

199 2575 312 2641 χοντες
326 2547 436 2619 κάλ’
395 2574 489 2617 αυτοι
478 2551 643 2637 ἔχοντες.
667 2552 843 2635 φροντίζω,
858 2542 902 2631 μή
915 2543 1053 2628 ἀριστον
1067 2566 1088 2629 η
1075 2531 1206 2616 ἐξαν-

200 2653 471 2736 δραποδίσασθαί
482 2667 601 2735 σφεας
624 2643 805 2733 δμοίως’
761 2668 826 2730 γαρ
837 2668 895 2729 μοι
908 2647 974 2709 νῦν
985 2664 1025 2726 γε
1039 2641 1207 2723 φαίνομαι

198 2746 475 2839 πεποιηκέναι,
454 2774 499 2828 ως
520 2756 554 2817 εί
569 2770 620 2825 τις
640 2740 799 2833 πατέρα’
779 2747 918 2811 αποκτεί
915 2767 975 2819 νας
988 2744 1056 2805 τῶν
1069 2737 1204 2803 παίδοιν

199 2846 305 2917 αὐτοῦ
324 2854 484 2933 φείσαιτο
519 2842 564 2924 οδς
584 2844 621 2911 66
643 2845 699 2911 καί
719 2837 783 2960 ἐμά
798 2843 923 2908 Λυδῶν
935 2834 997 2905 τόν
1017 2834 1079 2920 μὲν
1097 2830 1206 2899 πλέον

147 2990 150 2999 2
198 2972 271 3066 τιη
257 2942 420 3030 ”πατέρα
441 2941 598 3012 ἐόντασέ
618 2936 770 3039 6666st
747 2963 834 3024 αγω,
859 2931 987 3005 αύτοίσι
1003 2932 1040 2999 66
1059 2931 1206 2998 Λυδοῖσι

199 3042 262 3133 τήν
278 3042 378 3114 πόλιν
394 3041 583 3127 παρέδωκα,
598 3040 654 3107 καὶ
669 3042 798 3105 ἔπειτεν
821 3028 979 3116 θωμάζω,
1008 3035 1041 3095 εί
1046 3050 1104 3112 μοι
1117 3018 1205 3091 ἀπε-

200 3147 305 3209 στάσι.
343 3138 381 3208 0
407 3140 469 3225 μὲν
486 3135 527 3258 66
548 3136 590 3205 τά
612 3159 675 3221 περ
691 3133 783 3202 ἐνόεε
804 3136 928 3230 ἐλεγε
941 3122 1020 3196 ὁδ’
1047 3120 1204 3210 ἀμείβετο

198 3244 338 3337 τοιοίδε,
360 3165 470 3318 δείσας
484 3233 529 3324 μή
544 3234 752 3313 ἀναστάτους
766 3230 888 3318 ποιήση
904 3217 963 3305 τ’άς
976 3215 1204 3311 Σάρδις·Ὡ

198 3331 353 3429 βασιλεῦ,
373 3362 414 3406 τα
400 3333 497 3423 μέν
518 3334 632 3404 οίκότα
653 3342 823 3422 εἴρηκας,
828 3325 872 3397 σύ
892 3328 1005 3413 μέντοι
1025 3320 1069 3446 μή
1090 3320 1203 3391 πάντα

198 3442 300 3529 θυμῷ
317 3435 411 3526 χρέο,
434 3433 518 3521 μηδὲ
531 3429 665 3504 πόλιν’
646 3438 746 3523 αρχαί
744 3458 787 3519 ην
803 3418 1066 3517 ἐξαναστήσης,’
1047 3419 1202 3515 αναμάρ-
