2566 3934
198 225 257 291 16⁰
570 228 820 288 HERODOTI

156 412 159 417 ·
195 392 250 459 καὶ
266 385 377 459 ἁπαλὰ
392 396 495 458 ταῦτα
509 393 564 459 καὶ
578 383 655 459 αύα.
698 387 760 476 τὴν
774 389 811 459 δὲ
831 390 962 479 βύβλον
981 388 1044 479 τὴν
1060 389 1193 461 ὀπέτεον

195 494 377 579 γινομένῃν
400 488 502 560 ἐπεάν
527 489 744 559 ἀνασπάσωσι
768 492 805 559 ἐκ
829 496 897 559 τών
922 494 1041 580 ἑλέων,
1069 492 1110 561 τά
1133 495 1194 582 μὲν

196 588 267 659 ἀνω
287 586 390 677 αὐτῆς
410 585 658 678 ἀποτάμνοντες
678 591 711 669 ές
731 587 812 658 ἀλλο
831 616 864 658 τι
888 591 1070 682 τράπουσι,
1098 591 1136 663 τό
1158 592 1195 662 δὲ

195 688 285 757 κάτω
298 690 515 775 λελειμμένον
528 686 611 758 όσον
624 713 660 756 τε
675 689 728 756 ἐπί
742 694 852 775 πῆχυν
870 689 1039 779 τρώγουσι
1056 695 1111 760 καί
1124 715 1195 760 πω-

194 791 317 857 λέουσι.
345 793 381 856 οἱ)
392 787 428 859 όὲ
441 781 485 855 ἀν
499 789 554 857 καί
567 786 673 876 κάρτα
687 786 876 874 βούλωνται
885 796 1010 878 χρηστῇ
1026 797 1067 878 τῇ
1080 790 1195 880 βύβλῳ
1272 814 1273 885 ρ

194 895 357 975 χῗράσθαι,
385 888 424 956 έν
442 885 592 978 κλιβάνῳ
620 888 779 974 διαφανέι·
797 891 972 969 πνίξαντες
996 887 1084 957 ούτω
1108 889 1196 978 τρώ-
1270 942 1273 1009 ρ

195 1007 302 1073 γουσι.
332 991 367 1056 οί
379 989 420 1056 δέ
432 1013 520 1066 τινες
535 984 648 1056 αύτών
663 985 783 1067 ζώουσι
798 984 863 1055 ἀπό
881 994 949 1055 τών
966 986 1096 1074 ἰχθύων
1110 987 1197 1075 μού-

196 1110 278 1171 νων,
299 1083 379 1164 τούς
389 1081 492 1152 ἐπεάν
506 1085 633 1171 λάβωσι
645 1087 700 1155 καὶ
711 1087 844 1165 ἐξέλωσι
858 1083 921 1173 τὴν
935 1093 1076 1175 κοιλίην,
1098 1082 1198 1153 αῦαί·

196 1201 295 1253 νονσι
307 1179 392 1270 πρὸς
405 1179 503 1269 ἥλιον
517 1187 573 1253 καί
586 1189 715 1252 ἔπειτεν
729 1181 834 1263 αῦους
849 1183 965 1264 ἐόντας
980 1186 1153 1253 σιτέονται.

149 1298 182 1354 93
282 1287 326 1351 Os
341 1280 377 1352 δὲ
392 1281 508 1368 ἰχθύες
522 1287 556 1351 οί
567 1280 716 1370 ἀγελαῖοι
731 1286 769 1351 ἐν
782 1287 845 1370 μὲν
860 1297 946 1352 τοῖσι
963 1297 1138 1370 ποταμοῖσι
1155 1278 1198 1349 ού
1214 1330 1233 1368 ,

134 1453 139 1461 .
197 1387 286 1475 μάλα
302 1392 469 1473 γίνονται,
497 1386 700 1472 τρεφόμενοι
725 1388 762 1453 δὲ
782 1387 819 1453 έν
839 1392 914 1474 τῇσι
933 1392 1068 1474 λίμνῃσι
1084 1383 1198 1452 τοιάθε

197 1491 346 1554 ποιεῦσι·
369 1482 472 1553 ε’πεάν
487 1503 591 1571 σφεας
604 1486 677 1573 ἐσίῃ
694 1483 824 1573 οἶστρος
837 1491 1054 1572 κυίσκεσθαι,
1076 1481 1199 1570 ἀγελη-

197 1580 259 1651 ὀόν
280 1580 468 1678 ἐκπλώουσι
488 1584 522 1661 ἐς
542 1583 736 1652 θάλασσαν·
766 1579 923 1671 ἡγέονται
948 1587 985 1653 &z
1009 1589 1044 1653 οί
1066 1590 1199 1669 ἔρσενες

197 1685 458 1775 ἀπορραίνοντες
470 1691 532 1753 τοῦ
546 1691 673 1774 θοροῦ,
696 1690 733 1754 αί
744 1686 781 1755 δὲ
795 1687 955 1773 ἑπόμεναι
968 1683 1199 1754 ἀνακάπτουσι
1273 1702 1274 1711 ²

72 1820 77 1829 ·
133 1856 139 1859 ,
197 1788 253 1854 καὶ
269 1789 302 1867 ἐξ
317 1781 423 1855 αύτοῦ
443 1789 647 1853 κυίσκονται.
693 1782 796 1877 ἐπεάν
816 1784 853 1854 δὲ
872 1785 1014 1872 πλήρεες
1034 1787 1199 1870 γένωνται

198 1890 235 1955 ἐν
255 1892 296 1975 τῇ
314 1883 487 1972 θαλάσσῃ,
510 1880 727 1953 ἀναπλώουσι
743 1881 848 1953 ὀπίσω
861 1885 895 1962 ἐς
908 1880 995 1970 ἤθεα
1005 1880 1049 1971 τά
1065 1883 1199 1950 ἑωυτών

198 1989 339 2055 ἕκαστοι.
378 1982 533 2073 ἡγέονται
547 1989 661 2073 μέντοι
675 2013 714 2074 γε
728 1975 842 2056 ούκέτι
854 1990 889 2054 οί
901 1981 1012 2071 αὐτοὶ,
1033 1982 1117 2054 ἀλλά
1131 1990 1199 2051 τών
1274 2060 1275 2075 ρ

198 2087 333 2173 θηλέων
358 2093 485 2172 γίνεται
508 2081 530 2172 ἡ
553 2082 723 2174 ἡγεμονίη.
768 2083 951 2173 ἡγιόμεναι
977 2083 1013 2153 δὲ
1034 2080 1198 2171 ἀγελῃόόν

198 2192 331 2256 ποιεῦσι
367 2177 504 2272 οἷόνπερ
542 2188 677 2255 ἐποίευν
704 2189 738 2254 οί
762 2190 911 2273 ἔρσενες·
939 2191 1009 2252 τών
1032 2180 1199 2276 γάριχόών
1274 2188 1275 2249 i

200 2281 443 2369 ἀπορραίνουσι
455 2280 529 2351 κατ’
546 2279 680 2369 ὀλίγους
692 2289 761 2350 τών
775 2284 941 2370 κέγχρων,
967 2287 1002 2352 αι’
1014 2282 1051 2352 όέ
1068 2288 1200 2370 ἔρσενες

114 2374 117 2381 ’
200 2384 418 2448 καταπίνουσι
432 2379 597 2468 ἑπόμενοι.
637 2383 699 2449 είσὶ
719 2379 757 2448 δὲ
770 2384 805 2448 οί
815 2382 949 2469 κέγχροι
963 2371 1059 2449 οῦτοι
1073 2379 1197 2466 ἰχθύες.
1274 2392 1275 2395 ’

200 2479 237 2545 ἐκ
258 2478 295 2544 δέ
314 2484 382 2545 τών
402 2482 668 2568 παραγινομένων
688 2480 744 2548 καί
763 2475 810 2566 μὴ
830 2482 1106 2565 καταπινομένων
1121 2479 1200 2561 κέγ-
1255 2546 1260 2551 ,

199 2601 290 2663 χρων
309 2582 344 2645 οί
361 2577 562 2665 τρεφόμενοι
582 2576 699 2667 ίχθύες
714 2583 874 2664 γίνονται.
917 2583 952 2645 οἳ
969 2573 1000 2644 δ’
1023 2572 1068 2643 ἀν
1087 2571 1200 2643 αύτῦν

200 2674 306 2748 ἁλώσι
327 2676 531 2759 ἐκπλώοντες
554 2682 588 2759 ές
606 2679 802 2766 θάλασσαν,
831 2684 1009 2766 φαίνονται
1027 2677 1202 2763 τετριμμέ-
1260 2744 1263 2749 .

198 2793 255 2844 νοι
279 2772 321 2843 τά
344 2774 398 2845 ἐπ’
424 2773 581 2864 ἀριστερά
605 2783 674 2845 τών
697 2778 888 2864 κεφαλέων,
909 2768 952 2845 οἰ*
973 2773 1006 2843 θ’
1029 2771 1073 2844 ἀν
1094 2771 1202 2845 ὀπίσω

201 2873 450 2964 ἀναπλώοντες,
472 2875 513 2946 τά
534 2879 587 2947 ἐπὶ
614 2874 706 2959 ὀεξιά
734 2883 936 2966 τετρίφαται.
979 2875 1144 2962 πάσχουσι
1164 2876 1202 2942 δὲ

200 2979 304 3045 ταῦτα
325 2973 380 3044 ὀιά
400 2978 493 3046 τόὀε·
521 2977 672 3065 ἐχόμενοι
692 2984 751 3064 τῆς
769 2983 830 3063 γῆς
849 2973 902 3044 ἐπ’
924 2972 1081 3064 ἀριστερά
1098 2998 1202 3043 κατα-

200 3072 351 3144 πλώουσι
364 3076 397 3154 ές
412 3074 606 3163 θάλασσαν,
629 3078 686 3144 καὶ
699 3073 932 3153 ἀναπλώοντες
947 3071 1053 3142 ὀπίσω
1066 3079 1124 3160 τῆς
1138 3068 1206 3140 αύ-

200 3180 258 3260 τῆς
281 3169 490 3262 ἀντέχονται,
518 3174 794 3265 ἐγχριμπτόμενοι
815 3176 871 3242 καί
891 3172 1058 3255 ψαύοντες
1076 3167 1121 3250 ῦς
1134 3168 1203 3256 μά-

201 3281 312 3357 λιστα,
334 3274 392 3339 ἵνα
416 3273 456 3360 δὴ
482 3271 527 3361 μὴ
554 3273 737 3361 ἁμάρτοιεν
760 3279 818 3360 τῆς
842 3269 927 3341 ὀδοῦ
948 3267 1003 3340 όιά
1023 3266 1085 3337 τόν
1106 3268 1200 3358 ρόον.

202 3365 304 3439 ἐπεάν
323 3369 359 3437 δὲ
379 3370 594 3456 πλῃθύεσθαι
614 3371 752 3461 ἀρχῃται
773 3367 792 3438 ὀ
814 3377 953 3457 Νεῖλος,
980 3367 1022 3436 τά
1045 3392 1082 3436 τε
1105 3375 1203 3436 πολλα

201 3473 259 3555 τῆς
280 3473 341 3556 γῆς
359 3467 415 3536 καί
433 3465 473 3535 τά
494 3472 635 3557 τέλματα
654 3468 694 3538 τά
718 3464 810 3558 παρά
833 3463 894 3538 τόν
914 3462 1066 3555 ποταμὸν
1085 3471 1202 3556 πρώτα
