2622 3928
182 267 209 302 vr
533 260 535 265 '
587 254 818 305 PRAEFATIO.

182 389 318 441 Bemhard.
336 390 354 440 l.
371 407 394 444 c.
413 406 439 455 p.
460 391 508 442 184
521 391 714 458 praeferendum
730 393 818 457 putavi
836 392 905 455 quod
923 395 949 441 iu
966 391 1052 442 ABSV
1071 392 1130 445 utu.
1144 404 1236 455 exstat,
1297 450 1298 457 ¹

181 450 209 516 ἐς
227 455 276 508 τοῦ
292 450 446 524 Ἀταρνέος,
471 462 591 512 librorum
616 462 716 511 illorum
733 463 889 526 praestantia
907 470 1051 526 permotus,
1070 477 1148 526 quum
1167 465 1236 526 quod
1297 480 1298 517 1

181 528 302 579 exhibent
318 529 405 580 Mens
423 520 454 580 ἐκ
473 531 576 581 minime
591 529 685 581 falsum
701 545 758 581 esse
775 545 826 582 uon
844 532 996 597 ignorarem.
1012 557 1047 568 -
1065 546 1088 585 o.
1105 529 1149 586 32.
1169 533 1235 592 Quin

180 608 248 648 recte
265 598 387 650 Valcleu.
403 601 468 650 iuter
480 589 546 648 ἄντί
562 610 587 650 et
605 592 678 649 εἶναι
695 589 822 665 όνόρχιας
840 600 891 665 (sie
904 599 963 651 libri
979 615 1059 665 paene
1074 600 1177 662 omnes)
1195 618 1237 652 ar-

180 667 286 718 ticulum
305 669 452 727 inseruerit,
472 684 546 720 nemo
563 670 697 720 dubitabit.
733 669 785 719 Gir.
804 671 824 730 1,
844 670 910 733 2103
926 670 980 731 VH,
999 669 1056 722 170.
1095 670 1169 730 Quod
1191 672 1238 721 Al-

180 738 241 786 dina
258 736 370 798 cxhibet‚
387 728 451 788 o'vet
467 729 605 804 ἐνορχίων
620 731 704 800 εἶναι,
729 741 877 789 correctoris
896 754 953 790 esse
969 740 1078 793 videtur.
1115 739 1169 790 Nec
1181 755 1236 789 me·

179 808 220 871 gis
238 808 282 869 qui
297 806 418 858 Herodoti
436 808 645 859 cousuetudinem
661 809 773 868 noverit,
792 810 853 871 quin
872 817 940 859 recte
958 807 1061 860 Sebael.
1077 810 1150 858 τοῖσι
1170 811 1236 858 iuter

179 865 287 923 αὐτοῖσι
305 884 329 925 et
345 868 432 941 ἱροῖσι
448 879 474 928 in
490 878 561 927 libris
578 878 705 928 adiectum
723 876 852 938 deleverit,
870 878 1002 931 dubitabit.
1020 894 1087 928 -α
1101 877 1144 934 33.
1160 879 1236 928 τοῖοι

179 954 236 994 aute
256 940 377 1012 Πέρσησι
400 963 449 998 orn.
469 945 534 1008 PSF,
551 955 628 1002 reete.
657 946 745 997 Otiosa
762 945 826 996 mihi
839 946 939 997 videtur
953 946 1064 998 Dobraei
1079 949 1235 1012 coniectura,

178 1007 234 1061 ε”τεϊ
246 1008 384 1080 πρότερον
400 1031 446 1080 pro
462 1009 502 1066 ἔτι
518 1007 664 1081 πρότερον,
683 1030 760 1080 quam
775 1022 858 1066 tamen
873 1018 967 1081 reecpit
984 1015 1059 1066 Dind.
1091 1008 1235 1081 Πρότερον

179 1082 298 1134 exhibent
312 1085 405 1144 Mnus,
421 1101 472 1138 om.
490 1086 591 1150 reliqui.
608 1112 643 1124 -
659 1102 683 1135 c.
702 1085 736 1137 35
752 1086 844 1150 scripsi
862 1077 963 1147 ποιόοι,
982 1085 1024 1136 SV
1038 1086 1126 1149 ποιοῖ,
1144 1087 1234 1137 beroe-

179 1149 240 1214 είη,
270 1152 360 1217 reliqui
382 1152 488 1219 ποιοίη.
531 1157 641 1206 Auctore
664 1154 781 1205 Dobraeo
803 1154 992 1206 coniunctivum
1019 1150 1100 1222 ποιέη
1125 1156 1235 1205 restituit

178 1219 254 1271 liind.
277 1247 312 1258 —
338 1239 359 1272 c.
378 1222 411 1274 37
429 1223 489 1274 libri
505 1216 536 1274 τὸ
555 1216 634 1274 trito
648 1215 679 1271 τό
700 1216 768 1279 ἔπος
786 1215 868 1274 εἶναι.
903 1224 1108 1291 Εωονάονεειιοι
1125 1223 1233 1290 Stepha-

178 1305 225 1338 sus
243 1298 267 1338 et
284 1290 362 1343 Beki.
372 1319 408 1332 ·-
424 1310 446 1344 c.
463 1295 506 1344 41.
523 1295 571 1344 Pro
586 1286 767 1355 κεκοσμέαται
785 1292 859 1344 Bred.
879 1307 906 1358 p.
926 1292 978 1344 334
994 1293 1084 1344 meluit
1099 1284 1233 1358 κεκόσμη-

177 1373 233 1409 ται.
259 1385 294 1397 -
322 1378 344 1410 ο.
365 1361 407 1413 46.
435 1363 509 1423 Quod
532 1361 574 1413 SV
598 1362 718 1413 exhibent
746 1355 784 1419 ὦς
807 1352 835 1420 ἐς
853 1351 1022 1422 οἷιιόστοιοιν,
1048 1364 1233 1415 commendavit

178 1428 269 1479 Berub.
289 1427 358 1495 Synt.
375 1430 417 1481 Gr.
434 1447 460 1497 p.
480 1432 540 1484 220.
570 1432 606 1481 De
624 1425 791 1496 μηχανῴατο
811 1432 863 1482 vid.
880 1432 954 1482 Bred.
978 1448 1003 1498 p.
1022 1431 1129 1484 390-
1148 1448 1170 1482 ο.
1188 1433 1231 1483 bi.

178 1490 326 1565 προβάτων
345 1515 396 1553 om.
422 1501 519 1552 KFacd.
548 1529 580 1538 -—
609 1517 631 1551 e.
649 1501 691 1552 58.
715 1501 753 1551 De
777 1501 859 1551 verbis
876 1491 990 1569 α’ριθμῷ
1007 1499 1063 1550 τῶν
1081 1498 1234 1566 περιοίκων

177 1557 369 1630 όναχκαοτοός
388 1570 547 1635 explicandis
571 1585 653 1633 neque
668 1570 751 1620 Weri.
771 1570 839 1623 Acti.
859 1570 927 1623 Mon.
948 1572 959 1619 Ι
977 1585 1004 1635 p.
1025 1571 1090 1632 240,
1109 1585 1191 1634 neque
1206 1569 1234 1620 0.

179 1635 208 1686 0.
228 1635 319 1686 Miiller
336 1637 395 1688 Dor.
411 1639 441 1700 Π,
460 1638 509 1700 99,
529 1641 603 1690 culus
619 1639 770 1690 senteutiam
786 1640 908 1704 ignorans
926 1640 1026 1705 repetiit
1044 1639 1152 1705 Ebep
1172 1639 1233 1698 333,

177 1706 295 1754 assentiri
313 1722 432 1771 possum,
451 1710 497 1760 sed
512 1708 674 1760 Valckenarii
697 1710 820 1760 rationem
840 1710 929 1773 probo.
963 1710 1048 1760 Verba
1069 1704 1119 1759 eal
1141 1701 1234 1759 αὐτῶν

176 1771 378 1838 Σπαρτιητέων
396 1792 453 1827 cum
470 1779 553 1829 desint
569 1780 595 1827 in
613 1775 659 1838 SP,
678 1793 725 1828 nec
743 1786 810 1828 certo
828 1779 878 1829 dici
896 1779 978 1843 possit
992 1793 1076 1830 aunon
1092 1778 1233 1829 Herodotus

177 1841 314 1902 Spartanos
332 1846 403 1911 ipsos
420 1846 469 1898 hac
487 1847 583 1898 funeris
602 1856 674 1912 parte
692 1862 798 1898 vacasse
814 1849 964 1906 narraverit,
982 1849 1149 1913 moralibus,
1168 1863 1234 1910 quae

178 1913 247 1963 uulla
261 1914 408 1980 suspicione
424 1924 552 1978 carerent,
577 1917 687 1968 vendere
704 1915 821 1983 religioni
838 1917 909 1967 duxi.
936 1943 971 1955 -
993 1932 1015 1968 c.
1035 1917 1066 1968 61
1087 1924 1154 1966 reete
1170 1916 1234 1965 mibi
1297 1928 1298 1939 ¹

178 1979 242 2035 nto.
267 1999 295 2049 p.
315 1983 366 2037 333
383 1987 534 2037 emendasse
550 1985 620 2036 visus
637 1994 676 2036 est
694 1976 948 2050 προεργαζόμενον,
966 2001 1014 2036 nec
1029 2002 1088 2037 vero
1105 1986 1173 2050 quod
1189 2001 1221 2036 ex

178 2048 264 2101 hibent
287 2052 373 2103 MPllF
393 2044 424 2105 ἐν
443 2051 477 2122 τῇ
488 2046 613 2117 Ἑλλάδι,
641 2070 794 2119 quamquam
811 2055 998 2106 commendavit
1016 2054 1109 2107 Berub.
1128 2053 1146 2111 l.
1165 2072 1188 2105 c.
1206 2069 1233 2119 p.

176 2120 236 2179 212,
255 2123 363 2185 probare
378 2126 460 2190 potui.
473 2152 506 2161 —
520 2140 542 2174 c.
553 2124 596 2176 ub.
614 2115 664 2174 οόκ
680 2114 783 2174 ἕωοτοῦ
800 2139 849 2189 μιν
868 2118 943 2174 εἶναι
958 2124 1007 2176 Sao
1017 2125 1100 2190 vulg„
1118 2121 1168 2187 μίν
1181 2138 1231 2174 om.

178 2189 269 2252 llPlil',
289 2194 359 2255 quod
376 2194 491 2258 prolecto
506 2195 640 2260 probabile
658 2204 704 2244 eet.
722 2221 756 2233 -
776 2211 799 2244 ο.
814 2195 857 2247 69.
876 2186 977 2261 α’χνοίη
995 2193 1087 2244 Valck.
1116 2192 1233 2255 Plerique

177 2257 235 2307 libri
251 2250 346 2326 οἷνοίη.
382 2263 415 2311 At
433 2279 491 2312 cum
512 2264 539 2313 id
559 2263 616 2327 ipss
637 2264 721 2315 lorms
744 2279 791 2314 sua
814 2265 957 2328 suspicioni
980 2264 1117 2314 obnoxium
1136 2263 1183 2318 sit,
1201 2276 1233 2310 au

176 2327 306 2391 glossema
327 2339 365 2380 est
393 2332 462 2393 eius,
485 2332 554 2395 quod
572 2331 589 2382 S
608 2333 711 2384 exhibet
728 2324 762 2382 οό
780 2330 887 2388 ubiuis?
916 2360 947 2372 —
978 2349 1002 2383 c.
1021 2328 1064 2384 72.
1085 2331 1234 2381 Certissima
1296 2370 1297 2373 ,

176 2398 319 2448 emendatio
336 2400 443 2450 vitiosae
458 2400 582 2450 librorum
598 2403 739 2466 scripturae
753 2397 827 2467 χειρὶ
846 2398 932 2469 διπλῇ
948 2402 1053 2452 debetur
1063 2398 1233 2466 Wessellngii

177 2466 288 2529 iugenio.
325 2467 403 2516 Paulo
420 2478 478 2533 post
493 2470 648 2535 scripturam
665 2471 788 2521 librorum
812 2470 853 2521 SV
876 2463 907 2519 ἐν
936 2466 1022 2539 Τεχέη
1046 2485 1096 2521 non
1120 2477 1233 2521 oontem-

176 2534 285 2585 neudam
303 2550 360 2585 esse
379 2537 440 2586 dicit
456 2538 548 2589 Berub.
568 2538 640 2605 Synt.
662 2539 703 2591 Gr.
724 2555 750 2606 p.
768 2539 830 2594 209.
868 2540 991 2591 Similiter
1004 2556 1028 2598 ο.
1045 2541 1078 2591 ib
1095 2537 1114 2588 S
1131 2538 1234 2590 exhibet

175 2593 205 2651 ἐν
223 2594 343 2672 Σπάρτη
363 2602 511 2666 δείσαντες.
525 2635 560 2647 -
573 2624 594 2658 ο.
615 2608 656 2662 73.
672 2606 726 2674 γῆν
744 2626 794 2671 om,
815 2608 856 2661 SV
874 2611 965 2661 Thcm.
976 2609 1012 2659 Μ.
1026 2636 1059 2648 ·-
1069 2625 1092 2661 c.
1103 2610 1145 2662 7a
1158 2598 1221 2670 ἕξορ

175 2669 258 2736 κοῦν,
278 2689 391 2740 proquo
419 2677 477 2728 libri
499 2669 622 2743 όξορκῶν
647 2680 685 2729 vel
708 2668 825 2744 όξόρκον
849 2679 983 2739 exhibent,
1009 2680 1109 2745 primus
1131 2678 1233 2742 scripsit

175 2743 265 2794 Valclr.
293 2771 328 2783 —
354 2764 376 2800 c.
396 2749 437 2800 75.
461 2740 599 2813 ανέχνωσε
619 2739 648 2806 ἒς
665 2740 700 2798 τό
719 2744 784 2815 περὶ
800 2740 973 2814 Δημόρητον
992 2740 1128 2814 γενόμενα
1145 2740 1233 2810 λέγειν

176 2827 235 2860 cum
262 2813 304 2864 SV
328 2815 405 2879 illd,
431 2818 465 2868 ad
483 2833 547 2881 qnos
567 2819 645 2868 libros
666 2819 764 2869 aceedit
788 2819 805 2869 d
832 2818 968 2870 exbibens:
997 2807 1025 2875 ἐς
1050 2807 1232 2880 Δημάρητον,

176 2882 254 2930 scribi
269 2882 340 2933 lubet
355 2884 447 2936 Berub.
465 2887 482 2936 l.
500 2902 523 2937 c.
540 2902 566 2952 p.
580 2887 639 2938 220.
650 2904 716 2937 -ο,
728 2888 771 2940 86.
789 2879 967 2953 παραθήκην
982 2887 1008 2938 b.
1021 2887 1038 2936 l.
1050 2884 1120 2937 SVP.
1138 2883 1233 2936 inme

175 2945 307 3029 infensos
324 2952 430 3005 debetur
446 2954 574 3021 Belsker03
591 2952 799 3021 libri-ipimus.
821 2984 855 3009 ·.-·
873 2973 896 3008 o.
914 2956 958 3011 92.
976 2941 1017 3006 ιόν
1035 2969 1088 3020 ope
1102 2958 1169 3006 inter
1186 2943 1233 3004 diri

177 3014 213 3082 δη
233 3028 257 3068 ιιι
274 3016 363 3069 ταῦτα
380 3022 557 3088 interpositum
580 3041 638 3075 cum
657 3023 707 3076 Sao
731 3027 764 3076 al.
786 3027 910 3092 (retinent
929 3023 1232 3091 llPllde)eiiciendu1n

175 3103 232 3169 csse
249 3089 432 3141 demonstravit
447 3090 532 3144 Strur.
551 3108 621 3159 spec.
636 3097 647 3144 l
664 3110 690 3161 p.
707 3093 750 3157 33,
766 3095 835 3146 idem
853 3111 879 3162 p.
899 3094 934 3147 19
950 3111 1004 3159 seq.
1026 3095 1104 3145 verbs
1118 3083 1193 3156 α’νὴρ
1211 3078 1233 3161 ᾇ

175 3170 292 3222 οννομα,
312 3160 337 3208 in
355 3159 476 3212 MPKde
489 3169 548 3229 post
563 3156 717 3230 στρατηγός
732 3166 868 3231 adscripta,
886 3179 945 3216 cum
960 3164 1052 3216 iisdem
1070 3163 1143 3213 libris
1162 3164 1232 3213 omit·

175 3227 252 3278 tenda
271 3244 336 3280 ease.
355 3256 390 3266 -
413 3246 435 3280 c.
456 3229 491 3283 95
507 3246 554 3298 pro
571 3230 611 3283 τῶ
628 3229 754 3301 προτέρῳ
773 3226 829 3284 ἔτεϊ
844 3235 977 3285 Dobroeus
994 3234 1104 3285 coniecit
1122 3232 1234 3282 scriben-

176 3294 237 3344 dum
253 3312 310 3348 esse
326 3295 410 3366 τρίτῳ
426 3290 563 3364 πρότερον
581 3281 644 3353 dest.
663 3331 699 3342 -
716 3321 738 3354 c.
759 3302 802 3357 98.
823 3295 861 3361 ὥς
878 3295 972 3368 &iopes
986 3294 1088 3368 Δήλιοι
1104 3300 1233 3359 ΜΡΚΓεος

176 3362 221 3412 elii
248 3357 279 3414 oi
304 3358 413 3430 Δήλιοι.
448 3370 533 3420 Verba
556 3361 675 3421 δύναται
698 3399 735 3412 -
757 3367 882 3423 aeliotes
905 3375 1054 3440 suspieioue
1074 3384 1125 3422 nou
1148 3385 1234 3421 carere

176 3434 286 3483 ostendit
306 3434 382 3486 Bred.
400 3451 427 3503 p.
448 3436 491 3489 16.
502 3464 538 3477 —·
554 3456 577 3490 o.
596 3442 654 3497 101.
675 3430 809 3505 Ταμύνας
826 3443 932 3509 egregia
952 3451 991 3494 est
1008 3441 1098 3492 Valok.
1115 3439 1222 3490 emenda

177 3499 211 3548 tio
238 3501 294 3551 libri
312 3498 432 3565 τέμενος.
444 3533 479 3544 -
489 3523 512 3561 o.
534 3507 593 3560 103.
613 3509 687 3569 Quod
702 3509 720 3560 S
735 3510 837 3561 exhibet
854 3501 932 3574 παρὰ
949 3508 988 3578 τῷ
1003 3501 1101 3575 πότριμ
1117 3500 1149 3557 ci
1165 3523 1232 3559 coru·
