2606 3930
224 226 295 290 νει
351 206 353 209 ’
607 225 863 286 Ηεοοοοει

221 389 359 464 ,τούτων
380 389 508 458 ἐόντων
526 400 613 458 τοίσι
631 391 868 474 Ταραντίνοισι
889 393 1000 474 φίλων
1026 391 1167 477 μάλιστα
1188 387 1225 480 δη

226 488 290 578 τὴν
317 489 463 559 κάτοδόν
491 494 526 558 οί
555 494 701 558 ἔσεσθαι.
749 496 894 573 Δαρεῖος
923 490 960 559 δὲ
984 487 1225 579 ὑποδεξάμενος

228 590 391 656 ἐπετέλεε·
424 588 554 674 πέμψας
582 582 648 672 γάρ
679 582 824 672 άγγελον
853 588 887 666 ἐς
916 592 1046 656 Κνίδον
1069 590 1225 676 κατάγειν

227 689 331 773 σφέας
362 688 492 754 ἐκέλευε
522 690 645 753 Γίλλον
675 686 709 763 ἐς
744 684 917 771 Τάραντα·
958 688 1156 776 πειθόμενοι
1191 690 1225 759 δέ

226 791 361 874 Δαρείῳ
387 787 521 852 Κνίδιοι
551 788 780 869 Ταραντίνους
806 782 870 853 ούιι
895 776 945 852 τόν
973 791 1130 874 ἔπειθον,
1151 794 1225 875 βίην

226 885 263 951 δὲ
280 879 441 950 άδύνατοι
466 873 554 969 ἦσαν
580 882 794 968 προσφέρειν.
826 890 932 952 ταῦτα
953 887 1016 971 μέν
1046 912 1114 955 νυν
1140 883 1225 955 ούτω

226 980 394 1067 ἐπρήχθη,
412 971 507 1048 οὗτοι
530 979 566 1049 δὲ
582 985 708 1062 πρῶτοι
724 979 760 1046 έιι
771 984 829 1065 τῆς
840 976 948 1068 Ἀσίης
962 984 996 1061 ἐς
1016 980 1224 1071 τὴνἙλλάδα

155 1106 157 1112 ·
226 1075 386 1146 ἀπίκοντο
399 1079 545 1163 Πέρσαι,
568 1078 623 1145 καί
637 1069 731 1146 οὗτοι
749 1074 804 1145 διά
822 1079 955 1149 τοιόνδε
969 1088 1105 1172 πρῆγμα
1124 1083 1224 1153 κατά-

230 1196 348 1245 σκοποι
366 1178 529 1262 ἐγένοντο.

178 1288 212 1344 39
312 1281 445 1344 ΜΕΤΑ
464 1276 500 1343 δὲ
519 1280 623 1342 ταῦτα
639 1275 760 1361 Σάμον
775 1276 933 1364 βασιλεύς
946 1288 1092 1364 Δαρεῖος
1112 1285 1223 1371 αίρέει,

225 1383 352 1446 πολίων
368 1379 501 1446 πασέων
516 1373 865 1463 πρῶτηνἙλληυίδωυ
880 1381 935 1450 καί
945 1381 1145 1469 βαρβάρων,
1171 1380 1223 1451 διά

223 1474 357 1563 τοιήνδε
376 1473 452 1545 τινὰ
467 1480 592 1561 αἰτίην·
624 1474 816 1563 Καμβύσεω
832 1482 894 1544 τοῦ
909 1477 1029 1562 Κύρου
1044 1497 1222 1566 στρατευο·

223 1576 329 1660 μένου
350 1568 398 1641 ἐπ’
415 1582 590 1660 Αίγυπτον
611 1570 707 1642 ἄλλοι
727 1600 763 1642 τε
784 1577 901 1661 συχνοὶ
923 1578 957 1655 ἐς
975 1573 1039 1665 τὴν
1049 1585 1222 1664 Αίγυπτον

226 1670 576 1760 άπίιιοντοἘλλήνων,
592 1676 626 1741 οί
639 1675 718 1759 μὲν,
734 1669 778 1752 ῶς
792 1671 900 1759 οἰκός,
916 1672 989 1742 κατ’
1006 1678 1225 1762 ἐμπορίην,οί

228 1775 263 1840 δὲ
273 1770 542 1858 στρατευόμενοι,
556 1776 590 1840 οί
599 1773 638 1839 δέ
644 1798 732 1852 τινες
741 1774 796 1841 καί
807 1768 910 1858 αὐτῆς
919 1773 1091 1861 τηςχῶρης
1096 1776 1223 1861 θηηταλ,

226 1879 295 1942 τῶν
308 1865 353 1960 ἦν
374 1876 429 1942 καί
448 1879 617 1942 Συλοσῶν
637 1870 655 1942 ὁ
676 1874 836 1959 Αίάκεος,
855 1873 1090 1959 Πολυκράτεός
1109 1902 1146 1945 τε
1160 1874 1224 1945 ἐῶν

227 1968 389 2060 άδελφεδς
412 1974 469 2043 καί
493 1973 631 2061 φεύγων
659 1975 695 2042 ἐκ
715 1972 847 2058 Σάμου.
885 1979 1008 2041 τοῦτον
1027 1970 1088 2042 τόν
1112 1982 1223 2043 Συλο-

227 2080 338 2142 σῶντα
353 2076 513 2161 κατέλαβε
530 2070 664 2159 εὐτυχίη
678 2097 728 2152 τις
737 2069 866 2159 τοιήδε·
888 2068 1003 2158 λαβῶν
1016 2076 1155 2159 χλανίδα
1170 2072 1225 2141 καί

224 2175 488 2265 περιβαλόμενος
501 2172 637 2262 πυρρὴν
650 2170 790 2261 ἠγόραζε
808 2174 845 2241 ἐν
857 2179 897 2260 τῇ
912 2175 1039 2258 Μέμφι.
1084 2170 1169 2242 ίδῶν
1189 2173 1225 2241 δὲ

225 2272 330 2345 αὐτόν
345 2283 505 2360 Δαρεῖος,
521 2272 712 2361 δορυφόρος
722 2297 758 2339 τε
772 2269 838 2339 ἐῶν
850 2271 1040 2358 Καμβύσεω
1051 2272 1105 2341 καί
1120 2272 1225 2358 λόγου

225 2371 366 2451 ούδευός
393 2396 442 2440 κω
470 2371 637 2457 μεγάλου,
671 2370 863 2456 ἐπεθύμησε
891 2374 948 2456 τῆς
981 2373 1135 2456 χλανίδος
1170 2369 1225 2439 καὶ

226 2468 332 2557 αὐτὴν
358 2468 560 2556 προσελθών
586 2465 715 2538 ῶνέετο.
759 2464 778 2537 ὁ
804 2469 840 2535 δὲ
853 2474 1019 2536 Συλοσῶν
1036 2464 1144 2554 ὁρέων
1164 2465 1225 2537 τὸν

226 2578 372 2653 Δαρεῖον
387 2568 544 2655 μεγάλως
558 2569 784 2654 ἐπιθυμέοντα
803 2573 861 2652 τῆς
874 2570 1036 2652 χλανίδος,
1043 2573 1121 2654 θείη
1141 2567 1225 2657 τύχη

221 2666 399 2756 χρεόμενος
414 2670 520 2756 λέγει·
548 2665 629 2752 Ἐγῶ
645 2668 771 2753 ταύτην
785 2670 902 2734 πωλέω
915 2665 978 2751 μέν
991 2662 1132 2746 ούδενδς
1142 2668 1226 2756 χρη-

211 2795 332 2857 ματος,
364 2770 484 2855 δίδωμι
513 2764 552 2835 δέ
581 2763 710 2851 άλλως,
740 2773 834 2853 είπερ
864 2760 953 2834 οὕτω
983 2768 1039 2834 δεί
1065 2765 1230 2851 γενέσθω

213 2867 361 2949 πάντως·
392 2869 528 2948 αίνέσεις
556 2871 664 2937 ταῦτα
688 2863 707 2936 ὁ
734 2878 878 2955 Δαρεῖος
908 2863 1163 2956 παραλαμβάνω
1192 2864 1231 2936 ιδ

221 2962 305 3055 εἷμα.
344 2966 382 3036 ‘O
396 2970 459 3054 μὲν
474 2963 515 3052 δὴ
530 2972 697 3035 Συλοσῶν
710 2964 871 3052 ηπίστατό
886 2966 921 3031 οί
933 2969 1031 3032 τοῦτο
1047 2962 1224 3035 άπολωλέ-

158 3067 207 3121 ΗΟ
220 3093 277 3136 ναι
289 3062 335 3135 δι’
347 3061 517 3152 εύηθειαν.
547 3062 592 3145 ῶς
606 3069 643 3134 δέ
654 3071 716 3134 τού
730 3062 857 3152 χρόνου
873 3067 1115 3150 προβαίνοντος
1122 3071 1223 3154 Κωμ-

220 3165 327 3258 βύσης
344 3188 382 3232 τε
397 3160 548 3232 ἀπέθανε
574 3166 629 3233 καλ
654 3170 701 3254 τῷ
726 3163 822 3254 μάγφ
838 3162 1066 3247 ἐπανέστησαν
1085 3166 1120 3231 οί
1139 3163 1223 3233 ἑπτά
1272 3200 1273 3239 ι

222 3267 276 3335 καί
295 3266 332 3332 ἐκ
348 3268 416 3330 τῶν
430 3258 511 3330 ε’πτά
527 3272 671 3348 Δαρεῖος
690 3257 753 3349 τὴν
772 3265 950 3349 βασιληίην
960 3264 1050 3347 ἐσγε,
1081 3261 1224 3332 πυνθά-
1271 3342 1272 3359 ,

221 3388 313 3432 νεται
327 3357 346 3430 δ
362 3367 545 3447 Συλοσῶν,
566 3357 611 3449 ῶς
628 3357 650 3448 ἡ
664 3364 820 3449 βασιληίη
834 3358 1074 3446 περιεληλύθοι
1090 3359 1125 3440 ἐς
1143 3367 1226 3431 τοῦ·
1271 3376 1272 3455 λ

220 3485 280 3530 ιον
296 3455 355 3529 τὸν
372 3454 498 3547 ἄνδρα,
518 3464 565 3550 τῷ
579 3459 654 3533 nov}
671 3456 774 3541 αύιδς
790 3462 895 3531 έδωιιε
914 3459 953 3529 ἐν
968 3458 1130 3546 Αίγύπιω
1147 3464 1226 3551 δεη·
