2618 3928
1108 11 1301 150 Ψ

210 270 272 335 100
586 273 840 332 HERODOTI

209 458 277 502 των
291 436 327 500 οί
340 437 481 510 πλεῦνες
495 427 558 498 οῦκ
573 426 805 517 ἀπενόστησαν
820 428 937 518 ὀπίσω,
953 427 1027 498 ἀλλ’
1045 428 1219 515 ἐτελεύτη-

210 553 275 601 σαν
286 527 346 598 ὑπ’
360 526 550 616 Ἀθηναίων
560 531 598 598 έν
609 536 747 618 Λίγίνη·
764 528 864 608 αὐτός
875 529 911 596 δὲ
922 528 940 595 ὁ
952 526 1134 615 στρατηγός
1145 525 1218 595 Εὐ-

211 628 358 718 ρυβάτης
368 633 599 714 μουνομαχίην
610 629 781 696 ἐπασκέων
791 641 879 713 τρεῖς
892 624 955 712 μὲν
968 623 1093 713 ἀνδρας
1103 623 1216 715 τρόπῳ

209 726 351 817 τοιοάτφ
361 731 493 812 κτείνει,
505 720 572 792 ῦπδ
586 726 623 792 δὲ
633 731 695 792 τοῦ
705 724 866 811 τετάρτου
876 722 1063 810 Σωφάνεος
1073 729 1135 790 τοῦ
1145 732 1217 791 Δε-

160 837 197 894 93
210 827 323 904 κελέος
338 820 556 909 ἀποθνήσκει.
579 828 758 909 Αἰγινῆται
772 822 809 891 δὲ
824 825 917 891 έοῦσι
934 818 1104 889 ἀτάκτοισι
1113 818 1216 905 Ἀθη-

103 975 105 983 .
211 930 335 992 ναίοισι
357 922 584 1009 συμβαλόντες
604 930 679 1011 τῇσι
699 925 798 1009 νηυσί
820 924 993 1006 ἐνίκησαν,
1022 924 1081 987 καί
1101 937 1216 1005 σφεων

210 1022 289 1099 νέας
301 1021 458 1104 τέσσερας
473 1016 603 1088 αὐτοῖσι
616 1017 761 1105 ἀνδράσι
775 1014 875 1087 εἶλον.

292 1116 501 1204 Ἀθηναίοισι
515 1122 578 1205 μὲν
592 1116 632 1205 δη
653 1118 797 1204 πόλεμος
812 1122 960 1202 συνῆπτο
974 1112 1060 1201 πρός
1074 1115 1216 1202 Αἰγινή-

161 1229 197 1286 94
211 1241 280 1302 τας,
292 1211 311 1283 ὁ
322 1216 359 1284 δὲ
364 1218 496 1302 Πέρσης
507 1212 544 1284 τό
557 1218 684 1283 ἑωυτοῦ
694 1217 802 1283 ἑποίεε
814 1213 897 1282 ὥστε
906 1210 1216 1301 ἀναμιμνήσκοντός

209 1343 245 1386 τε
268 1323 305 1387 αί
291 1318 333 1387 ίεὶ
355 1324 417 1385 τοῦ
432 1315 644 1402 θεράποντος
661 1320 855 1403 μεμνῆσθαί
866 1340 926 1400 μιν
941 1319 1010 1381 τῶν
1026 1310 1215 1400 Ἀθηναίων

209 1417 265 1483 καί
279 1419 580 1498 Πεισιστρατιδέων
597 1414 879 1500 προσκατημένων
895 1438 951 1480 και
939 1412 1215 1531 διαβαλλόντων

206 1508 457 1596 Ἀθηναίους,“
433 1537 503 1630 αμα
513 1509 550 1578 δέ
560 1507 795 1597 βουλόμενος*
779 1537 798 1578 ο
811 1519 956 1595 Δαρεῖος
968 1509 1089 1596 ταύτης
1100 1512 1215 1597 έχόμε-

208 1634 267 1686 νος
278 1615 336 1693 τῆς
346 1609 536 1729 προφάσιος
545 1607 885 1695 καταστρέφεσθαι
845 1634 903 1694 της
911 1604 1068 1695 Ελλάδος
1081 1605 1160 1687 τοῦς
1169 1634 1213 1694 μη

209 1704 330 1784 δόντας
344 1702 435 1794 αὐτῷ
446 1712 512 1791 γῆν
524 1731 560 1773 τε
574 1707 630 1773 καὶ
640 1703 743 1786 ὕδωρ.
766 1702 1013 1789 Μαρδόνιον
978 1729 1041 1789 μεν
1052 1701 1092 1791 δη
1104 1705 1215 1790 φλαῦ-

209 1828 276 1889 ρως
290 1772 462 1889 πρηξαάτα
481 1828 527 1893 τῳ
512 1802 650 1892 στόλφ
670 1801 834 1887 παραλόει
852 1806 909 1885 τῆς
924 1807 1135 1889 στρατηγίης,
1153 1800 1216 1870 ἀλ-

208 1909 290 1981 λους
304 1901 341 1969 δέ
354 1898 560 1988 στρατηγοδς
572 1898 734 1981 ἀποδέξας
749 1898 927 1968 ἀπέστελλε
937 1901 995 1968 έπί
1002 1925 1037 1968 τε
1049 1897 1216 1987 Ἐρέτριαν

208 2002 265 2067 καὶ
275 1996 437 2087 Ἀθήνας,
448 2004 557 2069 Δᾶτίν
567 2025 603 2067 τε
614 1998 713 2067 έόντα
723 2000 849 2083 Μῆδον
858 1999 956 2082 γένος
969 1999 1026 2065 καὶ
1034 1995 1217 2085 Ἀρταφέρ·

207 2123 269 2166 νεα
282 2095 344 2166 τόν
353 2095 594 2187 ’Λρταφέρνεος
607 2102 720 2185 παῖδα,
735 2094 935 2183 ἀδελφιδέον
946 2099 1090 2173 ἑωυτοῦ·
1110 2101 1217 2168 ἐντει-

207 2194 351 2281 λαμενος
373 2195 409 2262 δ
431 2194 603 2283 ἀπέπεμπε
623 2199 967 2279 ἐξανδραποδίσαντας
990 2193 1136 2284 Ἀθήνας
1161 2202 1218 2268 καὶ

160 2307 195 2364 95
204 2289 409 2379 Ἐρέτριαν’
390 2296 563 2380 αγαγείν’
546 2321 658 2384 εωυτφ
644 2292 736 2373 Ηές
723 2293 804 2374 όριν
820 2318 860 2360 τα
848 2289 1080 2379 ἀνδράποδα.
1108 2294 1166 2375 Ὡς
1180 2298 1218 2365 δέ
1297 2304 1298 2307 ’

208 2395 243 2459 οί
262 2383 502 2477 στρατηγοὶ
459 2416 553 2460 ουτοι
573 2397 607 2460 οί
625 2363 868 2478 ἀποδεχθέντες
883 2394 1106 2482 πορευόμενοι
1125 2394 1217 2482 παρὰ

206 2489 359 2574 βασιλέος
369 2484 580 2556 ἀπίκοντο”
539 2513 598 2575 της
604 2496 757 2576 Κιλικίης
769 2486 850 2569 ἐς
815 2515 853 2557 το
865 2486 997 2578 Ἀληίον
1008 2492 1171 2581 πεδίον,”
1147 2521 1219 2579 αμα
1296 2554 1297 2561 ,

208 2582 368 2672 ἀγόμενοι
378 2583 480 2668 πεζόν
491 2585 633 2674 στρατόν
648 2587 776 2658 πολλόν
790 2614 825 2657 τε
839 2590 896 2657 καὶ
908 2615 947 2657 ευ
935 2581 1218 2681 ἐσκευασμένον,

208 2685 358 2752 ἐνθαῦτα
367 2690 743 2773 στρατοπεδευομένοισι
751 2688 878 2779 έπηλθε
886 2684 1139 2773 μδνὸναυτικός
1151 2696 1219 2768 πᾶς

208 2782 348 2867 στρατός
365 2782 384 2853 ὁ
400 2788 588 2874 ἐπιταχθεὶς
607 2787 792 2875 ἑκάστοισι,
810 2789 1035 2872 παρεγένοντο
1056 2788 1093 2855 δὲ
1112 2790 1220 2856 καλαί

207 2883 397 2966 ἱππαγωγοὶ
407 2884 497 2970 νέες,
513 2876 572 2961 τάς
582 2891 628 2975 τῷ
639 2890 790 2978 προτέρῳ
805 2891 872 2954 ἔτει
881 2900 1018 2970 προεῖπε
1028 2899 1115 2955 τοῖσι
1129 2890 1218 2956 ἑωυ-

206 2986 269 3049 τοῦ
289 2983 533 3068 δασμοφόροισι
554 2994 698 3072 Δαρεῖος
718 2987 910 3074 ἑτοιμάζειν.
939 2984 1158 3074 ἐσβαλόμενοι
1179 2985 1217 3055 66

206 3076 287 3158 τοῦς
296 3082 421 3157 ἵππους
435 3080 469 3159 ές
479 3077 601 3158 ταύτας
611 3086 667 3151 καί
678 3081 738 3152 τόν
749 3081 849 3164 πεζόν
859 3081 1003 3167 στρατὸν
1014 3082 1219 3171 έσβιβάσαν-
1293 3090 1294 3093 ’

207 3174 349 3258 τεςὲς
312 3204 370 3258 τας
381 3179 595 3257 νέαςέκλωον
606 3182 792 3273 εξακοσίησι
802 3184 952 3272 τριηρεσι
962 3182 1041 3263 ἑς
1005 3209 1068 3271 την
1077 3191 1217 3272 Ιωνίην,
1292 3184 1293 3257 λ

209 3276 371 3342 ἐνθεῦτεν
385 3273 474 3343 δέ’
434 3301 477 3342 ου
491 3275 582 3361 παρὰ
595 3303 658 3365 την
670 3278 811 3368 ἤπειρον
826 3280 962 3370 είχον
924 3309 984 3363 τας
993 3285 1071 3364 νέας
1081 3280 1144 3353 ίθδ
1153 3289 1219 3352 τοῦ
1289 3308 1292 3419 μ

207 3395 244 3438 τε
252 3367 499 3457 Ἑλλησπόντου
513 3376 619 3441 καὶ
579 3401 636 3459 της
647 3385 803 3466 Θρηίκης,
818 3377 893 3448 ἀλλ’
911 3382 948 3447 ἐκ
959 3378 1107 3465 Σάμου
1093 3380 1220 3467 ορμεό-

94 3559 97 3566 Ι
208 3489 304 3547 μενοι
314 3488 404 3551 παρα
415 3491 451 3533 τε
462 3464 605 3552 Ικαριον
616 3476 671 3541 καὶ
682 3473 737 3543 δια
747 3477 863 3562 νησων
871 3499 932 3544 τον
942 3473 1049 3542 πλοον
1060 3478 1218 3545 έποιευν
