2606 3920
14 1450 18 1507 --
14 1425 16 1431 -
14 1352 18 1387 ,-
14 1252 19 1293 ⁹-
14 1150 29 1189 αξ-
14 1031 22 1093 Ὴ-
14 950 22 993 “
14 828 21 893 a*
14 741 24 797 Ὗ.»
14 652 25 717 *a
14 554 25 597 tn
14 440 27 499 ἰῇ

381 247 466 303 ΗΒ.
498 245 544 302 lx.
577 247 675 303 οΑΡ.
708 251 830 307 7-10.
926 240 934 251 “
1043 248 1104 311 291

101 402 212 490 γάλ-ην
225 390 422 490 ἐποιήσαντο
437 399 481 488 μὴ
496 405 632 488 μηδίσαι
643 400 859 492 Ἀθηναίους,
875 408 948 476 τότε
964 410 999 476 δέ
1013 406 1104 498 ῦρην

101 499 300 589 ἐποιήσαντο
316 498 492 587 οὐδεμίαν,
514 499 595 569 ἄλλο
609 528 649 588 γε
663 498 686 589 ἦ
702 501 752 571 ότι
772 501 790 572 6
808 501 940 591 Ἰσθμός
956 527 1017 592 σφι
1033 511 1103 577 έτει

100 604 240 683 τείχιστο
257 599 313 667 καί
331 598 468 667 ἐδόκεον
483 595 672 685 Ἀθηναίων
687 605 734 669 ἔτι
750 604 886 671 δέεσθαι
903 602 1019 673 οὐδέν·
1047 604 1102 675 ότε

100 698 138 764 δὲ
154 693 172 764 6
189 693 402 784 Ἀλέξανδρος
416 693 553 765 άπίκετοΙ
572 699 604 775 ές
620 695 683 784 τὴν
693 696 858 787 Ἀττικὴν,
880 700 971 770 οῦκω
985 700 1102 773 άπετε-

99 801 257 881 τείχιστο,
285 794 461 880 ἐργάζοντο
482 794 519 862 δὲ
541 796 692 881 μεγάλως
712 798 1003 885 καταρρωδηκότες
1023 797 1102 880 τοῦς

99 893 241 979 Πέρσας.
287 897 387 972 Τέλος
411 894 448 962 δέ
467 901 526 980 τῆς
548 920 584 962 τε
604 892 799 985 ὑποκρίσιος
819 902 875 968 καί
896 900 1013 980 ἐξόδου
1033 908 1134 971 τῦν9

99 994 338 1077 Σπαρτιητέων
352 994 481 1077 ἐγένετο
495 990 618 1078 τρόπος
634 994 781 1062 τοιόσδε·
802 1001 842 1085 τῇ
852 1003 1033 1087 προτεραίῃ
1042 1004 1100 1084 τῆς

98 1088 243 1174 ὑστάτης
253 1088 469 1168 καταστάσιος
480 1090 666 1177 μελλούσης
673 1097 934 1175 ἔσεσθαιΧίλεος
941 1093 1027 1184 ἀνὴρ
1038 1105 1100 1164 Τε·

98 1187 232 1276 γεήτης,
249 1187 436 1274 δυνάμενος
450 1190 487 1255 έν
499 1192 724 1275 Λακεδαίμονι
739 1196 875 1278 μέγιστα
890 1198 1018 1281 ξείνων,
1032 1200 1100 1261 τῶν

99 1285 234 1372 ἐφόρων
248 1285 391 1354 ἐπύθετο
406 1285 516 1354 πάντα
529 1287 649 1373 λόγον,
665 1285 725 1356 τόν
739 1287 780 1376 δὴ
799 1295 833 1358 οί
841 1289 1013 1378 Ἀθηναῖοι
1029 1298 1100 1361 έλε-

97 1409 170 1471 γον.
200 1383 345 1465 άκοόσας
365 1385 401 1453 δέ
421 1383 440 1454 6
460 1393 578 1464 Χίλεος
595 1391 686 1472 ἔλεγε
706 1384 772 1473 άρα
795 1407 855 1474 σφι
872 1388 966 1458 τάδε·
1000 1387 1097 1458 Οῦτω

98 1491 174 1572 ἔχει,
183 1481 302 1571 ἄνδρες
312 1489 445 1571 έφοροι·
458 1482 647 1570 Ἀθηναίων
656 1481 736 1572 ἡμῖν
743 1483 868 1553 ἐόντων
878 1484 923 1572 μὴ
931 1484 1096 1574 άρβμίων,

97 1588 143 1672 τῷ
161 1581 198 1650 δέ
212 1581 371 1673 βαρβάρῳ
385 1582 580 1669 συμμάχων,
597 1589 715 1667 καίπερ
732 1589 852 1669 τείχεος
867 1583 922 1653 διὰ
937 1592 998 1654 τοῦ
1009 1583 1097 1654 Ἰσθ-

98 1686 165 1748 αοῦ
184 1681 389 1767 ἐληλαμένου
411 1687 592 1766 κρατεροῦ,
620 1681 760 1766 μεγάλαι
781 1682 948 1761 κλισιάδες
973 1681 1098 1750 άναπε-

97 1783 234 1847 πτέαται
254 1780 287 1857 ές
300 1776 361 1864 τὴν
375 1777 639 1864 Πελοπόννησον
653 1784 699 1867 τῷ
712 1778 834 1867 Πέρση.
864 1777 938 1848 ἀλλ’
955 1779 1098 1848 έσακοῦ-

97 1877 287 1960 σατε,’πρίν
301 1900 333 1942 τι
347 1874 429 1943 ἄλλο
440 1873 646 1962 Ἀθηναίοισι
658 1875 753 1955 δόξαι
767 1875 903 1963 σφάλμα
916 1884 956 1965 τῇ
965 1875 1097 1944 Ἑλλάδι

96 1974 210 2059 φέρον.
239 1969 275 2039 ‘0
290 1976 351 2057 μέν
365 1991 426 2059 σφι
441 1980 543 2041 ταῦτα
560 1973 800 2061 συνεβούλευε,
822 1980 855 2043 οί
870 1977 906 2044 δὲ
921 1979 1019 2063 φρενὶ
1034 1984 1094 2044 λα·
1112 1991 1145 2042 10

95 2072 214 2162 βόντες
230 2068 407 2158 τὸνλόγον
419 2070 555 2158 αὐτίκα,
578 2072 765 2160 φράσαντες
783 2070 883 2142 οῦδὲν
898 2089 982 2144 τοῖσι
997 2073 1096 2162 άγγέ·

95 2179 182 2240 λοισι
198 2181 282 2236 τοῖσι
297 2166 507 2256 ἀπιγμένοισι
524 2167 589 2238 άπδ
604 2176 672 2237 τῦν
686 2178 822 2256 πολίων,
841 2169 962 2251 νυκτός
977 2178 1023 2240 ἔτι
1041 2175 1057 2240 έ
1076 2212 1096 2222 -

95 2271 262 2354 πέμπουσι
280 2272 565 2353 πεντακισχιλίους
578 2270 817 2353 Σπαρτιητέων
833 2270 900 2353 [καί
920 2265 999 2335 ἑπτά
1020 2271 1095 2355 περὶ

96 2369 236 2435 ἕκαστον
255 2364 411 2445 τάξαντες
430 2371 498 2433 τῦν
516 2364 690 2454 είλάτων],
711 2372 888 2455 Παυσανίη
901 2372 947 2457 τῷ
963 2373 1095 2452 Κλεομ-

95 2463 218 2553 βρότου
229 2464 462 2550 έπιτρίψαντες
473 2465 611 2550 ἐξάγειν.
636 2466 762 2550 ἐγίνετο
776 2464 839 2550 μέν
853 2489 919 2530 νυν
933 2460 953 2550 ἡ
969 2460 1093 2551 ἡγεμο-

94 2566 147 2647 νίη
161 2559 389 2647 Πλειστάρχου
405 2568 466 2629 τοῦ
477 2566 668 2630 Λεωνίδεω·
690 2558 765 2630 ἀλλ’
782 2559 800 2631 6
815 2562 877 2648 μέν
889 2554 934 2648 ἦν
945 2567 992 2630 ἔτι
1006 2574 1093 2646 παῖς,

94 2656 112 2726 6
128 2660 164 2724 δὲ
178 2654 299 2724 τοῦτον
314 2658 490 2744 έπίτροπός
499 2684 535 2727 τε
548 2662 603 2727 καὶ
614 2656 760 2740 ἀνεψιός.
782 2658 1014 2747 Κλεόμβροτος
1027 2656 1092 2744 γάρ

94 2752 112 2822 6
127 2757 327 2820 Παυσανίεω
342 2754 404 2839 μὲν
419 2753 538 2843 πατὴρ,
554 2756 812 2844 Ἀναξανδρίδεω
826 2757 862 2824 δέ
877 2770 963 2842 παῖς,
981 2752 1092 2837 οὐκέτι

94 2856 222 2938 περιῆν,
233 2847 317 2920 άλλά
329 2848 512 2939 άπαγαγῦν
523 2856 560 2922 έκ
568 2861 630 2922 τοῦ
641 2852 777 2941 Ἰσθμοῦ
788 2851 849 2941 τὴν
860 2848 1019 2940 στρατιὴν
1029 2849 1091 2938 την

74 2948 129 3020 τδ
149 2962 253 3034 τεῖχος
270 2952 431 3035 δείμασαν
445 2948 527 3036 μετὰ
547 2959 651 3020 ταῦτα
670 2950 713 3021 οὐ
727 2948 854 3021 πολλόν
871 2947 996 3038 χρόνον
1016 2949 1092 3018 τινά

93 3045 186 3138 βιοῦς
201 3043 359 3115 άπέδανε.
388 3045 494 3135 ἀπῆγε
515 3051 551 3117 δέ
567 3046 630 3137 τὴν
651 3048 808 3137 στρατιὴν
823 3047 842 3117 6
859 3050 1092 3137 Κλεόμβροτος
1108 3136 1110 3141 Ι

93 3153 128 3219 έκ
144 3153 206 3216 τοῦ
227 3143 364 3232 Ἰσθμοῦ
388 3145 443 3219 διά
459 3149 552 3217 τόδε·
580 3152 739 3240 θυομένῳ
762 3154 796 3216 oc
814 3152 865 3217 έπί
882 3156 928 3239 τῷ
943 3146 1090 3236 Πέρσηό

92 3248 182 3336 ἥλιος
196 3242 385 3333 άμαυράδη
401 3248 437 3313 έν
452 3254 498 3338 τῷ
512 3244 656 3339 οὐρανῷ.
679 3251 909 3334 προσαιρέεται
926 3249 962 3315 δέ
979 3249 1091 3337 ἑωυτῷ

94 3341 1090 3431 ΠαυσανίηςΕῦρυάνακτατδνΔωριέος,άνδραοίκίηςέόυτα
1203 3370 1210 3379 ’

93 3446 147 3524 τῆς
161 3436 271 3526 αὐτῆς.
308 3445 352 3509 Ol
365 3445 426 3528 μὲν
441 3439 482 3529 δη
499 3439 565 3510 σῦν
577 3448 755 3531 Παυσανίη
769 3441 1013 3593 έξεληλιῇιζξσαν
1028 3444 1089 3519 ἔξω
