2588 3926
367 237 450 293 ιιΒ.
483 236 529 291 lx.
563 234 661 291 σαι).
696 242 871 296 ιοε-ιιι,
1054 230 1117 298 341

112 399 237 492 δείπνῳ
258 421 365 489 τούτῳ
380 397 537 481 Περσιστί
554 398 616 478 μέν
632 390 751 477 τυκτά,
772 392 856 460 κατά
874 395 910 462 δέ
924 395 985 481 τήν
1000 394 1118 486 Ἑλλή-

113 521 183 562 νων
198 501 353 583 γλῶσσαν
364 495 492 559 τέλεον·
514 491 588 557 τότε
599 491 654 557 καί
664 486 726 575 τήν
737 488 888 577 κεφαλήν
899 500 1018 577 σμᾶται
1030 500 1116 579 μοῦ-

113 619 175 660 νον
185 588 342 682 βασιλεύς
353 591 407 657 καλ
417 591 547 674 Πέρσας
563 591 745 676 δωρέεται),
762 587 887 675 ταύτην
902 589 942 675 δή
957 588 1019 676 τήν
1033 590 1115 678 ήμέ·
1136 618 1140 622 ·

112 717 176 778 ρην
194 688 368 775 φυλάξασα
386 685 597 774 η”Αμηστρις
611 690 734 773 χρηίζει
753 692 814 752 τοῦ
827 689 955 774 Ξέρξεω
971 691 1119 774 δοθῆναί

112 793 146 855 εί
159 784 221 872 τήν
235 791 416 854 Μασίστεω
430 798 582 870 γυναῖκα.
611 781 629 850 ὁ
644 784 683 850 δέ
697 783 811 851 δεινόν
831 786 936 852 τεκαὶ
951 782 1115 875 ἀνάρσιον

111 886 256 952 ἐποιέετο
269 889 368 950 τοῦτο
379 885 441 968 μέν
451 878 618 967 ἀδελφεοῦ
627 895 773 968 γυναῖκα
783 887 1004 972 παραδοῦναι,
1015 893 1113 954 τοῦτο

111 980 147 1049 δὲ
164 979 318 1068 ἀναιτίην
334 983 456 1049 έοῦσαν
470 986 531 1048 τοῦ
545 979 738 1067 πρήγματος
751 979 889 1048 τούτου·
910 990 1035 1070 συνῆκε
1048 982 1114 1069 γάρ

109 1086 171 1148 τοῦ
186 1082 315 1147 εἵνεκεν
326 1082 442 1147 ἐδέετο.
469 1080 570 1157 Τέλος
584 1078 697 1165 μέντοι
709 1079 835 1163 ἐκείνης
846 1105 880 1145 τε
892 1081 1114 1169 λιπαρεούσης
1129 1099 1179 1156 111

109 1184 165 1248 καί
181 1176 247 1247 ῦπὸ
263 1185 325 1246 τοῦ
339 1178 446 1265 νόμον
461 1178 691 1265 ἐξεργόμενος,
707 1175 758 1244 ὅτι
772 1174 930 1264 ἀτυχῆσαι
945 1178 1005 1247 τὸν
1018 1187 1113 1268 χρηί-
1200 1208 1203 1212 ’

110 1286 207 1361 ζοντα
222 1276 265 1346 ού
278 1299 338 1363 σφι
355 1276 502 1346 δυνατόν
514 1280 582 1346 έστι
593 1283 769 1365 βασιληίου
781 1282 919 1347 δείπνου
935 1286 1113 1368 προκειμέ-

109 1403 190 1461 νου,
213 1375 318 1461 κάρτα
339 1374 379 1463 δή
399 1374 507 1444 ἀέκων
527 1375 721 1460 κατανεύει,
747 1378 802 1444 καί
821 1377 993 1462 παραδούς
1008 1382 1111 1448 ποιέει

110 1469 190 1545 οἶδε’
219 1474 281 1563 τήν
295 1477 358 1564 μὲν
379 1477 508 1544 κελεύει
528 1479 656 1544 ποιέειν
675 1472 715 1541 τά
730 1475 901 1562 βούλεται,
924 1473 995 1545 ὅδὲ
1011 1504 1112 1565 μετα·

109 1573 324 1662 πεμψάμενος
336 1570 397 1641 τόυ
411 1570 578 1660 ἀδελφεὸν
591 1575 681 1659 λέγει
696 1574 790 1641 τάδε·
812 1581 986 1664 Μασίστα,
1007 1575 1050 1644 σὺ
1067 1576 1112 1656 εἷς

108 1679 257 1761 Δαρείου
271 1699 306 1741 τε
320 1685 396 1751 παίς
410 1675 465 1739 καί
480 1669 557 1758 έμδς
572 1667 745 1758 ἀδελφεὸς,
761 1668 844 1759 πρδς
855 1670 889 1740 δ’
907 1679 953 1742 ἔτι
964 1674 1112 1742 τούτοισι

107 1775 163 1839 καί
175 1769 220 1849 είς
231 1767 316 1855 ἀνήρ
329 1767 466 1853 ἀγαθός.
489 1771 626 1853 γυναικὶ
637 1773 673 1836 δέ
683 1769 787 1856 ταύτη
799 1775 839 1857 τῇ
849 1776 915 1836 νῦν
927 1775 1110 1849 συνοικέεις

106 1867 151 1956 μή
169 1873 338 1954 συνοίκεε,
353 1865 437 1935 ἀλλά
452 1892 504 1933 τοι
519 1863 592 1934 ἀντ’
612 1865 713 1952 αὐτῆς
727 1863 791 1952 ἐγώ
808 1870 926 1953 δίδωμι
939 1871 1110 1956 θυγατέρα

106 1966 168 2056 τήν
184 1967 276 2054 ἐμήν.
297 1965 401 2055 ταύτη
413 1971 582 2033 συνοίκεε·
604 1963 667 2052 τήν
681 1967 717 2034 δέ
728 1973 794 2034 νῦν
809 1972 902 2053 έχεις,
918 1963 959 2035 ού
974 1965 1038 2054 γάρ
1052 1972 1111 2034 δο-

106 2068 175 2134 κέει
190 2065 272 2150 ἐμοί,
287 2061 331 2149 μή
347 2068 399 2149 ἔχε
412 2077 564 2149 γυναῖκα.
588 2064 606 2131 ὁ
622 2065 659 2132 δὲ
674 2071 846 2152 Μασίστης
860 2062 1111 2151 ἀποθωυμάσας

106 2162 145 2233 τά
163 2163 327 2249 λεγόμενα
342 2165 430 2249 λέγει
446 2163 542 2232 τάδε·
559 2157 600 2233 Ὠ
614 2167 766 2251 δέσποτα,
781 2172 856 2235 τίνα
868 2192 924 2252 μοι
939 2166 1042 2253 λόγον
1056 2168 1112 2233 λέ-

106 2290 175 2351 γεις
194 2259 376 2348 ἀχρηστον,
397 2261 546 2332 κελεύων
560 2290 601 2350 με
618 2277 779 2351 γυναῖκα,
802 2266 838 2332 ἐκ
854 2271 912 2351 τῆς
925 2291 982 2351 μοι
997 2270 1112 2349 παῖδες

106 2367 236 2449 νεηνίαι
249 2364 289 2429 τέ
299 2366 361 2429 είσι
376 2373 464 2448 τρεῖς
478 2362 534 2428 καί
544 2365 744 2450 θυγατέρες,
760 2369 828 2431 τῶν
843 2365 897 2430 καί
914 2359 958 2430 σῦ
973 2367 1053 2449 μίαν
1065 2369 1110 2453 τῷ

105 2466 198 2532 παιδί
208 2469 254 2553 τῷ
264 2466 414 2531 σεωυτοῦ
424 2457 547 2548 ήγάγεο
560 2476 713 2549 γυναῖκα,
725 2460 810 2551 αύτή
820 2465 857 2531 τέ
865 2486 922 2550 μοι
933 2460 1016 2531 κατά
1026 2461 1110 2531 νόον

104 2559 262 2646 τυγχάνει
276 2558 381 2645 κάρτα
396 2561 515 2646 έοῦσα,
529 2561 655 2648 ταύτην
669 2586 709 2647 με
726 2562 873 2642 κελεύεις
887 2565 1025 2649 μετέντα
1041 2573 1110 2630 θν-

103 2659 226 2744 γατέρα
240 2654 302 2743 τήν
318 2662 468 2725 σεωυτοῦ
482 2663 602 2744 γήμαη
623 2656 688 2745 ἐγω
704 2660 758 2747 δέ,
772 2667 927 2747 βασιλεῦ,
950 2664 1033 2747 μέγα
1047 2660 1109 2746 μέν

104 2762 262 2843 ποιεῦμαι
282 2754 477 2842 ἀξιεύμενος
490 2754 663 2845 θυγατρὸς
683 2763 740 2844 τῆς
755 2765 830 2845 σῆς,
851 2758 980 2845 ποιήσω
994 2759 1108 2844 μέντοι

103 2854 234 2923 τούτων
255 2853 421 2942 οὐδέτερα.
448 2852 492 2922 σύ
514 2854 550 2923 δέ
569 2860 727 2944 μηδαμῶς
747 2863 811 2945 βιοῦ
830 2857 1021 2946 πρήγματος
1037 2882 1108 2926 τοι·

104 2956 184 3021 οῦδε
200 2949 372 3038 δεόμενος·
401 2948 485 3021 ἀλλά
506 2959 545 3042 τῇ
558 2980 594 3023 τε
612 2961 653 3044 σή
666 2958 812 3043 θυγατρί
825 2953 911 3045 ἀνήρ
926 2954 1025 3034 ἀλλος
1041 2978 1109 3040 φα·

103 3050 239 3138 νήσεται
261 3051 341 3136 ἐμεῦ
361 3047 463 3119 οῦδὲν
484 3052 608 3139 έσσωυ,
634 3055 693 3140 ἐμέ
714 3079 749 3121 τε
770 3058 965 3149 έαὶγνναικλ
985 3060 1025 3143 τῇ
1047 3056 1108 3141 ἐμῇ

102 3153 300 3220 συνοικέειν.
337 3146 374 3218 Ὁ
385 3150 450 3238 μέν
466 3149 506 3240 δή
521 3154 702 3223 τοιούτοισι
721 3150 907 3244 ἀμείβεται,
930 3158 1054 3241 Ξέρξης
1070 3153 1108 3222 δέ

100 3252 277 3338 θυμωθείς
291 3254 379 3337 λέγει
392 3250 488 3320 τάδε·
517 3249 616 3321 Οῦτω
629 3251 697 3339 τοι,
717 3258 891 3340 Μασίστα,
912 3256 1105 3340 πέπρηκται.

101 3346 178 3417 οῦτε
195 3344 261 3435 γάρ
282 3344 326 3416 ἀν
342 3373 393 3416 τοι
409 3352 505 3436 δοίην
521 3354 693 3438 θυγατέρα
707 3347 770 3439 τήν
789 3348 872 3438 έμήν
888 3356 1008 3437 γήμαι,
1029 3344 1106 3415 οῦτε

100 3447 211 3534 έκείνη
226 3452 354 3515 πλεῦνα
373 3446 499 3537 χρόνον
519 3448 747 3537 συνοικήσεις,
766 3445 810 3527 ῦς
830 3447 942 3537 μέθης
955 3444 996 3514 τά
1012 3441 1106 3512 διδό-
