2560 3938
362 282 447 339 LIB.
479 284 500 338 1.
536 280 634 340 CAP.
668 281 810 338 59-61.
1043 275 1085 339 29

84 447 171 532 ἔχειν
186 454 331 530 γυναῖκα
343 442 396 509 ἐπὶ
409 447 450 530 τή
463 443 649 529 τυραννίδι.
667 441 889 526 ἐνδεξαμένου
903 442 939 508 δὲ
953 436 1014 509 τδν
1025 437 1085 509 λό-

82 570 145 631 γον
159 542 217 608 καὶ
231 537 501 627 ὁμολογήσαντος
523 542 577 609 ἐπὶ
599 539 748 607 τούτοισι
763 540 1005 628 Πεισιστράτου
1018 565 1085 627 μη-

82 643 259 731 γανέονται
272 636 312 726 δή
337 641 390 707 ἐπὶ
409 647 450 728 τή
473 639 604 728 κατόδω
626 643 764 724 πρῆγμα
778 634 1020 725 εὐηθέστατον,
1039 634 1084 715 ὡς

84 738 149 828 ἐγιδ
165 736 327 828 εὑρίσκω,
348 743 483 827 μακρῷ,
505 740 578 805 ἐπεί
592 763 631 822 γε
648 733 817 824 άπεκρίθη
833 741 869 807 έκ
884 739 1084 824 παλαιτέρου

83 846 145 909 τοῦ
160 837 336 928 βαρβάρου
351 841 470 914 ἔθνεος
484 833 521 903 τδ
531 831 727 920 Ἑλληνικὸν
741 832 799 904 ἐὸν
813 837 870 903 καλ
890 833 1085 920 δεξιώτερον

83 941 141 1008 καὶ
148 934 307 1023 εὐηθείης
319 932 460 1022 ήλιθίου
467 931 725 1019 ἀπηλλαγμένον
739 938 929 1020 μᾶλλον,εί
897 935 996 1000 είκαὶ
1011 930 1085 999 τότε

71 1043 123 1124 ’γε
138 1028 233 1104 οὗτοι
245 1037 283 1103 έν
289 1031 499 1119 Ἀθηναίοισι
513 1044 600 1099 τοῖσι
611 1030 772 1117 πράτοισι
781 1033 990 1117 λεγομένοισι
1000 1027 1084 1098 εἶναι

87 1133 253 1222 Ελλήνων
269 1137 394 1218 σοφίην
412 1130 644 1251 μηχανόωνται
646 1130 767 1198 τοιάδε.
802 1127 857 1198 Ἐν
869 1156 915 1220 τῳ
901 1128 1070 1221 δήμω
1038 1134 1085 1195 τω

84 1221 280 1302 Παιανιέι
257 1257 302 1317 ην
311 1226 411 1315 γυνή,
425 1236 466 1316 τῇ
479 1227 610 1313 οὕνομα
620 1255 666 1315 ην
673 1228 760 1315 Φυη,
774 1226 951 1314 μέγαθος’
932 1226 997 1296 απδ
1009 1244 1086 1294 τεσ-

7 1416 8 1419 Ὶ
85 1336 194 1419 σε’ρων
213 1330 345 1416 πηχέων
358 1324 586 1395 ἀπολείπουσα
606 1340 694 1413 τρεῖς
708 1327 893 1406 δακτύλους
908 1329 965 1395 καλ
978 1326 1085 1404 άλλως

7 1432 8 1515 ζ
85 1428 224 1516 εὐειδής.
258 1426 385 1512 ταάτην
409 1422 472 1513 τήν
495 1439 640 1511 γυναικα
661 1426 885 1505 σκευάσαντες
905 1434 1084 1518 πανοπλίῃ,

85 1533 120 1609 ἐς
134 1527 225 1615 άρμα
240 1527 476 1615 ἐσβιβάσαντες
496 1528 553 1594 καί
575 1528 793 1613 προδέξαντες
815 1532 939 1613 σχῆμα,
961 1521 1035 1596 οἷόν
1054 1553 1087 1596 τι

85 1635 202 1714 ἔμελλε
212 1623 478 1713 εὐπρεπέστατον
492 1627 679 1712 φανέεσθαι
690 1630 828 1719 ἔχουσα,
835 1621 986 1713 ἤλαυνον
1000 1629 1032 1706 ές
1046 1629 1083 1695 τό

85 1727 189 1812 άστν,
205 1724 419 1811 προδρόμους
432 1724 583 1813 κήρυκας
598 1726 869 1811 προπέμψαντες,
890 1732 926 1794 οἳ
936 1723 977 1794 τά
995 1728 1087 1794 έντε-

85 1819 500 1911 ταλμέναήγόρευονέςτδ
512 1820 818 1909 άστυάπικόμενοι,
830 1824 1087 1910 λέγοντεςτοιά-

8 1928 9 1933 ’
86 1930 140 1993 δε·
165 1915 205 1989 Ὠ
222 1918 411 2008 Ἀθηναῖοι,
439 1923 579 1991 δέκεσθε
599 1918 720 2011 άγαθῷ
739 1921 809 2012 νόφ
833 1929 1085 2013 Πεισίστρατον,

87 2018 147 2090 τόν
163 2017 247 2108 αὐτή
261 2016 455 2108 ήἏθηναίη
469 2019 635 2107 τιμήσασα
646 2016 841 2105 ἀνθρώπων
851 2022 994 2106 μάλιστα
1005 2048 1087 2090 κατ-

8 2150 9 2159 ’
86 2121 162 2206 άγει
182 2124 216 2199 ές
237 2116 300 2208 τήν
314 2120 438 2205 ἑωυτής
459 2115 654 2204 ἀκρόπολιν.
687 2122 731 2184 Ol
749 2120 811 2203 μὲν
833 2115 872 2204 δή
895 2124 999 2186 ταῦτα
1013 2123 1087 2186 δια-

86 2219 278 2306 φοιτέοντες
297 2221 430 2304 έλεγον,
455 2214 579 2285 αὐτίκα·
593 2217 630 2284 δὲ
652 2220 686 2293 ἔς
704 2240 742 2283 τε
754 2212 833 2294 τούς
848 2214 975 2304 δήμους
988 2218 1087 2303 φάτις

85 2315 239 2403 άπίκετο,
255 2312 300 2395 ὡς
310 2314 471 2401 Ἀθηναίη
484 2321 726 2402 Πεισίστρατον
742 2314 895 2403 κατάγει,
917 2318 973 2385 καὶ
987 2318 1025 2384 έν
1040 2323 1087 2405 τῷ

84 2409 1087 2502 άστελπενθόμενοιτήνγυυαῐκαεἶναιαὐτήντήνθεόνπροσ-

86 2512 227 2600 εόχοντό
259 2541 295 2583 τε
324 2516 386 2603 τήν
416 2516 598 2605 ἄνθρωπον
628 2516 684 2585 καὶ
709 2515 861 2585 ἐδέκοντο
886 2522 1087 2603 Πεισίστρα-

87 2638 156 2682 τον.
185 2609 381 2700 Ἀπολαβδν
395 2615 432 2680 δὲ
445 2610 509 2698 τήν
522 2616 707 2700 τυραννίδα
726 2613 839 2706 τρόπρι
863 2621 909 2705 τῷ
925 2618 1087 2707 εἰρημένῳ
1098 2635 1131 2690 61

7 2766 9 2773 τ
85 2712 104 2782 ὁ
120 2718 359 2799 Πεισίστρατος
372 2709 457 2779 κατά
470 2709 533 2799 τήν
545 2709 727 2798 ὁμολογίην
739 2709 802 2799 τήν
816 2711 1089 2801 πρόςΜεγακλία

86 2811 274 2897 γενομένην
287 2810 403 2895 γαμέει
419 2816 481 2876 τοῦ
496 2813 693 2895 Μεγακλέος
706 2807 769 2897 τήν
782 2813 963 2900 θυγατέρα.
983 2808 1037 2882 οἷα
1051 2815 1087 2882 δὲ

7 2962 8 2965 ¹
86 2910 218 2979 παίδων
230 2908 270 2974 τέ
280 2909 316 2974 οί
327 2904 551 2995 ὑπαρχόντων
560 2913 724 2994 νεηνιέων
740 2910 796 2977 καὶ
808 2914 999 2998 λεγομένων
1009 2914 1088 2980 ένα-

84 3010 174 3094 γέων
189 3005 275 3074 εἶναι
290 3003 660 3094 τωνἏλκμαιωνιδέων,
676 3004 719 3074 οδ
730 3007 937 3094 βουλόμενός
950 3013 984 3076 οί
990 3013 1088 3095 γενέ-

84 3118 169 3176 σθαι
192 3109 230 3174 ἐκ
248 3113 307 3193 τῆς
332 3107 502 3194 νεογάμου
523 3105 686 3195 γυναικός
704 3109 805 3176 τέκνα
825 3110 976 3194 ἐμίσγετό
993 3115 1027 3178 οί
1045 3109 1087 3178 οὐ

83 3204 170 3277 κατὰ
183 3204 301 3292 νόμον.
330 3205 372 3275 τά
387 3207 450 3294 μέν
463 3232 530 3276 νυν
544 3215 660 3298 πράτα
675 3214 818 3298 ἔκρυπτε
832 3217 936 3277 ταῦτα
950 3208 1086 3298 ἡ-γυνή,

84 3302 167 3393 μετά
191 3305 245 3393 δὲ,
267 3314 333 3375 είτε
347 3306 526 3432 ίστορεάση
539 3317 605 3377 είτε
627 3304 742 3376 καὶ”
699 3333 761 3395 ου,
777 3307 896 3394 φράζει
909 3332 950 3395 τη
934 3309 1088 3390 έωυτής

83 3404 228 3497 μητρὶ,
209 3434 231 3494 η
250 3411 287 3475 δέ
299 3433 345 3476 τω
331 3406 468 3497 άνδρί.
490 3407 551 3477 τόν
566 3413 603 3478 δὲ
618 3408 732 3478 δεινόν
745 3434 777 3476 τι
788 3412 861 3493 ἔσχε
872 3403 1089 3489 ἀτιμάζεσθαι

84 3502 169 3595 κρδς
181 3505 474 3594 Πεισιστράτουῧ
457 3533 541 3599 οργη
525 3506 643 3598 δέ,“
622 3535 667 3588 ως
679 3505 758 3595 εἶχε,
772 3500 1015 3574 καταλλάσσετο
1025 3493 1088 3583 τήν
