2560 3938
190 219 231 289 72
483 164 493 189 ⁶
566 228 818 290 HERODOTI

188 387 324 477 παύθη,
367 391 481 474 Μήδοι
501 390 537 456 δὲ
557 385 736 471 ὑπέκυψαν
750 392 899 479 Πέρσησι
920 387 975 459 διά
989 387 1052 478 τήν
1065 389 1187 461 τούτου

184 483 386 573 πικρότητα,
412 482 570 571 ἀρξαντες
593 495 651 575 τῆς
676 486 747 557 ἀνα
771 487 892 568 ’Ἅλυος
911 497 1063 575 ποταμοῦ
1081 487 1187 573 Ἀσίης

187 580 240 652 ἐπ’
266 588 341 657 έτεα
364 583 543 672 τριήκοντα
563 588 618 654 καὶ
638 585 758 657 έκιιτδν
777 592 871 655 δυῶν
883 591 1024 676 δέοντα,
1048 577 1187 674 παρὲξή

186 678 270 751 ὅσον
290 687 324 752 οί
335 682 473 755 Σκύθαι
492 677 604 772 ήρχου.
646 682 774 777 ὑστέρη
794 688 908 773 μέντοι
921 682 1032 775 χρόνῳ
1049 682 1187 771 μετεμέ-

185 784 268 868 λησέ
283 783 322 851 τί
343 803 403 872 σφι
424 791 528 864 ταῦτα
548 785 728 875 ποιήσασι,
753 788 808 855 καὶ
828 783 1016 872 ἀπέστησαν
1029 779 1095 850 ἀπό
1111 791 1187 853 Δοι-

185 888 297 965 ρείοα·
324 879 528 961 ἀποστάντες
542 883 579 951 δὲ
594 881 700 955 ὀπίσω
714 882 1017 970 κατεστράφθησαν
1030 877 1118 967 μάχη
1132 904 1187 945 νι-

184 983 353 1066 κηθέντες.
394 980 469 1053 τότε
493 984 530 1050 33
555 982 606 1051 ἐπ’
624 978 821 1067 Ἀστυάγεος
835 986 869 1050 οί
881 983 1008 1067 Πέρσαι
1031 1002 1067 1046 τε
1090 971 1186 1047 καλό

183 1083 299 1160 Κῦρος
318 1078 562 1158 ἐπαναστάντες
581 1094 667 1148 τοίσι
680 1078 831 1166 Μήδοισι
844 1072 949 1167 ήρχον
968 1075 1006 1147 τὰ
1022 1072 1088 1157 ἀττδ
1103 1073 1187 1147 τού-

184 1198 245 1249 του
258 1181 317 1261 υής
326 1171 443 1262 Ἀσίης.
488 1174 670 1263 Ἀστυάγεα
685 1178 721 1245 δὲ
735 1183 849 1264 Κῦρος
863 1172 970 1245 κακόν
986 1171 1088 1245 ούδέν
1101 1170 1186 1241 ἀλλο

184 1271 325 1362 ποιήσας
350 1272 414 1360 εἶχε
433 1272 513 1362 παρ’
541 1276 671 1366 ἑαυτῷ,
698 1270 766 1353 έςδ
785 1273 984 1361 ἐτελεύτησε.
1028 1269 1117 1339 ούτιο
1143 1266 1185 1358 δή

185 1379 299 1459 Κῦρος
314 1372 496 1461 γενόμενός
507 1398 544 1442 τε
564 1376 620 1441 καλ
635 1375 771 1461 τραφεὶς
788 1373 995 1460 ἐβασίλευσε,
1010 1372 1065 1438 καὶ
1079 1377 1182 1458 Κροῐ·

185 1492 247 1539 σου
260 1470 403 1557 ὕστερον
416 1471 547 1540 τούτων
561 1470 707 1556 ἀρξυντα
721 1468 851 1557 ἀδικίης
864 1469 1123 1555 κατεστρέψατο,
1139 1464 1184 1547 ἀς

185 1575 315 1656 εἴρηταί
362 1594 416 1655 μοι
451 1564 624 1656 πρότερον.
686 1574 807 1636 τοῦτον
822 1569 859 1637 33
872 1565 1185 1655 καταστρεψάμενος
1270 1552 1271 1585 ¹

184 1667 273 1738 ούτοι
287 1668 395 1755 πάσης
407 1675 464 1756 τής
477 1667 585 1768 Ἀσίης
597 1663 685 1758 ήρξε.
1270 1746 1271 1755 ,

117 1785 164 1840 131
267 1770 510 1841 ΠΕΡΣΑΣδὲ
525 1759 605 1839 οἶδα
624 1769 758 1857 νόμοισι
786 1771 944 1837 τοιοισίδε
964 1769 1184 1853 χρεομένους·
1270 1766 1271 1785 ²

183 1866 355 1955 ἀχύλματα
385 1869 447 1954 μὲν
477 1869 533 1936 καλ
562 1866 667 1956 νηούς
698 1870 755 1957 καὶ
778 1863 914 1955 βωμούς
937 1863 1006 1938 ούκ
1024 1867 1062 1933 έν
1088 1862 1185 1954 νόμφ

182 1968 403 2052 ποιευμένους
416 1965 611 2055 ἱδρύεσθαι,
634 1954 718 2035 ἀλλά
738 1968 794 2037 καὶ
808 1978 893 2033 τοῖσι
907 1969 1039 2032 ποιεῦσι
1053 1969 1186 2050 μυρίην

182 2065 396 2152 ἐπιφέρουσι,
421 2062 466 2144 ὡς
489 2067 552 2152 μὲν
576 2066 649 2153 ἐμοὶ
672 2067 818 2149 δοκέειν,
844 2059 897 2131 ὅτι
917 2059 980 2129 οόκ
999 2058 1186 2144 ἀνθρωπο-

182 2165 289 2250 φυέας
302 2162 462 2251 ἐνόμισαν
476 2163 555 2245 τοὺς
567 2161 673 2242 θεούς
687 2162 770 2235 κατά
784 2186 847 2247 περ
862 2166 896 2230 oc
913 2160 1069 2248 Ἕλληνες
1086 2157 1184 2231 εἶναι.
1271 2208 1272 2245 η

182 2263 217 2328 οί
234 2260 271 2326 33
291 2265 463 2346 νομίζουσι
475 2261 536 2331 Διί
557 2260 620 2346 μὲν
634 2262 687 2328 έπλ
706 2256 746 2327 τά
762 2256 956 2345 ὑψηλότατα
968 2263 1037 2329 τοῖν
1051 2253 1186 2341 οὐρέων
1271 2248 1272 2325 f

182 2352 421 2440 ἀναβαίνοντες
446 2363 571 2436 θυσίας
596 2359 726 2445 ἕρδειν,
750 2354 812 2424 τὸν
835 2356 963 2425 κύκλον
988 2355 1098 2429 πάντα
1120 2362 1186 2423 τοῦ

181 2448 331 2535 ούρανοῦ
344 2457 413 2520 Δία
427 2456 608 2534 καλέοντες
644 2455 771 2524 θύουσι
785 2456 823 2523 33
839 2451 922 2545 ήλίφ
934 2479 971 2525 τε
984 2456 1040 2529 καλ
1059 2451 1186 2539 σελήνη

180 2550 236 2616 καὶ
255 2555 299 2638 μή
318 2575 374 2616 και
363 2551 474 2637 πυρί
494 2554 549 2620 καὶ
567 2551 665 2621 ύδοιτι
680 2554 736 2620 καὶ
756 2549 916 2639 ἀνέμοισι.
957 2551 1105 2625 τούτοισι
1118 2552 1185 2637 μὲν

181 2642 222 2732 δή
236 2644 393 2732 μούνοισι
407 2647 536 2723 θύουσι
550 2646 717 2739 ἀρχῆθεν,
738 2649 1058 2743 ἐπιμεμαθήκασι
1021 2653 1058 2729 δ
1071 2652 1127 2718 καὶ
1142 2657 1186 2739 τῇ
1271 2660 1272 2667 ’

182 2739 335 2832 Οὐρανίη
348 2745 450 2817 θύειν
457 2748 574 2836 ,παρά
588 2775 624 2817 τε
637 2746 823 2834 Ἀσσυρίυυ
835 2747 1004 2836 μαθόντες
1017 2745 1091 2823 καθ’
1087 2755 1185 2836 Aea-

180 2847 272 2928 βίαν.
310 2845 468 2917 καλέουσι
485 2844 542 2914 33'
536 2846 704 2934 Λσσύριοι
718 2844 781 2934 τήν
798 2844 998 2935 Ἀφροδίτην
1013 2847 1185 2936 Μύλιττα,

115 2944 164 2999 132
176 2936 378 3027 Ἀράβιοιδδ
396 2936 535 3030 Αλιλατ,
547 2948 675 3032 Περσαι
690 2945 784 3014 33M
741 2952 886 3036 Μίτραν.
922 2951 1030 3032 Θυσίη
1045 2944 1082 3014 33
1094 2959 1186 3014 τοῖσι

178 3039 327 3126 Πέρσησι
351 3041 427 3128 περὶ
450 3040 529 3122 τούς
554 3047 750 3133 εἰρημένους
772 3041 878 3124 θεούς
901 3041 961 3132 ήδε
990 3046 1181 3129 κατέστηκε.
1270 3072 1272 3149 η

180 3132 258 3202 ούτε
276 3133 411 3255 βωμούς
429 3145 602 3208 ποιεῦνται
617 3138 694 3210 ούτε
708 3147 777 3228 πῦρ
793 3137 992 3213 ἀνακαίουσι
1005 3142 1185 3227 μέλλοντες

178 3231 290 3301 θύειν.
331 3231 373 3302 ού
395 3242 524 3327 σπονδή
543 3243 713 3327 χρέονται,
739 3236 815 3308 ούκί
829 3236 939 3331 αὐλῷ,
965 3262 1008 3307 ον
996 3236 1184 3329 ’πέμματα

179 3327 255 3399 ούκλ
269 3328 395 3422 ούλησι.
431 3342 499 3403 τῶν
513 3335 587 3411 33‘
565 3364 609 3417 ως
623 3338 749 3430 έκάστςο
763 3338 867 3409 θύειν
880 3339 990 3428 έθέλη,
1023 3338 1057 3417 ές
1069 3344 1186 3425 χοῖρον

179 3424 373 3516 καθαρὸν’
354 3426 489 3517 οχαμάν
503 3430 541 3505 τό
556 3440 676 3523 κτήνος
689 3438 800 3507 καλέει
813 3430 974 3505 τὸνθεόν
989 3435 1185 3524 ἐστεφανω-
