2564 3934
201 238 261 302 112
577 231 827 335 σεαοοοει

199 407 234 471 οι·
244 404 476 492 ἐπιβουλεύειν
491 412 582 493 ἔλεγε
596 406 691 493 τάδε,
713 413 760 496 τῷ
774 409 810 476 δέ
825 405 843 477 ὁ
860 411 988 495 δαίμων
1004 411 1201 498 προέφαινε,

200 499 244 582 ὡς
258 499 359 582 αύτός
370 505 432 590 μὲν
442 505 652 592 τελευτήσειν
666 502 772 572 αὐτοῦ
786 504 892 595 παύση
902 509 1032 594 μέλλοι,
1052 503 1074 595 ἡ
1089 509 1125 575 δέ
1136 513 1201 595 βα-

198 607 309 688 σιληίη
323 598 429 670 αὐτοῦ
442 603 637 692 περιχωρέοι
653 606 686 683 ές
696 614 852 692 Δαρεῖον.
905 602 1072 693 ἀμείβεται
1089 597 1137 671 όν
1155 602 1197 689 δη

197 699 216 769 ό
233 699 417 788 Ὑστάσπης
429 708 570 773 τοισίῦε·
598 696 637 771 Ὠ
653 711 808 792 βασιλεῦ,
831 701 876 792 μὴ
896 714 946 791 είη
967 701 1052 790 ἀνὴρ
1069 706 1201 791 Πέρσης

198 797 361 888 γεγονός,
384 799 549 881 όστιςτοι
564 801 812 891 ἐπιβουλεύσει,
835 808 865 871 εί
880 800 913 869 (λ’
931 808 1017 889 ἐστι,
1039 797 1199 871 ἀπόλοιτο

198 898 243 980 ῦς
259 901 410 988 τάχιστα·
439 899 475 980 ὃς
494 897 569 969 ἀντὶ
583 899 645 987 μέν
666 902 800 971 δούλων
821 904 977 988 ἐποίησας
999 900 1201 988 ἐλευθέρους

197 1003 328 1086 Πέρσας
344 998 446 1088 εἶναι,
468 997 542 1069 ἀντὶ
556 1003 593 1067 δὲ
612 1006 674 1067 τοῦ
691 998 853 1087 ἀρχεσθαι
877 996 937 1068 ὑπ’
953 998 1065 1068 ἀλλων
1084 995 1200 1085 ἀρχειν

198 1094 365 1183 ἁπάντων.
396 1104 426 1167 εί
440 1103 479 1166 δέ
489 1106 540 1179 τίς
552 1104 604 1168 τὀι
622 1097 698 1181 όψις
712 1097 911 1187 ἀπαγγέλλει
925 1104 1026 1175 παίόα
1042 1094 1103 1167 τόν
1117 1091 1199 1182 ἐμόν

196 1196 343 1285 νεώτερα
356 1199 534 1285 βουλεύειν
550 1200 626 1285 περὶ
640 1201 714 1286 σέο,
741 1198 806 1285 ἐγιό
822 1225 874 1266 τοι
890 1200 1100 1287 παραδίδωμι
1115 1198 1199 1281 χρᾶ-

198 1306 280 1365 σθαι
295 1293 385 1388 αύτῷ
401 1303 500 1366 τοῦτο
542 1324 607 1366 οτι
618 1295 661 1365 σν
671 1297 818 1386 βούλεαι.
850 1293 1032 1381 Τστάσπης
1045 1295 1107 1380 μὲν
1117 1317 1199 1362 του
1273 1336 1274 1381 χ

197 1417 282 1464 τοισι
294 1393 519 1484 ἀμειψάμενος
529 1398 586 1465 καλ
597 1393 762 1484 διαβάς
728 1423 789 1464 τον
802 1391 978 1482 Ἀράξην”
955 1411 1006 1480 ηίε
1024 1394 1056 1471 ἐς
1066 1393 1199 1477 Πέρσας

129 1511 179 1567 211
198 1494 357 1582 φυλάξων
374 1493 478 1585 Κύρφ
501 1493 562 1562 τόν
576 1500 678 1563 παῖδα
691 1504 847 1581 Δαρεῖον.
892 1498 1005 1579 Κῦρος
1026 1492 1062 1558 δέ
1076 1495 1200 1576 προελ-

195 1589 273 1662 θῦν
289 1588 355 1659 ἀπὸ
370 1617 431 1660 του
417 1590 587 1680 Ἀράξεω
603 1591 729 1713 ἡμέρης
744 1589 827 1660 ὁδόν
846 1595 954 1660 ἐποίεε
975 1587 1034 1669 τάς
1048 1593 1199 1672 Κροίσου

196 1687 381 1780 ὑποθήκας.
405 1689 487 1779 μετά
508 1694 544 1760 (λέ
572 1698 676 1760 ταῦτα
701 1691 821 1778 Κύρου
840 1715 876 1758 τε
891 1691 946 1758 καλ
959 1689 1117 1775 Περσέων
1134 1687 1199 1751 τοῦ

196 1796 351 1874 καθαροῦ
364 1797 510 1884 στρατού
532 1789 759 1870 ἀπελάσαντος
780 1787 886 1858 ὀπίσω
907 1790 959 1857 ἐπὶ
978 1784 1040 1856 τόν
1049 1782 1198 1870 Ἀράξην,

196 1887 393 1973 λειφθέντος
413 1889 449 1956 δέ
465 1895 526 1956 τοῦ
546 1885 702 1977 ἀχρηίου,
724 1891 913 1957 ἐπελθοῦσα
933 1893 1001 1956 τόν
1014 1894 1199 1970 Μασσαγε-

196 1992 280 2057 τέων
302 1990 491 2077 τριτημορλς
514 1995 576 2056 τοῦ
602 1992 745 2070 στρατοῦ
769 1987 849 2067 τούς
864 2013 900 2054 τε
920 1987 1119 2074 λειφθέντας
1139 1988 1200 2069 τῆς

196 2090 315 2176 Κύρου
330 2096 483 2176 στρατιῆς
498 2088 640 2177 ἐφόνευε
654 2086 889 2175 ἀλεξομένους,
911 2087 966 2154 καλ
981 2083 1044 2173 τὴν
1060 2109 1201 2174 προκει-

196 2195 302 2279 μένην
322 2189 450 2268 ίιλόντες
476 2193 588 2274 δαῖτα,
611 2185 655 2266 ὡς
681 2185 896 2273 ἐχειρώσαντο
918 2180 997 2263 τούς
1014 2186 1199 2269 ἐναντίους,
1273 2210 1274 2273 j

196 2289 368 2365 κλιθέντες
381 2289 572 2373 ἐδαίνυντο,
590 2287 823 2372 πληρωθέντες
840 2285 876 2351 δέ
891 2287 1020 2371 φορβῆς
1034 2282 1089 2349 καλ
1100 2291 1200 2349 ολνου
1273 2364 1274 2367 ¹

197 2378 307 2452 εὗδον.
338 2388 372 2451 οί
395 2385 431 2451 δέ
450 2388 579 2471 Πέρσαι
601 2381 801 2461 ἐπελθόντες
823 2377 969 2459 πολλοῦς
993 2383 1055 2466 μέν
1081 2397 1200 2465 σφεων
1273 2432 1274 2459 2

195 2481 403 2568 ἐφόνευσαν,
425 2488 537 2572 πολλῷ
553 2478 585 2546 (λ’
605 2486 652 2549 ἐτι
673 2487 819 2558 πλεῦνας
839 2477 1045 2566 ἐζώγρησαν,
1067 2476 1122 2543 καλ
1135 2473 1201 2544 άλ·

195 2587 275 2658 λονς
299 2581 354 2647 καλ
372 2575 433 2646 τόν
452 2584 510 2665 της
531 2586 699 2665 βασιλείης
720 2579 888 2666 Τομύριος
909 2581 1028 2663 παῖσα,
1055 2591 1200 2663 στρατηέ

126 2693 178 2746 212
192 2680 313 2764 γέοντα
326 2676 592 2761 Μασσαγετέων,
614 2682 660 2767 τῷ
675 2673 804 2762 οὕνομα
818 2668 863 2760 ἦν
876 2679 1125 2762 Σπαργαπίσης.
1155 2671 1203 2740 Ἡ

195 2774 231 2842 δὲ
251 2773 428 2860 πυθομένη
444 2773 485 2841 τά
501 2799 538 2841 τε
556 2776 632 2861 περλ
651 2771 714 2860 τὴν
728 2770 886 2860 στρατιὴν
900 2772 1063 2860 γεγονότα
1079 2774 1134 2840 καλ
1152 2767 1196 2839 τά
1273 2858 1274 2865 χ

193 2874 269 2959 περλ
292 2868 353 2940 τόν
378 2876 479 2941 παῖδα
500 2876 678 2960 πέμπουσα
700 2873 830 2960 κη’ρυκα
854 2866 946 2955 παρά
965 2877 1083 2958 Κῦρον
1102 2875 1200 2954 ἔλεγε

192 2962 287 3039 τάδε·
313 2971 477 3058 Ἅπληστε
492 2974 628 3057 αἵματος
642 2976 753 3058 Κῦρε,
775 2971 880 3056 μηδὲν
894 2971 1061 3058 ἐπαερθῇς
1076 2975 1122 3058 τῷ
1137 2995 1200 3056 γε·
1273 2990 1274 3047 3

191 3066 306 3155 γονότι
326 3071 411 3158 τῷδε
435 3067 618 3155 πρήγματι,
647 3073 679 3136 εί
699 3064 869 3160 άμπελίνςο
906 3071 1041 3158 καρπῷ,
1080 3069 1199 3158 τῷπερ
1273 3082 1274 3163 λ

192 3162 287 3234 αῦτολ
300 3166 542 3254 ἐμπιπλάμενοι
562 3175 730 3254 μαίνεσθε·
739 3165 828 3236 οὕτω
846 3166 931 3237 ὥστε
947 3167 1119 3248 κατιόντος
1131 3177 1198 3255 τοῦ
1273 3166 1274 3223 λ

192 3273 289 3332 οίνον
304 3260 387 3343 έςτό
402 3271 497 3351 σῶμα
511 3266 744 3334 ἐπαναπλάειν
757 3263 840 3354 ὑμῖν
860 3271 941 3338 έπεα
954 3264 1058 3355 κακά,
1078 3269 1199 3336 τοιού-

191 3389 237 3455 τφ
251 3363 417 3455 φαρμάκφ
431 3363 580 3443 δελεάσας
596 3364 778 3454 ἐκράτησας
791 3363 909 3447 παιδός
922 3371 983 3434 τοῦ
1000 3369 1100 3455 ἐμοῦ,
1122 3362 1195 3436 ἀλλ’

192 3459 233 3535 σύ
247 3462 334 3553 μάχη
349 3459 432 3532 κατά
448 3460 488 3532 τό
501 3464 673 3555 καρτερόν.
697 3470 764 3534 νῦν
780 3458 829 3534 όν
848 3491 913 3554 μευ
927 3456 967 3535 εὖ
986 3466 1198 3553 παραινεού-
