2566 3934
196 236 257 302 132
579 235 831 294 HERODOTI
955 264 960 271 ·

195 400 233 472 σε’
252 421 314 487 σφι
331 401 486 469 ἐπελθεῖν
503 393 630 486 ἀνδρας
649 393 828 485 σμικροὺς,
850 403 995 486 μετρίων
1011 400 1192 481 ἐλάσσονας

194 496 347 586 ἀνδρῶν,
374 494 595 585 λαβόνταςσέ
618 493 714 582 ἀγειν
734 496 853 581 σφέας
882 503 997 585 φωνῆς
1017 497 1053 567 δέ
1068 495 1145 567 οὔτε
1160 524 1192 567 τι

193 604 251 685 τῆς
278 600 416 665 ἐκείνων
443 591 523 675 τούς
553 598 766 680 Νασαμώνας
797 592 976 678 γινώσκειν
1007 593 1086 665 οὔτε
1114 593 1192 676 τούς

194 696 336 784 ἀγοικας
361 702 431 764 τών
457 693 691 782 Νασαμώνων.
740 690 835 778 ἀγειν
866 718 901 761 τε
928 690 968 782 δὴ
997 690 1121 775 αὐτοὺς
1145 690 1190 762 δι’

194 801 296 866 ἐλέων
315 802 497 883 μεγίστων,
519 796 575 863 καὶ
592 790 826 872 όιεξελθόντας
841 798 945 860 ταῦτα
959 789 1140 862 ἀπικέσθαι
1160 794 1192 872 ές

194 895 311 982 πόλιν,
339 898 376 964 έν
398 903 439 986 τῇ
463 894 590 976 πάντας
615 890 700 961 εἶναι
726 903 811 959 τοῖσι
836 888 957 976 ἀγουσι
982 889 1020 959 τό
1046 894 1193 979 μέγαθος

194 1003 299 1080 λσους,
322 1000 437 1081 χρῶμα
452 993 488 1062 δὲ
501 995 653 1079 μέλανας.
681 987 771 1074 παρά
787 988 823 1058 δέ
838 986 900 1077 τὴν
914 990 1014 1060 πόλιν
1026 995 1116 1081 ῥέειν
1129 1013 1192 1058 πο-

193 1089 300 1179 ταμόν
322 1094 444 1179 μέγαν,
472 1094 562 1179 ῥέειν
582 1089 619 1159 δλ
639 1087 704 1159 ἀπό
722 1091 861 1178 ἑσπέρης
877 1087 982 1158 αὐτόν
998 1089 1082 1179 πρός
1096 1090 1193 1179 ἥλιον

145 1208 180 1264 33
195 1187 433 1276 ἀνατέλλοντα,
456 1194 638 1275 φαίνεσθαι
661 1186 697 1255 δὲ
719 1190 756 1255 ἐν
769 1184 860 1279 αὐτῷ
875 1194 1116 1276 κροκοδείλους.
1155 1186 1192 1257 Ὁ

192 1285 303 1375 μὲνδὴ
317 1289 378 1354 τοῦ
385 1281 575 1372 Ἀμμωνίου
583 1279 759 1373 Ἐτεάρχου
772 1280 872 1369 λόγος
883 1284 915 1364 ἐς
924 1282 1063 1353 τοσοῦτό
1074 1311 1129 1372 μοι
1136 1292 1193 1355 ελε-

193 1382 377 1471 σηλώσθω,
401 1377 490 1468 πλὴν
511 1379 563 1449 ὅτι
583 1376 812 1468 ἀπονοστῆσαί
828 1407 864 1449 τε
886 1387 1010 1470 ἔφασκε
1023 1383 1102 1467 τούς
1115 1394 1192 1454 Να-

193 1488 366 1569 σαμῶνας,
389 1476 434 1559 ὡς
459 1484 494 1549 οἱ
512 1482 698 1566 Κυρηναῖοι
724 1483 856 1566 ἔλεγον,
882 1484 938 1551 καί
954 1485 987 1562 ἐς
1006 1481 1083 1563 τούς
1097 1476 1191 1553 οὗτοι

64 1590 67 1595 “
193 1579 352 1650 ἀπίκοντο
368 1576 590 1666 ἀνθρώπους,
615 1578 737 1665 γόητας
754 1576 839 1646 εἶναι
852 1579 988 1663 πάντας.
1025 1579 1085 1650 τὰν
1099 1583 1135 1652 θέ
1150 1582 1191 1671 δὴ

192 1675 343 1764 ποταμόν
362 1684 484 1746 τοῦτον
505 1672 567 1744 τόν
586 1678 819 1765 παραρρέοντα
840 1674 1083 1767 καὶἜτέαρχος
1108 1700 1192 1750 συν-

192 1778 349 1866 εβάλλετο
371 1775 457 1847 εἶναι
476 1773 538 1845 τόν
558 1785 702 1865 Νείλου,
735 1780 790 1846 καὶ
809 1774 850 1865 δὴ
871 1781 926 1846 καλ
945 1774 963 1847 ὁ
985 1777 1083 1866 λόγος
1103 1777 1193 1847 οὕτω

192 1880 304 1965 αίρέει.
347 1877 417 1966 ῥέει
436 1873 502 1963 γάρ
523 1877 560 1943 ἐκ
577 1876 706 1963 Λιβύης
722 1873 741 1943 ὁ
756 1884 895 1964 Νεῖλος,
917 1872 972 1945 καὶ
988 1880 1093 1965 μέσην
1106 1877 1194 1964 τώμ-
1276 1912 1277 1915 “

191 2001 263 2042 νων
276 1974 419 2063 Λιβύην.
461 1970 576 2052 καλῶς
595 1970 660 2060 ἐγώ
676 1974 909 2061 συμβάλλομαι
928 1988 1012 2044 τοῖσι
1030 1976 1193 2062 ἐμφανέσι

190 2072 232 2145 τά
249 2072 293 2161 μὴ
310 2073 543 2161 γινωσκόμενα
562 2074 842 2161 τεκμαιρόμενος,
867 2081 913 2165 τῷ
931 2073 1049 2168 Ἴστρφ
1068 2078 1104 2144 ἐκ
1123 2082 1194 2142 τών

190 2189 275 2248 ἴσων
291 2180 421 2265 μέτρων
433 2174 584 2266 ὁρμᾶται.
613 2174 739 2263 Ἴστρος
751 2202 788 2243 τε
807 2172 872 2262 γάρ
887 2173 1032 2263 ποταμός
1046 2173 1194 2264 ἀρξώμε-

190 2304 250 2356 νος
270 2278 307 2345 έκ
321 2281 458 2364 Κελτών
478 2278 533 2343 καὶ
549 2274 711 2362 Πυρήνης
732 2272 849 2354 πόλιος
865 2278 933 2365 ῥέει
952 2278 1057 2362 μέσην
1073 2280 1193 2362 σχιῖων
1274 2326 1275 2331 1

189 2373 253 2462 τὴν
266 2370 447 2459 Εὐρώπην.
491 2376 526 2442 οί
544 2375 581 2443 δὲ
595 2380 718 2443 Κελτοί
731 2380 794 2443 είσι
811 2378 873 2456 ἐξώ
891 2373 1096 2459 Ἡρακλείων
1110 2399 1193 2464 οτη-

190 2475 295 2558 λέων,
322 2468 525 2557 ὁμουρέουσι
542 2475 579 2541 δὲ
594 2480 812 2563 Κυνησίοισι,
839 2482 873 2544 ολ
885 2480 1015 2565 ἔσχατοι
1030 2474 1113 2565 πρὸς
1128 2481 1194 2544 δυ·
1273 2502 1274 2525 ¹

191 2573 302 2659 σμέων
317 2573 463 2641 οίκέουσι
482 2577 550 2643 τών
569 2575 606 2642 ἐν
623 2579 663 2662 τῇ
677 2571 826 2664 Εὐρώπη
840 2579 1097 2662 κατοικημένων.
1135 2601 1194 2644 τε-

182 2678 289 2764 λευτᾷ
319 2673 357 2743 δὲ
382 2668 399 2742 ό
423 2674 551 2766 Ἴστρος
583 2679 615 2756 ές
645 2675 823 2745 θάλασσαν
851 2675 914 2764 την
942 2683 1003 2746 τοῦ
1029 2673 1200 2759 Εὐξείνου
1272 2714 1273 2719 ’

187 2773 332 2862 πόντου,
360 2779 409 2866 ,τῇ
436 2772 578 2866 Ἰστρίην
608 2782 644 2847 οί
672 2785 849 2865 Μιλησίων
879 2779 1027 2849 οἰκέουσι
1055 2778 1201 2851 ἄποικοι.

141 2873 220 2946 34Ὁ
248 2874 311 2962 μὲν
340 2873 382 2963 δὴ
407 2875 555 2967 Ἴστρος,
586 2878 654 2966 ῥέει
688 2877 752 2969 γάρ
788 2877 832 2947 δι’
865 2880 1076 2969 οίκευμένης,
1110 2880 1202 2969 πρὸς
1269 2918 1271 2965 2

187 2982 324 3046 πολλών
346 2977 558 3067 γινώσκωσι,
581 2980 660 3070 περὶ
683 2978 722 3049 δὲ
738 2984 807 3050 τών
829 2987 892 3051 τοῦ
909 2989 1037 3053 Νείλου
1063 2983 1202 3070 πηγέων

187 3074 300 3158 οὐδεὶς
324 3083 391 3167 ἔχει
420 3080 546 3166 λέγειν·
574 3077 729 3169 ἀοίκητός
751 3109 787 3152 τε
813 3081 879 3171 γώρ
905 3084 1052 3153 ἐστικαὶ
1077 3086 1202 3172 έρῆμος
1253 3118 1270 3135 ν

185 3173 341 3267 ἡΛιβώη
365 3178 414 3250 δι’
446 3174 487 3269 ἧς
511 3180 588 3272 ῥέει.
633 3183 710 3273 περὶ
732 3183 771 3252 δὲ
800 3189 861 3253 τοῦ
884 3183 1045 3274 ῥεύματος
1076 3182 1202 3262 αὐτοῦ,

188 3276 240 3350 ἐπ’
266 3279 348 3350 ὅσον
376 3281 585 3372 μακρότατον
615 3288 814 3374 λστορεόντα
835 3278 880 3374 ἦν
902 3288 1081 3371 ἐξικέσθαι,
1104 3293 1202 3374 είρη·

186 3400 254 3448 ται·
303 3386 430 3452 εκδιὸοτ
458 3384 498 3453 δέ
528 3387 561 3466 ἐς
593 3395 777 3473 Αἴγυπτον.
825 3384 908 3475 ἡδὲ
938 3397 1111 3474 Αἴγυπτος
1138 3392 1204 3474 τῆς
1256 3428 1262 3439 -

365 3491 492 3575 ’τλικίης
509 3485 652 3575 μάλιστά
669 3516 712 3581 κη
726 3489 824 3579 ἀντίη
837 3491 953 3560 κέεται.
982 3491 1142 3560 ἐνθεῦτεν
1161 3486 1204 3560 δ)
