2622 3928
382 208 467 265 LIB.
499 210 535 264 V.
572 208 671 266 cAP.
703 215 846 270 49-51.
1077 207 1118 272 23

106 361 293 451 Ἀρμενίων
308 365 346 434 δὲ
360 367 531 455 Ματιηνοὶ
546 366 659 454 χάρην
679 366 779 454 τήνδε
792 374 931 456 ἔχοντες.
960 375 1066 457 ἔχεται
1081 371 1116 438 δὲ

110 461 243 533 τούτων
262 469 307 552 γή
329 461 390 551 ἥδε
402 471 542 553 Κισσίη,
564 468 601 534 ἐν
620 473 660 555 τῇ
677 463 719 554 δή
736 466 827 554 παρά
848 467 1000 556 ποταμόν
1019 467 1118 538 τόνδε

111 560 272 630 Κοάσπεα
287 562 424 650 κείμενά
438 566 508 633 ἐστι
523 561 564 633 τά
579 570 697 633 Σοῦσα
713 573 835 653 ταῦτα,
857 573 943 636 ίνθα
960 565 1117 653 βασιλεύς

111 686 149 730 τε
163 663 265 749 μέγας
276 665 407 735 δίαιταν
420 667 584 751 ποιέεται,
599 668 656 734 καὶ
671 672 741 735 τῶν
753 667 931 755 χρημάτων
942 671 977 736 οί
984 677 1118 754 θησαυ-

112 762 167 846 ροὶ
182 759 334 829 ἐνθαῦτά
357 766 437 831 είσι·
469 761 602 843 ἑλόντες
622 765 659 832 δὲ
677 764 805 852 ταύτην
825 762 888 854 τήν
908 764 1009 834 πόλιν
1028 775 1117 848 θαρ-

112 861 247 938 σέοντες
257 857 321 947 ήδη
331 866 378 953 τῷ
388 864 447 929 Διί
461 861 612 930 πλοάτου
625 865 702 948 πέρι
717 864 844 949 ἐρίζετε.
867 859 951 933 ἀλλά
967 864 1043 948 περὶ
1056 861 1118 949 μέν

111 958 223 1046 χῶρης
243 955 309 1044 ἀρα
336 955 378 1027 οὐ
398 966 524 1046 πολλής
546 957 626 1029 οὐδὲ
654 960 742 1031 οὕτω
768 970 910 1051 χρηστῆς
928 965 984 1032 καὶ
1005 960 1118 1045 οὐρῶν

112 1062 266 1144 σμικρῶν
278 1055 387 1143 χρεῶν
400 1058 471 1126 ἐστι
484 1053 588 1144 ὐμέας
601 1061 707 1146 μάχας
721 1058 972 1150 ἀναβάλλεσθαι
986 1059 1071 1146 πρός
1083 1085 1119 1127 τε

113 1161 331 1242 Μεσσηνίους
345 1155 462 1236 έόντας
476 1160 671 1244 ἰσοπαλέας,
686 1163 742 1228 καὶ
752 1158 913 1244 Ἀρκάδας
926 1184 962 1228 τε
975 1160 1031 1228 καί
1043 1154 1117 1241 Ἀρ-

111 1259 243 1341 γείους,
270 1267 354 1323 τοῖσι
377 1252 455 1324 οὐτε
480 1261 608 1342 χρυσοῦ
634 1257 794 1344 ἐχόμενόν
820 1260 888 1327 ἐστι
915 1253 1016 1327 οὐδέν
1040 1252 1118 1324 οὐτε

113 1348 285 1438 ἀργύρου,
307 1357 377 1420 τῶν
390 1352 467 1438 πέρι
484 1360 543 1422 καί
555 1378 631 1421 τινα
651 1354 764 1444 ἐνάγει
783 1362 958 1442 προθυμίη
972 1350 1118 1441 μαχόμε-

115 1477 177 1520 νον
191 1446 439 1538 ἀποθνήσκειν·
466 1453 612 1539 ταρίχου
626 1451 664 1520 δέ
681 1459 740 1540 τῆς
758 1450 867 1540 Ἀσίης
879 1450 988 1538 πάσης
1004 1448 1119 1537 ἄρχειν

113 1545 293 1634 εὐπετέως,
316 1544 398 1618 ἀλλο
418 1574 451 1616 τι
467 1547 666 1636 αίρήσεσθες
683 1547 918 1638 Ἀρισταγόρης
938 1553 1000 1638 μὲν
1014 1555 1118 1617 ταῦτα

113 1649 219 1733 ἔλεξε,
241 1649 433 1733 Κλεομένης
450 1645 487 1715 δὲ
503 1643 657 1735 ἀμείβετο
673 1653 813 1717 τοισίδε·
844 1641 884 1717 Ὦ
901 1650 987 1729 ξεῖνε
1005 1643 1118 1732 Μιλή·

113 1764 182 1832 σιε,
203 1742 439 1834 ἀναβάλλομαί
449 1769 501 1812 τοι
521 1746 554 1823 ἐς
573 1750 688 1832 τρίτην
702 1742 830 1834 ἡμέρην
845 1742 1116 1831 ὑποκρινέεσθαι.

117 1842 200 1912 Τότε
213 1841 275 1929 μέν
289 1844 323 1921 ές
338 1847 479 1911 τοσοῦτο
499 1839 645 1930 ἤλασαν,
663 1845 738 1911 ἐπεί
750 1867 786 1911 τε
808 1846 845 1912 δέ
859 1838 880 1930 ή
896 1847 995 1928 κυρίη
1012 1835 1117 1927 ἡμέρη
1132 1866 1166 1918 50

115 1944 246 2028 ἐγένετο
266 1948 324 2027 τῆς
347 1939 543 2028 ὑποκρίσιος
565 1945 620 2011 καὶ
641 1934 751 2029 ἦλθον
771 1943 805 2020 ές
823 1938 861 2009 τό
887 1943 1118 2025 συγκείμενον,

116 2048 222 2125 είρετο
237 2035 255 2107 ὁ
271 2040 463 2126 Κλεομένης
476 2035 539 2107 τόν
549 2036 804 2129 Ἀρισταγόρην,
822 2037 955 2109 ὁκόσων
967 2033 1117 2125 ἡμερέων

116 2135 182 2208 ἀπό
195 2136 369 2224 θαλάσσης
381 2143 440 2224 τής
458 2134 581 2206 Ἰάνων
600 2135 679 2218 ὁδός
694 2148 745 2226 είη
760 2134 851 2226 παρὰ
872 2136 1019 2225 βασιλέα.
1048 2128 1066 2202 ὁ
1083 2132 1119 2200 δὲ

114 2227 346 2324 Ἀρισταγόρης
365 2228 469 2306 τᾶλλα
487 2233 554 2304 ἐῶν
574 2235 681 2323 σοφός
700 2241 756 2306 καί
776 2236 968 2324 διαβάλλων
989 2236 1119 2303 ἐκείνου

116 2329 154 2405 εὐ
169 2338 208 2404 έν
226 2334 335 2426 τούτῳ
351 2333 499 2422 έσφάλη·
519 2331 630 2423 χρεῶν
648 2335 713 2423 γάρ
734 2360 794 2422 μιν
807 2331 852 2422 μή
873 2334 984 2419 λέγειν
997 2327 1034 2398 τό
1050 2326 1119 2416 ἐόν,

114 2433 325 2524 βουλόμενόν
339 2461 378 2520 γε
391 2435 607 2523 Σπαρτιήτας
621 2437 793 2522 ἐξαγαγεῖν
807 2437 840 2513 ές
852 2429 915 2520 τήν
926 2428 1049 2518 Ἀσίην,
1063 2432 1120 2498 λέ-

114 2559 165 2620 γει
188 2529 219 2601 δ’
245 2526 295 2601 ῶν
318 2539 421 2618 τριῶν
445 2539 564 2620 μηνῶν
587 2530 654 2621 φάς
676 2531 760 2601 είναι
784 2530 847 2620 τήν
869 2529 1003 2599 ἀνοδον.
1037 2525 1056 2598 ὁ
1083 2525 1119 2596 δὲ

36 2643 39 2650 ’
115 2630 314 2719 ὑπαρπάσας
334 2626 395 2698 τόν
419 2632 594 2700 ἐπίλοιπον
613 2632 734 2718 λόγον,
766 2626 827 2697 τόν
848 2626 867 2697 ὁ
885 2625 1120 2712 Ἀρισταγόρης

118 2727 250 2816 ῶρμητο
267 2727 378 2813 λέγειν
393 2729 469 2813 περὶ
488 2736 546 2814 τῆς
560 2726 660 2816 ὁδοῦ,
684 2728 769 2799 εἷπε·
802 2722 842 2797 Ὠ
858 2730 944 2808 ξείνε
959 2722 1119 2812 Μιλήσιε,

117 2826 327 2897 ἀπαλλάσσεο
341 2826 378 2894 ἐκ
388 2824 549 2914 Σπάρτης
563 2825 628 2916 πρδ
645 2830 765 2909 δυ’ντος
781 2825 895 2917 ήλίου·
917 2821 1039 2894 οὐδένα
1054 2818 1119 2910 γάρ

116 2927 219 3013 λόγον
232 2919 353 2992 εὐεπέα
365 2925 472 3009 λέγεις
482 2929 787 3012 Λακεδαιμονίοισι,
800 2927 927 2994 ἐθέλων
937 2923 1042 3009 σφέας
1053 2915 1119 2989 ἀπὸ

116 3026 288 3111 θαλάσσης
307 3031 412 3111 τριῶν
427 3032 546 3111 μηνῶν
565 3023 648 3095 όδδν
667 3025 814 3115 ἀγαγεῖν.
842 3022 861 3094 ὁ
878 3025 941 3112 μέν
954 3022 995 3111 δή
1012 3030 1118 3092 Κλεο-
1134 3042 1164 3094 51

118 3131 216 3216 μένης
237 3129 342 3193 ταῦτα
364 3131 459 3203 είπας
477 3121 529 3211 ἤτε
550 3126 584 3203 ές
606 3121 646 3192 τά
667 3130 771 3211 οίκία,
793 3121 811 3192 ὁ
833 3125 870 3194 δὲ
887 3121 1121 3212 Ἀρισταγόρης

120 3221 230 3313 λαβῶν
251 3226 421 3309 ἱκετηρίην
446 3218 499 3308 ήίε
526 3223 560 3301 ές
584 3228 645 3291 τοῦ
666 3224 888 3308 Κλεομένεος,
913 3214 1063 3289 έσελθῶν
1084 3216 1121 3285 δὲ

119 3330 182 3392 ἔσω
209 3321 268 3390 ἅτε
291 3318 453 3390 ίκετεόων
478 3320 661 3390 ἐπακοῦσαι
683 3321 815 3389 ἐκέλευε
835 3314 896 3388 τόν
918 3314 1121 3400 Κλεομένεα,

120 3417 359 3504 ἀποπέμψαντα
374 3413 411 3486 τδ
422 3420 575 3488 παιδίον·
596 3418 819 3505 προσεστήκεε
830 3414 894 3505 γάρ
906 3412 946 3501 δή
958 3419 1003 3503 τῷ
1016 3417 1047 3479 Κ
1047 3419 1123 3480 λεο-
