2626 3932
376 237 461 292 LIB.
493 237 528 290 V.
563 232 659 291 CAI'.
694 241 835 297 94—98.
1065 199 1107 298 49

100 408 205 464 ναίοι·
229 391 291 463 οὐκ
307 396 554 480 ἐνδεκομένοισι
572 394 611 462 δέ
623 412 683 480 σφι
704 395 856 463 ἐδέδοκτο
873 399 910 466 έκ
925 404 986 466 τοῦ
1001 422 1108 484 φανε-

102 503 165 583 ρού
177 509 262 565 τοῖσι
275 497 425 584 Πέρσησι
441 501 621 581 πολεμίους
631 492 725 562 εἶναι.

185 598 369 680 Νομίζουσι
394 588 433 678 δὴ
456 598 561 659 ταῦτα
581 593 636 659 καί
659 595 949 678 διαβεβλημένοισι
973 595 1006 671 ἐς
1028 589 1107 672 τούς
1122 599 1158 657 97

100 694 232 781 Πέρσας
247 694 284 761 έν
296 690 404 781 τούτμ
419 687 460 776 δὴ
475 695 521 780 τῷ
537 694 643 779 καιρῷ
659 685 677 757 ὁ
692 689 860 775 Μιλήσιος
872 687 1106 778 Ἀρισταγόρης

100 788 167 859 ὑπὸ
189 792 395 876 Κλεομένεος
421 795 484 856 τοῦ
507 791 776 874 Λακεδαιμονίου
802 791 966 869 ἐξελαθεὶς
991 791 1106 874 ἕκτης

100 890 260 977 Σπάρτης
270 886 405 959 ἀπίκετο
419 890 452 967 ές
463 884 624 974 Ἀθήνας·
644 884 729 972 αὐτη
740 884 805 972 γάρ
816 913 836 974 η
849 888 946 967 πόλις
955 894 1023 956 τῶν
1033 896 1105 955 λοι-

99 990 192 1056 πέων
206 985 407 1055 ἐδυνάστευε
421 989 587 1072 μέγιστον.
611 981 765 1053 έπελδοδν
776 986 813 1052 δέ
826 987 879 1052 ἐπὶ
892 983 953 1052 τὸν
968 982 1104 1073 δῆμονὸ

95 1083 331 1174 Ἀρισταγόρης
345 1080 450 1153 ταύτά
464 1088 558 1169 έλεγε
571 1079 611 1150 τά
627 1083 683 1149 καὶ
696 1083 734 1149 έν
744 1087 784 1170 τη
794 1081 936 1170 Σπάρτη
950 1084 1104 1169 περὶτῶν

99 1184 242 1269 ἀγαθῶν
256 1188 324 1251 τῶν
340 1183 377 1250 έν
390 1187 431 1270 τῇ
443 1178 534 1268 Ἀσίη
548 1180 603 1247 καλ
613 1185 675 1246 τοῦ
688 1181 837 1264 πολέμου
850 1185 911 1246 τοῦ
921 1187 1103 1269 Περσικοῦ,

100 1280 145 1360 ὡς
159 1278 236 1348 οὐτε
250 1276 372 1347 αἰσπίδα
388 1276 465 1347 οὐτε
479 1278 564 1363 δόρυ
580 1281 762 1363 νομίζουσι,
777 1273 926 1355 εὐπετέες
937 1303 973 1345 τε
986 1303 1105 1366 χειρω-

98 1387 204 1466 θῆναι
217 1386 342 1464 είησαν.
366 1375 470 1445 ταῦτά
485 1400 525 1443 τε
535 1371 575 1460 δὴ
592 1379 684 1460 ἔλεγε
695 1375 750 1442 καλ
760 1371 844 1461 πρὸς
854 1388 940 1443 τοῖσι
953 1375 1043 1463 τάδε,
1060 1373 1105 1454 ὡς

98 1485 132 1548 οἱ
142 1477 307 1564 Μιλήσιοι
318 1482 386 1546 τῶν
397 1472 588 1561 Ἀθηναίων
600 1476 662 1543 είσλ
673 1471 818 1557 ἄποικοι,
831 1476 887 1541 καὶ
899 1473 989 1553 οίκός
1000 1494 1105 1561 σφεας

98 1590 148 1667 είη
162 1578 307 1667 ῥύεσθαι
322 1577 533 1663 δυναμένους
549 1577 643 1662 μέγα.
671 1577 726 1642 καὶ
741 1571 883 1644 οὐδέν-ό
897 1600 928 1642 τι
945 1571 1007 1643 οὐκ
1024 1573 1104 1643 ὑπί-

97 1697 191 1763 σχετο
206 1669 260 1742 οἷα
274 1673 380 1761 κάρτα
395 1672 569 1760 δεόμενος,
582 1670 644 1751 έςὸ
655 1669 813 1741 ἀνέπεισέ
820 1692 933 1760 σφεας.
957 1669 1102 1750 πολλοὺς

98 1776 162 1865 γάρ
177 1774 247 1845 οἶκε
262 1773 347 1844 εἶναι
364 1771 602 1861 εὐπετέστερον
617 1771 810 1861 διαβάλλειν
826 1768 848 1860 ἦ
863 1775 939 1860 ἕνα,
957 1779 987 1841 εί
995 1780 1102 1841 Κλεο-

96 1879 197 1961 μένεα
208 1874 270 1959 μέυ
281 1871 343 1941 τόν
349 1873 620 1958 Λακεδαιμόνιον
631 1877 762 1957 μοῦνον
775 1868 837 1939 οὐκ
850 1867 919 1950 οἷός
927 1896 962 1939 τε
972 1872 1101 1955 ἐγένετο

97 1980 284 2059 διαβαλεῖν,
301 1985 390 2059 τρεῖς
405 1974 442 2040 δε
456 1971 623 2059 μυριάδας
634 1967 824 2056 Ἀθηναίων
839 1971 972 2055 ἐποίησε
991 1974 1099 2036 τούτο.

92 2070 267 2156 Ἀθηναῖοι
281 2068 344 2154 μὲν
359 2066 399 2154 δη
413 2066 674 2147 ἀναπεισθέντες
685 2070 890 2154 ἐψηφίσαντο
906 2075 1011 2135 είκοσι
1025 2067 1102 2142 νέας

95 2167 286 2237 ἀποστεῖλαι
300 2162 453 2253 βοηθούς
463 2163 574 2253 Ἴωσι,
598 2162 784 2253 στρατηγὸν
803 2161 1021 2244 ἀποδέξαντες
1039 2161 1103 2231 αὐ-

95 2272 162 2334 τῶν
178 2261 262 2332 εἶναι
273 2263 478 2335 Μελάνθιον
488 2260 597 2350 άνδρα
612 2269 680 2331 τῶν
696 2261 807 2330 άστῶν
821 2261 919 2330 ἐόντα
935 2259 976 2329 τὰ
992 2261 1101 2329 πάντα

94 2364 244 2449 δόκιμον
267 2353 366 2430 αὐται
387 2362 424 2431 δέ
438 2366 476 2430 αί
487 2357 599 2441 νέες’
580 2387 663 2448 αρχη
679 2385 792 2429 κακαν
806 2357 979 2446 ἐγένοντο
977 2357 1106 2445 Ἑλλησί

93 2463 197 2530 τεκαὶ
211 2461 420 2581 βαρβάροισι.
440 2459 677 2559 Ἀρισταγόρης
689 2461 725 2529 δέ
736 2460 937 2548 προπλώσας
952 2457 1041 2529 καλ’
1022 2485 1101 2528 απι-
1115 2472 1151 2530 98

93 2559 234 2645 κόμενος
256 2557 345 2638 ές
309 2586 371 2646 την
393 2566 566 2647 Μίλητον,
598 2559 743 2647 ἐξευρών
764 2559 952 2647 βούλευμα,
980 2557 1038 2628 ὐπ’
1058 2552 1100 2627 οὐ

94 2656 187 2726 Ἴωσι
200 2657 263 2742 μέν
273 2654 413 2744 οὐδεμία
423 2664 539 2745 ἔμελλε
552 2656 694 2780 άρελείη
709 2662 845 2725 ἔσεσθαι
857 2651 987 2744 (οὐδ’
961 2685 1010 2727 αν
1021 2656 1100 2726 οὐδὲ

93 2755 214 2821 τούτου
230 2757 358 2821 εινεκεν
372 2756 496 2842 ἐποίεε,
519 2753 594 2825 ἀλλ’
619 2755 707 2836 όκως
722 2759 861 2844 βασιλέα
874 2765 1024 2844 Δαρείου
1038 2766 1101 2826 λυ·

92 2853 233 2973 πηρειε),
248 2857 372 2939 έπεμψε
386 2852 468 2934 ές
431 2882 494 2943 την
501 2863 656 2943 Φρυγιηυ
669 2854 778 2943 ανδρα
795 2858 849 2926 ἐπὶ
859 2853 941 2938 τούς
950 2864 1099 2938 Παίονας

91 2948 170 3031 τούς
187 2947 252 3018 άπὸ
267 2952 467 3041 Στρυμόνος
482 2962 636 3042 ποταμοῦ
654 2956 883 3044 αἰχμαλώτους
895 2960 1099 3044 γενομένους

9 3118 10 3129 2
90 3046 157 3118 ὑπὸ
173 3052 339 3139 Μεγαβάζ
337 3078 430 3140 ου,ο
411 3053 580 3135 οἰκέοντας
595 3056 685 3124 δε
645 3083 702 3144 της
713 3063 864 3144 Φρυγίης
873 3057 984 3180 χρὸρόν
994 3085 1030 3128 τε
1044 3061 1099 3128 καὶ

90 3149 207 3236 κάμην
221 3144 309 3217 ἐπ’
292 3158 444 3241 εωυτολυ,
460 3149 497 3233 δς
514 3156 633 3223 ἐπείτε
648 3152 784 3225 ἀπίκετο
801 3157 834 3235 ές
848 3153 927 3235 τούς
937 3163 1097 3242 Παίονας,

90 3250 182 3332 ἔλεγε
195 3245 291 3315 τάδε·
323 3246 461 3336 ’Ἀνδρες
474 3258 636 3337 Παίονες,
660 3254 788 3339 ἔπεμψέ
806 3278 847 3340 με
863 3250 1098 3342 Ἀρισταγόρης

10 3356 11 3361 ’
91 3341 108 3413 ὃ
125 3345 282 3434 Μιλήτου
296 3349 464 3437 τύραννος
478 3361 646 3443 σωτηρίην
663 3353 745 3444 ὑμίν
760 3353 1076 3455 ὐποδησόμενον,”
1053 3385 1098 3446 ην

91 3470 154 3533 περ
165 3447 339 3598 {mogo
349 3459 540 3524 πείσεσθαι
558 3461 624 3523 νῦν
634 3481 699 3544 γαρ
704 3453 798 3526 Ιωνί
796 3483 816 3544 η
828 3463 918 3526 πασα
932 3455 1097 3606 αρπέστηκε
