2618 3928
348 299 495 354 τικνι
538 298 861 367 σκαιός-ει.
1000 285 1003 293 ’
1063 294 1106 358 ον

103 467 270 541 εγίνουτο,
295 460 328 533 ἐς
344 463 462 522 πλοῖον
483 453 583 544 ἐσβὰς
598 442 806 542 ἐκδιδρήσκει
827 458 863 524 ἐκ
882 464 941 544 τῆς
954 465 1103 547 Αἰγίνης,

102 552 167 621 σόν
186 557 225 620 δέ
239 556 274 621 σί
288 554 342 620 καὶ
363 550 457 619 άλλοι
479 554 515 619 ἐκ
533 558 601 618 τών
616 555 824 638 Αἰγινητέων
839 557 996 643 ἕσποντο,
1018 572 1104 625 τοῖσι

99 650 269 737 Ἀθηναῖοι
276 649 427 717 Σούνιον
436 654 567 733 οἰκῆσαι
579 654 708 717 ἔδοσαν.
722 652 882 721 ἐνθεῦτεν
893 653 930 721 δέ
938 645 1032 720 οὗτοι
1043 651 1103 736 ὁρν

100 751 256 838 μεόμενοι
272 752 395 835 ἔφερόν
408 776 444 816 τε
458 753 512 817 καὶ
522 743 608 836 ήγον
619 750 698 840 τοὺς
709 753 746 818 ἐν
755 759 796 839 τῇ
807 753 899 844 νήσφ
910 756 1098 842 Αἰγινήτας.

100 849 279 934 ταῦταμὲν
294 846 334 935 δή
350 847 493 933 ὕστερον
509 850 650 934 ἐγίνετο,
665 854 872 935 Αἰγινητέων
889 851 925 918 δὲ
940 856 973 918 οί
984 856 1100 939 παχέες
1117 866 1147 926 91

100 946 345 1025 ἐπαναστάντος
359 951 420 1013 τοῦ
434 943 542 1032 δήμου
554 964 614 1030 σφι
625 943 693 1030 ἅμα
703 947 906 1038 Νικοδρόμῳ
920 951 1102 1037 ἐπεκράτη·

13 1040 16 1044 ’
100 1069 173 1131 σαν,
191 1047 247 1113 καί
257 1046 384 1113 ἐπειτέν
396 1064 501 1131 σφεας
510 1046 749 1130 χειρωσάμενοι
761 1048 879 1132 ἐξῆγον
893 1044 1098 1126 ἀπολέοντες.

100 1140 164 1211 άπὸ
181 1142 304 1211 τούτου
319 1143 355 1210 δέ
369 1144 424 1210 καὶ
434 1140 515 1228 άγος
526 1161 587 1227 σφι
600 1141 799 1230 ἐγένετο,τό
812 1145 1023 1214 ἐκθύσασθαι
1038 1144 1101 1213 οὐκ

100 1236 167 1311 οἷοί
184 1268 220 1310 τε
233 1243 384 1328 ἐγίνοντο
401 1241 706 1328 ἐπιμηχανώμενοι,
728 1239 801 1309 ἀλλ’
824 1248 981 1330 ἐφθησαυ
1003 1246 1100 1312 ἐκπε-

100 1341 215 1421 σόντες
228 1341 393 1428 πρότερον
407 1343 444 1409 έκ
455 1347 512 1428 τής
522 1341 629 1427 νήσου
639 1338 663 1426 ή
675 1361 737 1426 σφι
751 1343 851 1408 ἵλεων
866 1346 1025 1427 γενέσθαι
1039 1341 1101 1429 τήν

99 1441 193 1508 θεόν.
218 1441 432 1518 ἑπτακοσίους
447 1436 512 1524 γάρ
529 1436 569 1525 δή
588 1446 650 1507 τοῦ
667 1437 776 1525 δήμου
789 1441 1013 1528 ζωγρήσαντες
1024 1445 1100 1528 ἐξῆ-

99 1564 161 1623 γον
174 1533 217 1615 ώς
232 1532 445 1622 ἀπολέοντες,
461 1532 506 1615 εἷς
517 1541 556 1604 δέ
565 1563 615 1616 τις
625 1537 755 1605 τούτων
770 1539 927 1625 ἐκφυγών
941 1539 980 1608 τά
995 1539 1099 1624 δεσμά

100 1633 302 1720 καταφεύγει
315 1631 399 1720 πρὸς
413 1633 572 1721 πρόθυρα
583 1635 761 1722 Δήμητρος
776 1640 1012 1725 θεσμοφόρου,
1028 1641 1100 1706 ἐπι-

102 1734 283 1822 λαβόμενος
294 1733 330 1800 δδ
341 1741 409 1800 τών
420 1733 675 1820 ἐπισπαστήρων
687 1744 804 1821 εἴχετο.
826 1739 860 1802 οί
869 1739 905 1804 δὲ
917 1739 989 1805 ἐπεί
996 1739 1033 1803 τέ
1042 1763 1100 1821 μιν

102 1832 291 1903 ίποσπάσαι
305 1830 369 1900 οὐκ
387 1828 454 1901 οἶοί
464 1860 499 1900 τε
513 1831 711 1912 ἀπέλκοντες
724 1836 891 1920 ἐγίνοντο,
905 1831 1100 1915 άποκόψαν-
1130 1920 1132 1925 y

9 1980 10 1993 ,
101 1958 151 2010 τες
166 1927 271 1998 αὐτοῦ
285 1928 344 2008 τὰς
357 1946 467 2016 χεῖρας
477 1925 562 2019 ήγον
577 1930 682 2019 οὕτω,
696 1945 802 2019 χεῖρες
816 1935 853 2000 δὲ
863 1934 986 1999 ἐκεῖναι
1002 1935 1101 2018 ἐμπε-

98 2045 240 2117 φυκυῖαι
253 2022 340 2117 ἦσαν
353 2045 438 2097 τοῖσι
454 2032 700 2119 ἐπισπαστῆρσι.
724 2037 836 2098 Ταῦτα
846 2034 908 2118 μέν
918 2058 984 2099 νυν
995 2034 1098 2118 σφέας
1115 2043 1148 2096 92

97 2127 223 2207 αὐτοὺς
244 2134 277 2198 οί
289 2134 464 2214 Αἰγινῆται
484 2130 684 2217 ἐργάσαντο,
702 2127 910 2215 Ἀθηναίοισι
931 2131 968 2197 δὲ
981 2127 1100 2215 ήκουσι

99 2226 334 2315 ἐναυμάχησαν
343 2230 444 2314 νηυσί
456 2228 692 2316 ἑβδομήκοντα,
705 2229 908 2308 ἑσσωθέντες
918 2229 954 2296 δέ
965 2237 1005 2317 τῇ
1015 2256 1101 2296 ναυ-

97 2333 196 2415 μαχίη
211 2327 426 2395 ἐπεκαλέοντο
438 2320 517 2405 τούς
531 2325 654 2406 αὐτους
665 2330 721 2395 καί
733 2326 908 2414 πρότερον,
923 2324 1099 2412 Ἀργειόυςξ

9 2450 12 2455 ·
97 2430 150 2495 καλ
166 2425 208 2514 δή
222 2447 282 2513 σφι
294 2419 387 2496 οὗτοι
399 2426 462 2513 μὲν
473 2423 583 2495 οὐκέτι
597 2428 798 2513 βοηθέουσι,
814 2424 1032 2512 μεμφόμενοι,
1049 2424 1100 2492 ότι

96 2532 267 2611 Αἰγιναῖαι
277 2529 349 2605 νέες
360 2523 492 2616 ἀνάγκη
502 2533 708 2612 λαμφθεῖσαι
716 2521 782 2591 ὑπὸ
791 2528 1100 2611 Κλεομένεοςέσχου

97 2652 131 2693 τε
143 2627 176 2701 ές
192 2622 254 2710 τήν
264 2621 437 2710 Ἀργολίδα
447 2625 560 2711 χώρην
574 2626 629 2692 καὶ
643 2627 880 2711 συναπέβησαν
890 2630 1100 2710 Λακεδαιμο-

97 2731 214 2790 νίοισι·
238 2724 475 2809 συναπέβησαν
491 2724 527 2790 δὲ
547 2725 601 2790 καί
615 2720 680 2790 άπὸ
695 2724 915 2790 Σικυωνιέων
935 2728 1022 2788 νεών
1037 2717 1100 2786 άν-

97 2827 174 2904 δρες
191 2827 231 2907 τῇ
248 2818 331 2910 αὐτῇ
348 2821 452 2911 ταότη
469 2824 598 2910 ἐσβολῇ.
626 2827 685 2891 καί
695 2842 756 2907 σφι
774 2819 833 2889 ὑπ’
853 2819 1010 2906 Ἀργείων
1025 2824 1096 2888 ἐπει

96 2919 208 3008 βλήθη
221 2924 331 3006 ζημίη,
350 2926 438 3005 γβλια
452 2920 596 2988 τάλαντα
611 2922 751 3005 ἐκτῖσαι,
771 2919 973 2987 πεντακόσια
989 2921 1101 2988 ἐκατέ-

96 3045 186 3102 ρους.
220 3016 406 3086 Σικυώνιοι
422 3021 485 3105 μέν
498 3045 564 3086 νυν
579 3019 783 3104 συγγνόντες
799 3015 954 3104 άδικήσαι
971 3016 1101 3105 ώμολό-

9 3130 11 3145 “
95 3137 203 3202 γησαν
218 3114 337 3183 ἑκατόν
350 3115 495 3185 τάλαντα
512 3120 697 3195 ἐκτίσαντες
709 3114 839 3203 άζήμιοι
850 3114 945 3203 εἶναι,
960 3123 1101 3202 Αἰγινῆ-

95 3239 148 3278 ται
165 3213 201 3280 δέ
215 3211 293 3281 οὔτε
309 3215 609 3302 συνεγινώσκοντο,
624 3207 712 3302 ήσάν
722 3240 758 3281 τε
770 3211 1020 3296 αὐθαδέστεροι.
1046 3210 1100 3278 διά

96 3309 135 3395 δή
152 3319 255 3379 ταῦτα
276 3317 462 3400 δεομένοισι
483 3309 549 3382 άπὸ
566 3312 628 3401 μὲν
644 3319 705 3383 τοῦ
720 3318 882 3399 δημοσίου
897 3310 1007 3390 οὐδεὶς
1025 3309 1101 3397 Ἀρ-

94 3416 196 3497 γείων
211 3418 258 3480 ἐτι
275 3413 433 3502 ἐβοήθεε,
455 3417 627 3484 ἐθελονταὶ
645 3415 680 3482 δέ
696 3416 729 3492 ἐς
744 3419 886 3499 χιλίους·
908 3403 969 3496 ήγε
985 3412 1020 3477 δὲ
1037 3406 1100 3475 αὖ·

94 3504 173 3586 τοὺς
182 3510 578 3601 στρατηγόςΕάρυβάτης,
586 3513 797 3581 πεντάεθλον
809 3505 1005 3657 ἐπασκήηας.
1020 3504 1100 3572 κου’·
