2562 3926
236 220 298 286 τεο
614 224 863 301 οοοοοοιι

236 387 272 455 δέ
293 383 372 456 τάδε
392 379 452 455 ὑπ’
474 379 587 454 αὐτόν
604 380 815 470 Ἀμμωνίων·
844 379 956 471 ἐπειδή
978 385 1014 452 ἐκ
1034 389 1090 472 τῆς
1107 378 1238 464 Ὀάσιος

235 483 357 573 ταύτης
380 485 466 553 ίέναι
485 478 541 550 διά
563 487 620 568 τῆς
643 479 782 567 ψάμμου
802 482 855 549 ἐπὶ
875 483 992 567 σφέας,
1020 482 1179 568 γενέσθαι
1201 507 1238 550 τε

236 579 360 662 αότοός
374 579 497 669 μεταξύ
511 605 574 649 κου
594 577 736 665 μάλιστα
759 575 871 647 αὐτῶν
891 581 1001 649 τεκαὶ
1019 585 1077 668 τῆς
1094 575 1236 663 Ὀάσιος,

234 678 372 768 ἄριστον
383 680 419 747 δὲ
429 679 652 765 αἱρεομένοισι
667 671 795 746 αὐτοῖσι
810 677 1005 747 ἐπιπνεῦσαι
1015 676 1118 746 νότον
1127 680 1237 765 μέγαν

231 778 337 847 τεκαὶ
353 779 515 863 ἐξαίσιον,
536 778 702 864 φορέοντα
722 775 759 843 θέ
778 785 879 856 θῖνας
900 782 958 864 τῆς
971 777 1110 865 ψάμμον
1129 801 1237 843 κατα-

136 955 138 959 ‚
230 880 338 965 χιόσαί
354 892 474 962 σφεας,
500 875 554 941 καὶ
580 872 693 965 τρόπῳ
714 872 854 964 τοιούτῳ
869 870 1110 961 ἀφανισθῆναι.
1153 870 1231 959 Ἀμ-

231 975 351 1065 μάνιοι
371 977 434 1061 μὲν
455 969 543 1041 οὕτω
568 975 702 1057 λέγουσι
723 974 882 1059 γενέσθαι
901 975 977 1060 περὶ
999 979 1057 1059 τῆς
1080 978 1238 1061 στρατιῆς

185 1073 361 1159 ττταότης.
408 1068 609 1158 Ἀπιγμένου
631 1073 667 1137 δὲ
690 1069 879 1158 Καμβύσεω
904 1071 938 1149 ἐς
959 1072 1102 1157 Μέμφιν
1122 1069 1236 1157 ἐφάνη

230 1174 442 1257 Αἰγυπτίοισι
468 1164 487 1235 5
507 1161 616 1254 Ἆπις,
637 1163 698 1234 τόν
714 1164 870 1254 ’Έλληνες
885 1165 1040 1255 Ἔπαφον
1063 1169 1237 1236 καλέουσι·

230 1269 409 1355 ἐπιφανέος
433 1268 469 1334 δέ
494 1265 617 1334 τούτου
643 1268 829 1352 γενομένου
852 1263 970 1334 αὐτίκα
994 1270 1029 1336 oc
1052 1265 1235 1352 Αἰγύπτιοι

230 1364 347 1451 εἵματά
370 1391 412 1439 τεΙ
428 1362 571 1452 ἐφόρεον
595 1360 635 1432 τά
658 1362 816 1434 κάλλιστα
836 1367 891 1433 καὶ
912 1357 1000 1451 ήσαν
1024 1365 1062 1434 έν
1082 1371 1233 1453 θαλίῃσι.

229 1461 313 1532 ἐθάν
327 1466 480 1533 δὲταῦτα
495 1461 574 1542 τούς
587 1469 794 1549 Αἰγυπτίους
809 1470 987 1543 ποιεῦντας
1001 1460 1018 1532 5
1035 1462 1233 1553 Καμβύσης,

228 1559 339 1649 πάγχυ
359 1563 464 1648 σφέας
478 1561 660 1644 καταδόξας
677 1564 805 1631 ἑαυτοῦ
819 1568 928 1639 κακῶς
944 1562 1129 1650 πρήξαντος
1147 1588 1236 1650 χαρ-

228 1660 361 1747 μόσυνα
371 1664 475 1727 ταῦτα
486 1662 623 1748 ποιέειν,
639 1659 754 1730 ἐκάλεε
764 1655 843 1739 τούς
854 1658 1053 1747 ἐπιτρόπους
1063 1667 1119 1749 τής
1133 1665 1230 1749 Μέμ-

228 1782 322 1847 φιος,
337 1755 561 1845 ἀπικομένους
576 1757 611 1826 δέ
626 1759 659 1839 ἐς
676 1755 756 1840 ὄψιν
771 1765 894 1845 είρετο,
909 1755 930 1824 ό
942 1783 973 1826 τι
988 1756 1153 1846 πρότερον
1167 1760 1237 1845 μὲν

227 1855 341 1938 ἐόντος
361 1852 467 1924 αὐτοῦ
488 1858 524 1925 έν
548 1860 668 1944 Μέμφι
689 1857 824 1925 ἐποίευν
845 1862 977 1924 τοιοῦτο
999 1853 1099 1926 οὐδέν
1120 1858 1237 1945 ,Αἰγά-

227 1978 334 2042 πτιοι,
357 1954 431 2024 τότε
446 1955 499 2044 δέ,
521 1957 592 2024 ἐπεὶ
606 1951 706 2036 αὐτός
719 1961 838 2043 παρείη
854 1962 910 2042 τῆς
931 1962 1084 2044 στρατιῆς
1098 1955 1237 2044 πλῆθός

226 2080 258 2121 τι
279 2048 468 2140 άποβαλάυ.
492 2058 527 2123 ολ
545 2054 582 2122 δὲ
607 2060 767 2141 ἔφραζον,
790 2051 835 2133 άς
854 2074 915 2140 σφι
935 2051 1016 2134 θεός
1041 2065 1090 2143 είη
1112 2057 1237 2143 φανεὶς

227 2147 284 2221 διά
298 2150 424 2238 χρόνου
440 2159 568 2222 πολλοῦ
589 2149 704 2232 ἐυθάς
719 2154 973 2240 ἐπιφαίνεσθαι,
995 2155 1048 2220 καὶ
1067 2151 1111 2232 ὡς
1126 2150 1237 2220 ἐπεάν

227 2257 338 2338 φανῇ,
353 2249 427 2319 τότε
441 2250 563 2333 πάντες
577 2256 612 2321 ολ
620 2250 798 2338 Αίγάπτιοι
812 2250 1028 2338 κεχαρηκότες
1045 2246 1233 2339 ὁρτάζοιεν.

227 2356 330 2417 ταῦτα
347 2347 494 2432 άκοόσας
514 2350 731 2440 ὁΚαμβάσης
746 2355 809 2438 ἔφη
825 2350 1013 2432 ψεύδεσθαί
1030 2367 1151 2435 σφεας,
1172 2351 1236 2417 καὶ

182 2476 218 2531 ης
229 2446 274 2529 ὥς
288 2453 517 2536 ψευδομένους
530 2451 669 2542 θαυάτφ
684 2452 827 2538 ἐζημίου.
867 2445 1077 2525 Ἀποκτείνας
1093 2446 1129 2514 θέ
1146 2447 1237 2515 τού·

225 2573 305 2630 τους
327 2547 468 2670 δεύτερα
489 2547 569 2630 τούς
590 2551 680 2637 ἱρέας
700 2547 814 2618 ἐκάλεε
829 2549 862 2628 ἐς
883 2544 971 2629 ὅφιν.
1004 2544 1174 2633 λεγόντων
1183 2541 1234 2614 δὲ

225 2643 309 2716 κατά
325 2644 365 2715 τά
380 2643 465 2716 αὐτά
486 2655 554 2716 τόν
573 2651 674 2736 ίρέοον
694 2672 736 2714 ου
725 2642 865 2733 ’λήσειν
880 2651 943 2734 ἔφη
959 2641 1117 2732 αότόν,ε
1102 2643 1237 2724 είθεός

224 2772 274 2825 τις
292 2744 471 2834 χειροήθης
491 2742 672 2832 ἀπιγμένος
693 2752 744 2831 είη
764 2748 985 2830 Αἰγυπτίοισι.
1019 2747 1163 2810 τοσαῦτα
1189 2743 1235 2809 δέ

225 2854 320 2925 είπας
341 2844 478 2933 ἐπάγειν
492 2848 623 2915 ἐκέλευε
643 2842 704 2914 τὸν
718 2838 815 2914 ’Λπιν
833 2840 912 2924 τούς
931 2846 1030 2928 ἐρέας.
1054 2846 1089 2912 oc
1099 2843 1162 2929 μὲν
1182 2844 1233 2932 δή

224 2945 384 3034 μετήισαν
402 2944 545 3028 ἄξοντες.
577 2944 596 3016 5
617 2950 654 3016 δέ
674 2940 766 3026 Ἀπις
781 2937 878 3023 οὗτος
898 2940 1079 3031 δ”Επαφος
1098 2949 1233 3031 γίνεται

224 3043 347 3132 μόσχος
367 3046 404 3112 ἐκ
416 3040 513 3133 βοός,
533 3041 606 3133 ἥτις
627 3041 738 3115 οὐκέτι
755 3047 808 3131 οἵη
827 3068 863 3112 τε
882 3048 1008 3129 γίνεται
1030 3043 1062 3122 ές
1082 3045 1236 3131 γαστέρα

224 3140 329 3211 άλλου
344 3144 507 3230 βαλέσθαι
520 3142 634 3231 γόνον.
667 3141 847 3231 Αἰγύπτιοι
861 3140 898 3210 δὲ
911 3142 1045 3228 λέγουσι
1061 3142 1160 3220 σέλας
1173 3144 1235 3213 ἐπὶ

224 3237 287 3327 τήν
300 3245 387 3329 βοῦν
401 3240 438 3309 ἐκ
450 3248 512 3309 τοῦ
528 3239 678 3327 οὐρανοῦ
696 3248 879 3329 κατίσχειν,
900 3247 959 3310 καί
968 3266 1029 3365 μιν
1048 3241 1085 3309 ἐκ
1101 3240 1237 3309 τοιίτοι

224 3349 266 3410 τί
266 3363 347 3410 ,τετυ
357 3337 417 3409 τόν
429 3332 534 3411 Ἆπιν.
558 3348 624 3428 ἔχει
635 3337 699 3410 55
683 3368 702 3411 ο
713 3339 835 3430 μόσχος
851 3331 948 3418 ουτος
963 3367 981 3408 ο
998 3332 1090 3418 ‘Aras
1104 3338 1273 3408 καλεό-

223 3465 323 3525 μενος
335 3437 458 3529 σημηια
468 3439 596 3512 τοιαόε
611 3437 677 3513 ἐαν
687 3445 787 3532 μέλας
798 3443 851 3513 ἐπὶ
864 3440 983 3531 μὲν
937 3466 982 3534 τφ
993 3463 1134 3535 μετυπφ
1145 3447 1235 3513 λεν·
1272 3450 1273 3493 ¹
