2564 3934
206 210 295 295 120'
604 233 854 293 HERODOTI

205 399 274 461 τόν
288 391 436 480 πλήθεος
452 394 528 480 πέρι
544 390 633 474 άξιος
653 400 889 483 συμβληθῆναι
904 396 980 464 ἐστί.
1022 395 1083 462 ελσλ
1097 393 1134 462 δέ
1146 394 1200 462 καὶ

205 489 301 561 άλλοι
315 492 456 578 ποταμοὶ
470 488 511 559 06
525 489 609 560 κατά
622 490 683 562 τόν
696 501 822 563 Νεῖλον
836 493 946 573 ἐόντες
962 493 1129 581 μεγάθεα,
1151 494 1201 558 ολ-

204 615 292 670 τινες
307 596 388 679 ἐρχα
402 587 644 678 ἀποδεξάμενοι
660 594 788 681 μεγάλα
805 598 884 662 ελσί·
911 598 980 661 τῶν
996 588 1060 677 ἐμοὶ
1075 585 1199 677 φράσαι

205 693 267 775 ἐχω
283 686 453 775 οὐνόματα
468 692 523 758 καί
538 687 651 759 άλλων
670 694 726 760 καὶ
740 688 803 760 οὐκ
819 689 938 778 ἥκιστα
959 688 1138 781 Ἀχελῴου,
1164 684 1200 766 δς

204 790 291 875 ῥέων
307 785 352 855 δι’
371 785 588 876 Ἀκαρνανίης
607 792 662 858 καὶ
679 789 773 871 ἐξιεὶς
787 791 820 867 ἐς
839 788 1016 857 θάλασσαν
1031 793 1100 856 τόν
1119 782 1198 872 Ἐχι-

203 884 319 956 νάδων
332 885 446 976 νήσων
461 885 521 967 τάς
536 884 673 975 ἡμισέας
686 884 749 975 ἤδη
764 883 904 977 ἤπειρον
917 893 1085 974 πεποίηκε.

158 1014 190 1067 11
276 982 368 1053 ’Ἐστι
396 986 433 1054 δὲ
463 992 521 1073 τῆς
548 984 701 1074 Ἀραβίης
728 986 853 1074 χάρης,
887 986 1064 1073 Αἰγύπτου
1094 980 1131 1053 δὲ
1159 978 1200 1049 06

202 1083 336 1172 πρόσω,
359 1084 483 1164 κόλπος
498 1087 672 1173 θαλάσσης
687 1088 809 1173 ἐσέχων
829 1087 865 1153 ἐκ
885 1091 943 1172 τῆς
962 1083 1126 1174 Ἐρυθρῆς
1139 1108 1201 1150 κα-

203 1184 362 1268 λεομένης
382 1182 573 1271 θαλάσσης,
601 1181 729 1273 μακρός
749 1182 838 1251 οὕτω
862 1183 905 1271 δή
928 1208 960 1251 τι
985 1183 1040 1250 καὶ
1061 1178 1200 1264 στεινός,

205 1279 250 1361 ὡς
273 1286 408 1370 ἔρχομαι
435 1284 593 1373 φράσων
618 1290 722 1370 μῆκος
746 1284 808 1370 μὲν
832 1285 940 1353 πλόου
967 1279 1139 1371 ἀρξαμένῳ
1164 1281 1200 1347 ἐκ

204 1388 312 1469 μυχοῦ
328 1386 529 1452 διεκπλῶσαι
544 1385 577 1460 ἐς
590 1379 652 1470 τὴν
668 1380 788 1471 εὐρέαν
808 1384 986 1452 θάλασσαν
998 1377 1118 1502 ἡμέραι
1138 1375 1200 1446 άν-

204 1487 415 1566 αισιμοῦνται
427 1481 670 1568 τεσσεράκοντα
688 1487 813 1571 ελρεσίη
826 1483 1010 1574 χρεομένω,
1034 1472 1132 1563 εὖρος
1152 1479 1199 1563 δὲ,

202 1583 243 1666 τῇ
257 1575 438 1665 εὐρότατός
452 1577 549 1647 ἐστι
534 1605 552 1648 ο
569 1579 703 1668 κόλπος,
724 1579 828 1667 ημισν
842 1577 977 1681 ἡμέρης
982 1578 1099 1648 πλόου
1139 1579 1199 1665 ρη-

202 1682 256 1762 χλη
202 1673 304 1762 χλ’δ
324 1674 417 1744 ἕν’
374 1704 464 1771 αυτῳ
450 1676 572 1748 ””καλ
549 1703 697 1767 αμπωτις
711 1678 776 1748 άνδι
790 1688 901 1750 πάσαν
920 1678 1099 1769 ἡμέρηνί
1063 1706 1085 1766 χ
1098 1703 1198 1763 νεται.

202 1776 318 1861 ἕτερον
338 1781 492 1844 τοιοῦτον
511 1777 640 1847 κόλπον
662 1780 716 1846 καλ
735 1776 797 1864 την
820 1788 993 1865 Αἴγυπτον
1016 1779 1121 1846 δοκέω
1143 1801 1200 1861 χε-

203 1873 323 1942 νέσθαι
343 1901 422 1962 κον,
447 1871 505 1943 τόν
526 1875 566 1964 μδ
568 1904 606 1962 ν,
634 1878 732 1944 ἐκ
692 1903 750 1963 της
775 1884 911 1967 βορηίης
933 1877 1104 1969 θαλάσσης
1129 1885 1202 1952 έσέ-

203 1998 305 2059 χουτα
329 1976 455 2044 ἐπδί
406 1987 439 2045 Α
441 1982 604 2064 ίθιοπίης,
633 1975 692 2045 τόν
722 1977 760 2046 δέ
780 1975 950 2069 Ἀράβιον,
980 1978 1040 2049 τόν
1069 1987 1205 2073 ἔρχομαι

135 2100 137 2105 ’
204 2073 326 2162 λεῖων,
346 2078 437 2145 ἐκ
400 2103 455 2163 της
476 2085 584 2165 νοτίης
602 2079 747 2169 φέροντα
765 2080 819 2147 ἐπὶ
840 2086 985 2204 Συρίης,
1006 2081 1125 2170 σχεδόν
1140 2083 1204 2172 μὲν

202 2171 373 2262 άλλήλοισι
391 2186 686 2268 συντετραίνοντας
702 2177 780 2259 τούς
798 2180 948 2308 μυχοδς,
973 2177 1089 2268 όλλγον
1114 2185 1157 2252 δέ
1173 2212 1203 2253 τι

122 2304 126 2310 ·
203 2276 497 2361 παραλλάσσοντας
525 2306 583 2365 της
613 2279 730 2369 χώρης.
775 2285 807 2349 εί
835 2308 883 2350 ων
913 2281 1061 2369 ἐθελήσει
1088 2286 1195 2374 ἐκτρέ-

201 2386 263 2453 ψαι
277 2400 314 2442 το
303 2374 509 2500 ρέεθρον*
493 2404 512 2447 ο
535 2387 657 2461 Νεῖλος
674 2385 707 2462 ἐς
720 2390 839 2452 τοῦτον
859 2382 921 2453 τδυ
941 2382 1097 2471 Ἀράβιον
1118 2383 1203 2451 κόλ-

200 2495 283 2558 πον,
311 2477 347 2540 τί
362 2499 421 2558 μιν
440 2476 603 2544 κωλόει
583 2480 719 2566 ρέοντος
740 2482 863 2551 τούτου
880 2485 1089 2570 ἐκχωσθῆναι
1105 2481 1202 2560 ἐντός

200 2595 240 2655 χε
260 2573 445 2660 δισμυρίων
464 2577 581 2659 έτέωνς
608 2576 671 2664 ἐμοὶ
688 2578 809 2666 μὲν
768 2607 833 2668 γαρ
851 2585 994 2668 ἔλπομαί
1008 2606 1047 2667 χε
1061 2582 1116 2649 καὶ
1133 2608 1201 2669 μυ-

201 2670 284 2754 ρίων
298 2667 392 2750 ἐντός
403 2674 616 2762 χωσθῆναι”
593 2704 645 2744 αν.
678 2685 741 2746 κοῦ
760 2705 799 2769 νε
822 2677 862 2766 δη
886 2682 984 2772 ἐντῶ
1000 2699 1200 2766 προαναισι-

200 2770 340 2859 μωμένω
366 2769 477 2864 χρόνω
498 2773 663 2861 πρότερον
683 2804 704 2863 η
691 2772 781 2863 ”έμέ
801 2780 960 2863 γενέσθαι
980 2775 1042 2847 οὐκ
1062 2774 1106 2846 άν
1131 2804 1201 2866 χω-

199 2870 297 2952 σθείη
313 2865 436 2948 κόλπος
453 2873 511 2940 καλ
527 2880 640 2964 πολλῷ
656 2878 762 2961 μέζων
783 2881 830 2945 ἔτι
851 2876 973 2945 τοότου
993 2873 1059 2946 ὖπδ
1074 2876 1201 2946 τοσοό-

197 2988 258 3032 τον
271 2989 307 3033 τε
320 2974 470 3055 ποταμοῦ
485 2969 598 3038 καδ’
554 2997 642 3039 ουτω
658 2977 850 3061 ἐργατικοῦ,

153 3082 184 3134 ις
282 3059 330 3130 Τά
344 3063 645 3188 περλΑλχνπτον
617 3097 666 3138 ων
680 3073 736 3140 καλ
755 3085 840 3141 τοῖσι
861 3072 1058 3161 λέγουσι’
1016 3073 1101 3143 αντδι
1122 3086 1200 3145 πεί-

64 3194 67 3200 ,
195 3168 311 3248 θομαι,
334 3160 444 3229 καλ’
402 3161 503 3244 αυτδς
518 3164 606 3235 οὕτω
620 3170 726 3258 κάρτα
742 3173 847 3240 δοκέω
863 3170 964 3260 εἶναι,
986 3173 1069 3242 ίδόν
1082 3199 1118 3242 τε
1133 3202 1199 3264 την

194 3266 370 3346 Αίχυπτον
384 3265 606 3352 προκειμένην
622 3274 679 3354 τῆς
700 3271 856 3358 ἐχομένης
871 3296 949 3359 γης,
978 3272 1140 3358 κογχύλιά
1160 3300 1199 3342 τε

197 3359 385 3447 φαινόμενα
409 3363 461 3430 ἐπὶ
480 3376 566 3432 τοῖσι
591 3364 706 3455 οάρεσι
731 3371 787 3437 καὶ
811 3368 921 3457 άλμηυ
947 3371 1197 3460 ἐπανθέουσαν,

197 3454 280 3527 όστε
294 3456 402 3527 καὶ
364 3486 423 3541 τας
436 3465 625 3553 πυραμίδας
636 3468 824 3558 δηλέεσθαι,
841 3470 897 3537 καὶ
910 3467 1048 3555 ψάμμον
1062 3475 1199 3557 μοῦνον
