2606 3920
1286 122 1289 273 χ

198 453 302 531 δραμε
305 458 338 511 ιν
349 444 385 510 ἐκ
400 466 461 507 τον
446 439 620 527 ’θρόνον,
635 443 790 508 δείσαντα
805 442 934 525 περὶ
895 466 935 528 τῃ
950 446 1094 528 στρατιῇ.
1121 439 1207 507 Τότε
1287 384 1290 541 ή

198 541 314 631 μλν”
270 567 360 609 ουτω
370 539 590 627 ἠγωνίσαντο,
604 535 689 626 τῇδ’
701 535 860 625 ὑστεραίῃ
874 543 909 606 οί
920 537 1086 626 βάρβαροι
1100 535 1207 606 οὐδέν
1289 544 1290 547 ’

198 641 337 728 όιμεινον
358 637 518 708 άέθλεον·
550 664 609 704 ατε
628 634 694 720 γάρ
718 634 841 723 ὀλίγων
866 637 993 704 έόντων
1013 638 1206 714 ἐλπίσαντές
1290 646 1291 727 ἶ

198 759 303 826 σφεας
313 741 661 820 κατατετρωματίσθαι
670 759 707 800 τε
717 730 824 801 καὶ’
784 760 848 801 ονκ
857 737 950 812 οίους
960 759 996 801 τε
1007 739 1145 801 ἔσεσθαι
1155 738 1206 800 έτι

197 853 307 926 χεῖρας
322 833 422 905 άνταε
424 842 562 918 ίρασθαι
583 838 801 921 συνέβαλλον,
835 838 870 903 οἱ
887 833 1100 920 δὲ’Ἐλληνες
1119 830 1205 901 κατὰ

198 938 290 1018 τάξις
303 961 339 1003 τε
354 939 410 1003 καὶ
423 960 506 1002 κατα
494 931 622 1003 ἔθνεα
636 927 915 1019 κεκοσμημένοι
892 953 980 1019 ῃσαν
990 934 1046 1001 καὶ
1059 936 1098 1001 έν
1110 937 1206 1019 μέρει·

199 1040 330 1104 ἕκαστοι
346 1033 524 1120 ἐμάχοντο,
545 1031 634 1120 πλήν
650 1037 815 1101 Φωκέων
837 1025 932 1101 οὗτοι
948 1035 986 1100 δὲ
998 1031 1080 1111 ές
1045 1058 1083 1100 το
1101 1025 1206 1117 οὖρος

200 1134 389 1219 ἐτάχθησαν
406 1133 613 1218 φυλάξοντες
627 1130 689 1218 τήν
706 1129 865 1217 άτραπόν.
899 1128 945 1210 ὥς
965 1134 1002 1200 δδ
1021 1129 1122 1200 οὐδέν
1145 1130 1206 1199 εύ-
1292 1208 1293 1213 1

198 1252 316 1320 ρισκον
337 1229 553 1318 ἀλλοιότερον
569 1236 604 1299 οί
614 1234 741 1317 Πέρσαι
761 1225 784 1315 ή
802 1236 842 1319 τῃ
860 1236 1040 1317 προτεραίῃ
1055 1228 1204 1316 ένόρων,
1292 1296 1293 1301 ,

131 1354 184 1410 213
198 1326 404 1418 άπήλαυνον.
439 1327 654 1417 Ἀπορέοντος
670 1330 706 1395 δὲ
720 1330 889 1416 βασιλέος,
906 1325 971 1395 ότι
983 1326 1144 1416 χρήσηται
1158 1333 1205 1418 τῷ

199 1427 358 1515 παρεόντι
372 1428 557 1514 πρήγματι,
575 1425 747 1512 Ἐπιάλτης
761 1424 779 1493 δ
795 1423 1001 1516 Εὐρυδήμου
1021 1424 1108 1514 ἀνήρ
1123 1435 1206 1511 Μη-
1293 1432 1294 1467 ¹

200 1523 291 1605 λιεδς
301 1518 390 1612 ήλθέ
398 1531 432 1594 οί
441 1529 474 1604 ές
484 1525 607 1611 λόγους
619 1522 663 1603 ὡς
673 1528 758 1610 μέγα
769 1552 801 1591 τι
811 1522 901 1611 παρά
913 1528 1065 1611 βασιλέος
1076 1526 1205 1592 δοκέων

201 1631 364 1707 οἴσεσθαι,
381 1623 508 1707 ἔφρασέ
515 1649 552 1690 τε
562 1620 624 1708 τήν
635 1618 786 1707 ἀτραπόν
796 1620 858 1708 τήν
873 1618 928 1689 διὰ
939 1629 1000 1690 τοῦ
1012 1621 1130 1707 οόρεος
1142 1626 1205 1709 φέ-

201 1741 330 1807 ρουσαν
347 1724 380 1800 ές
392 1724 629 1810 Θερμοπύλας,
646 1725 701 1791 καὶ
716 1725 890 1810 διέφθειρε
906 1721 984 1802 τούς
998 1724 1103 1812 ταύτῃ
1116 1721 1203 1791 ὑπο-

198 1824 376 1907 μείναντας
387 1818 567 1908 Ἐλλήνων.
590 1821 733 1906 ὕστερον
748 1823 785 1889 δὲ
797 1825 908 1901 δείσας
917 1826 1203 1909 Λακεδαιμονίους

200 1923 306 2002 έφνγε
326 1919 359 1997 ές
374 1926 576 2007 Θεσσαλίην,
595 1926 653 1988 καί
668 1924 701 1987 οί
716 1919 860 2005 φυγόντι
881 1916 947 1986 ὑπό
963 1927 1031 1988 τῶν
1044 1915 1203 2006 Πυλαγό·
1292 1956 1296 1986 ι,

199 2041 286 2101 ρων,
301 2023 369 2084 τόν
380 2015 636 2105 Ἀμφικτυόνων
647 2023 680 2099 ές
693 2017 756 2104 τήν
767 2024 922 2103 Πυλαίην
936 2025 1204 2109 συλλεγομένων,

200 2111 365 2201 άργύριον
382 2118 604 2203 ἐπεκηρύχθη.
627 2119 739 2207 χρόνῳ
754 2119 791 2184 δὲ
804 2114 964 2202 ὕστερον,
980 2124 1126 2203 κατῆλθε
1138 2115 1202 2201 γάρ

200 2215 233 2290 ἐς
244 2210 458 2300 Ἀντικύρην,
475 2212 626 2283 ἀπέθανε
641 2214 707 2283 ὑπό
720 2213 929 2301 Ἀθηνάδεω,
945 2212 1069 2303 άνδρδς
1083 2223 1205 2302 Τρηχι-

199 2316 285 2376 νίου.
309 2307 327 2376 ὁ
346 2311 383 2377 δὲ
393 2307 581 2398 Ἀθηνάδης
596 2305 694 2391 οὗτος
706 2310 877 2380 ἀπέκτεινε
892 2313 955 2398 μέν
967 2309 1144 2399 Ἐπιάλτην
1157 2310 1202 2381 δι’

199 2405 305 2494 άλλην
318 2414 443 2496 αίτίην,
458 2410 521 2497 τήν
535 2409 599 2497 έγοδ
615 2413 653 2478 έν
666 2425 751 2479 τοῖσι
762 2408 885 2479 ὄπισθε
895 2411 1025 2496 λόγοισι
1036 2414 1202 2497 σημανέω,

199 2507 340 2593 ἐτιμήθη
351 2511 465 2593 μέντοι
476 2507 937 2599 ὑπόΛακεδαιμονίωνούδλν
945 2512 1053 2578 ἕσσον.
1072 2508 1205 2579 Ἐπιάλ-

133 2620 186 2677 214
200 2633 258 2693 της
272 2605 335 2692 μὲν
350 2604 439 2673 οὕτω
456 2605 600 2697 ὕστερον
613 2610 744 2678 τούτων
760 2608 920 2679 άπέθανε.
933 2607 1023 2678 ’Ἐστι
1039 2610 1077 2676 δδ
1093 2612 1204 2695 ἕτερος

198 2705 378 2825 λεγόμενος
392 2705 509 2795 λόγος,
526 2704 571 2788 ὡς
581 2706 717 2798 Ὀνήτης
730 2736 766 2778 τε
781 2707 800 2778 δ
813 2708 1019 2794 Φαναγόρεω
1032 2703 1120 2793 αἰνήρ
1132 2713 1204 2774 Κα-

199 2805 333 2888 ρύστιος
343 2807 399 2871 καὶ
410 2804 627 2892 Κορυδαλδς’
624 2808 831 2895 Αντικυρεύς
841 2813 904 2875 εἰσι
915 2811 949 2874 οί
958 2815 1110 2882 είπαυτες
1120 2801 1204 2889 πρός

197 2903 336 2985 βασιλέα
358 2901 500 2982 τούτους
520 2903 600 2984 τούς
619 2906 759 2994 λόγους,
788 2908 843 2974 καί
861 2905 1144 2991 περιηγησάμενοι
1164 2901 1201 2971 τό

198 2990 300 3084 ούρος
312 3013 398 3068 τοῖσι
413 3008 577 3091 Πέρσῃσι,
595 3003 872 3092 ούδαμωςίμοιγε
883 3003 1007 3082 πιστός.
1021 3002 1202 3087 τοῦτομὲν

196 3120 262 3181 γαρ
277 3101 361 3184 τῷδε
374 3124 435 3185 χρη
451 3102 772 3191 σταθμώσασθαι]
751 3130 803 3172 οτι
818 3108 895 3171 οί
863 3110 931 3171 ταῖν
945 3100 1115 3190 Ἑλλήνων
1128 3107 1203 3168 Πυ-

198 3194 338 3279 λαγόραι
351 3197 610 3282 ἐπεκήρυξαν’
570 3227 633 3270 ουκ
644 3206 696 3271 ἐπὶ
708 3200 825 3292 Ὀνήτῃ
835 3229 871 3270 τε
881 3205 936 3271 καί
942 3197 1160 3292 Κορνδαλω’
1141 3226 1203 3284 αρ-

197 3293 318 3376 γύριου
333 3290 407 3358 ἀλλ’
424 3296 476 3362 έπλ
494 3293 693 3390 Ἐπιάλτῃ
662 3308 708 3367 τῶ
727 3307 908 3424 Τρηχινίῃ,
929 3300 1063 3377 πάντως
1083 3322 1149 3366 κου
1164 3295 1201 3367 τό

198 3390 436 3476 ἀτρεκέστατον
446 3397 648 3487 πυθόμενοι,
659 3408 759 3470 τοῦτο
771 3402 808 3469 δὲ
818 3401 989 3488 φεύγοντα
999 3396 1059 3467 τόν
1070 3396 1203 3467 Ἐπιάλ-

197 3517 258 3575 την
280 3494 406 3579 ταύτην
422 3493 484 3583 τήν
501 3502 609 3584 αἰτίην
631 3506 778 3588 οἴδαμεν.
809 3504 909 3585 εἰδείη
928 3497 1046 3586 μέν
1006 3524 1072 3584 γαρ
1089 3493 1134 3569 όν
1149 3500 1203 3568 καλ

198 281 261 344 214
577 282 826 345 HERODOTI
