2606 3920
173 230 235 293 212
546 232 798 292 HERODOTI

172 391 234 474 μὲν
248 387 290 457 ού
303 385 341 456 τό
356 391 597 475 στρατόπεδον·
625 390 704 470 τούς
723 392 789 477 γάρ
803 397 872 458 έσω
883 398 1102 479 τεταγμένους
1117 401 1182 461 τοῦ
1289 382 1290 403 ³

172 493 310 575 τείχεος,
331 486 368 556 τδ
387 487 644 573 ἀνορθώσαντες
663 486 753 575 εἶχον
769 490 807 557 ἐν
821 498 974 580 φυλακῇ,
995 489 1058 559 ούκ
1072 486 1127 558 οἷά
1142 516 1180 558 τε

171 579 216 671 ἦν
230 588 441 656 κατιδέσθαι·
464 585 482 656 ὁ
501 592 538 656 δέ
553 585 633 666 τούς
648 594 710 668 ἔξω
724 587 913 674 ἐμάνθανε,
933 601 1018 657 τοῖσι
1034 585 1099 672 πρὸ
1115 593 1179 655 τοῦ

171 692 294 771 τείχεος
303 683 344 753 τά
359 685 447 754 ὅπλα
458 690 574 754 ἐκέετο.
591 692 709 771 ἔτυχον
721 685 758 754 δέ
767 691 890 753 τοῦτον
899 682 960 753 τόν
970 687 1095 770 χρόνον
1106 692 1179 752 Λα-

173 783 380 869 κεδαιμόνιοι
394 788 455 864 ἔξω
469 790 672 871 τεταγμένοι.
695 781 776 862 τούς
789 786 852 869 μὲν
866 780 907 868 δὴ
924 783 994 869 ὥρα
1009 788 1179 870 γυμναζο-

172 882 295 967 μένους
313 889 382 949 τῶν
398 879 551 969 ἀνδρῶν,
572 881 653 962 τοὺς
666 883 703 950 δὲ
723 878 782 959 τὰς
796 882 902 967 κόμας
915 885 1176 968 κτενιζομένους.

172 985 276 1046 ταῦτα
291 976 332 1064 δὴ
347 980 524 1067 θησόμενος
538 981 711 1067 έθύυμαξε
726 982 782 1047 καί
795 976 834 1045 τό
849 985 979 1065 πλῆθος
994 979 1176 1065 ἐμάνθανε.

173 1074 295 1161 μαθάν
312 1081 348 1146 δὲ
369 1078 478 1146 πάντα
496 1079 658 1165 ἀτρεκέως
678 1076 851 1164 ἀπήλαυνε
872 1074 978 1145 ὀπίσω
999 1075 1072 1145 κατ’
1090 1075 1180 1162 ἡσυ-

95 1176 100 1185 ’
172 1180 262 1259 χίην·
286 1173 363 1242 οὔτε
377 1176 442 1263 γάρ
459 1204 507 1256 τις
523 1181 655 1263 ἐδίωκε,
678 1174 814 1268 ἀλογίης
828 1190 864 1242 τε
879 1175 1021 1261 ἐκύρησε
1035 1181 1178 1260 πολλῆς·

173 1271 335 1341 ἀπελθόν
355 1273 392 1342 δὲ
412 1281 505 1361 έλεμε
525 1274 610 1359 πρὸς
625 1276 747 1361 ,Ξέρξεα
767 1272 887 1359 τάπερ
908 1270 1040 1340 ὀπώπεε
1056 1272 1177 1339 πάντα.

105 1394 157 1447 209
169 1371 319 1443 Ἀκούων
333 1377 371 1444 δὲ
380 1378 503 1464 Ξέρξης
514 1376 578 1444 ούκ
593 1375 656 1462 εἶχε
668 1376 899 1462 συμβαλέσθαι
913 1372 950 1440 τό
966 1370 1033 1458 έδν,
1049 1370 1101 1439 ότι
1111 1395 1180 1438 πα-

174 1474 431 1560 ρασκευάζοιντο
448 1473 493 1552 ὡς
508 1472 734 1560 ἀπολερζιιενοί
748 1497 783 1540 τε
800 1475 855 1539 καλ
873 1469 1072 1548 ἀπολέοντες
1094 1467 1179 1536 κατὰ

174 1571 336 1656 δύναμιν
359 1568 433 1638 ἀλλ’
451 1569 541 1662 αύτῷ
551 1581 664 1659 γελοῖα
678 1570 743 1656 γάρ
756 1573 935 1657 ἐφαίνοντο
945 1573 1083 1654 ποιέειν,
1098 1594 1159 1654 μετ

174 1671 341 1752 επέμυατο
357 1669 563 1756 Δημάρητον
576 1667 637 1737 τόν
650 1668 846 1753 Ἀρίστωνος
861 1667 959 1737 έόντα
969 1670 1007 1735 ἐν
1017 1673 1063 1757 τῷ
1074 1685 1179 1752 στρα·

173 1771 309 1857 τοπέδῳ.
339 1765 546 1854 ἀπικόμενον
562 1770 601 1835 δέ
612 1795 672 1854 μιν
686 1769 804 1853 είράτα
822 1769 945 1851 Ξέρξης
959 1768 1080 1833 ἕκαστα
1097 1764 1180 1831 τού·

173 1891 258 1951 των,
279 1865 408 1933 ἐθέλων
421 1877 545 1954 μαθεῖν
558 1865 595 1933 τδ
614 1865 818 1951 ποιεύμενον
831 1863 915 1949 πρὸς
929 1870 998 1931 τόν
1012 1868 1170 1931 Αακεδαι-
1282 1888 1285 1895 ·

173 1968 309 2048 μονίων.
333 1959 351 2030 ὁ
368 1965 404 2031 δὲ
416 1961 500 2031 εδπε·
514 1963 684 2042 Ἤκουσας
697 1966 760 2049 μέν
769 1988 834 2049 μευ
845 1963 1087 2049 καὶπρότερον,
1103 1955 1179 2028 εὖτε
1295 1950 1299 1985 ”

174 2057 339 2148 ὥρμῶμεν
360 2065 413 2132 έττλ
433 2061 496 2151 τὴν
511 2061 668 2150 Ἑλλάδα,
689 2066 765 2147 περὶ
786 2069 854 2130 τῶν
875 2060 1011 2149 ἀνδρῶν
1031 2064 1178 2130 τούτων·

174 2155 321 2239 ἀκούσας
335 2161 371 2228 δὲ
384 2161 512 2245 γέλωτά
526 2188 567 2247 με
583 2168 665 2242 ἔθευ
679 2164 818 2246 λέγοντα
832 2167 873 2248 τῇ
887 2182 950 2247 περ
966 2159 1064 2245 τύρων
1078 2162 1180 2245 ἐκβη-

174 2259 300 2345 σόμευα
311 2259 487 2347 πρήγματα
498 2267 611 2328 ταῦτα.
636 2263 708 2347 ἐμοὶ
719 2258 784 2347 μάρ
795 2258 856 2346 την
867 2256 1033 2347 ἀληθείην
1043 2257 1180 2327 ἀσκέειν

173 2353 271 2424 ἀντία
285 2362 363 2441 σεῦ,
385 2349 412 2425 ά
425 2364 582 2443 βασιλεῦ,
597 2355 691 2443 ἀμύν
705 2356 858 2443 μέγιστός
872 2359 950 2425 έστι
979 2353 1128 2423 ἀκουσον
1142 2358 1180 2424 δὲ

173 2456 229 2520 καὶ
242 2460 316 2520 νῦν.
333 2459 368 2521 οί
376 2452 497 2539 ἀνδρες
509 2447 602 2521 οὗτοι
614 2452 770 2523 ἀπίκαται
781 2456 1001 2542 μαχεσόμενοι
1011 2452 1091 2542 ἡμῖν
1102 2458 1181 2540 περὶ

173 2558 231 2637 τῆς
244 2550 381 2636 ἐσόδου,
397 2553 453 2620 καλ
467 2558 570 2619 ταῦτα
584 2554 901 2641 παρασκευάζονται.
925 2552 1029 2638 νόμος
1038 2553 1104 2639 γάρ
1117 2572 1180 2638 σφι

175 2646 264 2717 οὕτω
284 2654 368 2749 §mv
388 2652 471 2719 ἐστί·
498 2648 599 2719 ἐπεάν
619 2653 763 2738 μέλλωσι
788 2652 1003 2721 κινδυνεύειν
1017 2659 1057 2741 τῇ
1077 2657 1179 2740 ψυχῇ,

174 2748 249 2816 τότε
259 2746 318 2827 τὰς
329 2747 477 2836 κεφαλάς
488 2754 694 2836 κοσμέονται.
718 2754 874 2820 ἐπίστασο
887 2753 934 2839 δὲ,
950 2758 981 2820 εί
993 2751 1134 2829 τούτους
1144 2776 1179 2817 τε

175 2850 230 2914 καλ
246 2846 284 2914 τδ
306 2845 478 2935 ὑπομένον
493 2852 531 2917 έν
547 2850 689 2938 Σπάρτη
709 2852 966 2937 καταστρέψεαι,
988 2856 1057 2918 έστι
1076 2846 1180 2917 οὐδὲν

173 2941 254 3011 ἀλλο
269 2948 371 3024 ἔθνος
381 2942 587 3034 ἀνθρώπων,
602 2946 641 3015 τό
651 2966 701 3033 σε,
713 2953 863 3033 βασιλεῦ,
878 2943 1055 3032 ὑπομενέει
1069 2960 1181 3033 χεῖρας

174 3038 449 3128 ἀνταειρόμενον·
481 3052 547 3112 νύν
566 3044 631 3130 γάρ
653 3042 738 3131 πρός
758 3051 936 3132 βασιληίην
949 3072 985 3113 τε
1001 3051 1181 3129 καλλίστην

173 3147 241 3207 τῶν
257 3138 433 3227 ένἝλλησι
449 3149 653 3230 προσφέρεαι
668 3149 724 3213 καὶ
739 3143 864 3230 ἀνδρας
875 3142 1038 3231 ἀρίστους.
1062 3145 1181 3233 Κάρτα

173 3264 209 3305 τε
226 3236 266 3325 δὴ
279 3237 400 3308 ἀπιστα
411 3244 516 3329 Ξέρξη
528 3244 683 3327 ἐφαίνετο
694 3241 735 3310 τά
745 3245 910 3329 λεγόμενα
922 3241 1018 3328 εἶναι,
1035 3246 1089 3311 καὶ
1101 3244 1179 3310 δεύ-

174 3360 252 3420 τερα
269 3336 447 3424 ε’πειρτότα,
463 3337 580 3406 ὅντινα
594 3341 722 3426 τρόπον
745 3347 898 3425 τοσοῦτοι
914 3341 1026 3420 ἐόντες
1039 3349 1079 3430 τῇ
1094 3344 1177 3409 ἑωυ·

175 3441 235 3500 τοῦ
247 3444 382 3525 στρατιῇ
392 3441 598 3533 μαχέσονται.
621 3439 639 3509 ὁ
651 3443 687 3510 δὲ
698 3441 783 3510 εἶπε·
802 3435 841 3508 Ὠ
852 3448 1003 3528 βασιλεύ,
1015 3443 1086 3527 ἐμοὶ
1097 3448 1178 3526 χρά·
