2618 3928
352 243 355 250 '
384 243 469 298 LIB.
500 242 548 301 vl.
585 240 684 298 CAP.
713 245 847 302 67—70.
1075 242 1120 307 89

13 384 14 397 ¹
113 403 176 487 γάρ
194 423 226 469 τι
242 398 409 486 πρότερον
424 399 568 468 ἐλθόντα
584 402 640 467 καί
656 401 910 486 συνευνηθέντα
927 405 1050 472 δοῦναί
1059 428 1117 492 μοι

120 499 191 579 ἰούς
205 495 402 583 στεφάνους.
424 494 533 582 ὁρέων
550 498 589 565 δέ
602 522 643 582 με
657 499 913 585 κατομνυμένην
926 496 945 567 6
958 497 1125 586 'Aetam

112 604 233 683 ἔμαθε,
254 591 407 675 ύςθείου
419 603 470 680 είη
482 590 520 662 τό
532 599 676 680 πρῆγμα.
700 595 864 663 καὶτοῦτο
877 595 984 682 μένοί
992 600 1118 684 στέφα-

12 760 15 791 5
112 723 164 765 νοι
181 694 356 781 ἐφάνησαν
370 692 481 771 ἐόντες
501 694 538 760 ἐκ
553 698 613 759 τού
631 688 760 778 ἡρωίου
779 699 841 761 τοῦ
855 690 946 780 παρὰ
959 700 1033 783 τῇσι
1047 695 1116 765 θύ·

112 813 187 883 ρησι
201 799 276 880 τῇσι
289 789 441 880 αὐλείῃσι
452 791 646 876 ἱδρυμένου,
660 787 698 857 τό
709 791 867 859 καλέουσι
877 787 1117 880 Ἀστραβάκου,

110 891 257 963 τοῦτοδὲ
271 895 306 959 οί
313 890 450 977 μάντιες
465 887 526 957 τόν
539 884 644 957 αὐτόν
654 895 775 958 τούτου
788 887 883 978 ἥρωα
897 887 1056 978 ἀναίρεον
1067 887 1115 958 εί-

111 1019 175 1061 ναι.
198 989 287 1059 ούτω
308 986 366 1078 δὴ,
391 981 513 1076 duas,
536 993 619 1075 ἔχεις
640 993 726 1073 πᾶν,
751 986 835 1057 ὅσον
853 1015 885 1056 τι
905 989 961 1058 καί
976 988 1115 1074 βούλεαι

109 1091 291 1160 πυθέσθαι.
319 1084 342 1177 ἢ
356 1085 422 1176 γὰρ
437 1089 474 1155 ἐκ
489 1091 551 1155 τού
563 1084 674 1173 ἥρωος
686 1085 809 1156 τούτου
819 1087 977 1174 γέγονας,
992 1091 1052 1154 καί
1062 1110 1115 1154 τοι
1147 1145 1150 1150 .

109 1192 218 1280 πατήρ
234 1192 303 1259 ἐστι
315 1186 540 1275 Ἀστράβακος
553 1182 572 1253 6
588 1184 694 1274 ἥρως,
708 1180 731 1273 ἢ
744 1183 919 1274 Ἀρίστων·
940 1189 978 1256 ἐν
996 1185 1061 1272 γάρ
1077 1205 1113 1254 σε

108 1298 148 1381 τῇ
157 1291 254 1360 νυκτί
264 1290 368 1377 ταύτη
378 1286 583 1374 ἀναιρέομαι.
602 1293 642 1375 τῇ
654 1289 694 1355 δέ
702 1304 763 1355 σευ
773 1286 916 1374 μάλιστα
925 1284 1113 1356 κατάπτον-

108 1419 162 1460 ται
175 1395 209 1459 οί
223 1390 353 1477 ἐχθροί,
368 1390 537 1476 λέγοντες,
552 1383 598 1467 ὥς
612 1384 713 1466 αύτός
727 1384 745 1456 6
759 1384 935 1476 Ἀρίστων,
951 1387 1006 1456 ὅτε
1020 1385 1114 1479 αύτῷ

109 1487 151 1557 σύ
166 1485 334 1575 ἠγγέλθης
349 1487 609 1572 γεγεννημένος,
624 1491 760 1554 πολλῶν
775 1482 971 1555 ἀκουόντων
985 1482 1026 1554 ού
1044 1484 1112 1572 φή-

107 1589 176 1656 σειέ
191 1605 229 1654 σε
243 1586 372 1652 ἑωυτοῦ
387 1581 489 1667 εἶναι,
503 1578 564 1650 τὸν
576 1580 701 1670 χρόνον
713 1578 790 1671 γάρ,
804 1577 884 1662 τούς
899 1582 979 1650 δέκα
993 1586 1113 1667 μῆνας,

106 1681 234 1753 ούδέκω
245 1680 385 1769 ἐξήκειν,
401 1678 531 1769 ἀιδρείη
540 1685 611 1748 τῶν
620 1678 783 1748 τοιούτων
793 1680 919 1757 ἐκεῖνος
932 1683 1032 1747 τούτο
1046 1674 1111 1745 ἀπ·

106 1785 221 1867 ε’ρριψε
231 1776 268 1848 τό
281 1784 368 1859 ἔπος.
383 1786 533 1849 τίκτουσι
545 1776 611 1865 γάρ
623 1791 780 1864 γυναῖκες
790 1780 846 1846 καὶ
857 1777 1045 1864 ἐννεάμηνα
1055 1777 1111 1843 καί

105 1877 295 1964 ἑπτάμηνα,
316 1877 373 1945 καί
393 1873 435 1944 ού
451 1883 556 1945 πᾶσαι
571 1878 651 1947 δέκα
671 1882 777 1963 μῆνας
791 1876 1016 1944 ἐκτελέσασαι·
1044 1868 1123 1958 ἐγω

9 1967 10 1975 ¹
104 1979 142 2047 δέ
162 1976 216 2062 σε,
240 1966 357 2061 όπαί,
378 1977 569 2062 ἑπτάμηνον
585 1981 708 2045 ἐτεκον.
740 1981 826 2064 ἔγνω
844 1973 880 2043 δὲ
900 1974 956 2043 καί
970 1966 1071 2050 αύτός
1091 1966 1109 2037 6

99 2073 260 2160 Ἀρίστων
274 2070 316 2141 ού
329 2070 412 2159 μετὰ
423 2069 551 2143 πολλόν
563 2073 705 2162 χρόνον,
723 2071 768 2154 ὡς
781 2070 901 2161 ἀγνοίη
909 2068 947 2140 τό
962 2076 1040 2149 ἔπος
1053 2071 1109 2137 ἐκ·

102 2173 202 2263 βάλοι
216 2176 324 2239 τοῦτο.
353 2171 477 2257 λόγους
491 2173 529 2242 δέ
542 2172 664 2254 ἀλλους
678 2175 753 2263 περὶ
765 2174 915 2259 γενέσιος
929 2177 987 2257 τῆς
1001 2186 1109 2237 σεωυ-
1297 2214 1298 2235 2

101 2278 163 2341 τοῦ
177 2266 222 2359 μὴ
237 2270 349 2338 δέκεο·
365 2265 407 2338 τά
421 2265 487 2358 γὰρ
502 2266 712 2357 ἀληθέστατα
722 2269 833 2339 πάντα
842 2267 997 2356 ἀκήκοας.
1021 2266 1109 2336 έκδέ
1297 2260 1298 2337 6

101 2368 304 2458 ὀνοφορβῶν
318 2365 410 2460 αύτςό
426 2395 462 2438 τε
476 2379 624 2459 Λευτνχί
642 2399 663 2461 η
678 2374 733 2443 καὶ
753 2383 839 2440 τοῖσι
855 2376 958 2440 ταῦτα
972 2373 1109 2456 λέγουσι
1295 2342 1298 2425 6

99 2475 243 2538 τίκτοιεν
256 2471 294 2536 αί
305 2482 463 2555 γυναῖκες
476 2376 688 2595 παίδαςηάῌ
696 2470 759 2557 μὲν
780 2466 821 2557 δὴ
837 2476 941 2537 ταῦτα
955 2474 1064 2557 ἐλεγε,
1086 2465 1104 2538 6
1123 2482 1160 2539 70

100 2569 138 2638 δέ
149 2565 391 2663 πνθόμενόςπε
401 2564 442 2634 τὰ
449 2568 606 2655 ἐβούλετο
617 2568 798 2638 καίέπόδιω
807 2565 921 2655 λαβύν
929 2566 1106 2653 ἐπορεύετο

100 2668 135 2745 ἐς
149 2659 263 2752 Ἦλιν,
282 2672 328 2755 τῷ
348 2665 439 2757 λόγῳ
454 2664 538 2753 φάς,
560 2664 604 2746 ὡς
620 2669 653 2746 ἐς
665 2664 825 2754 Δελφούς
844 2664 1049 2753 χρησόμενος
1061 2673 1108 2758 τῷ

100 2767 288 2853 χρηστηρίῳ
303 2761 490 2846 πορεύεται.
513 2764 774 2852 Λακεδαιμόνιοι
789 2768 826 2835 δέ
837 2763 1108 2852 ὑποτοπηθέντες

99 2859 308 2949 Δημάρητον
321 2863 458 2952 δρησμῷ
474 2864 667 2948 ἐπιχειρέειν
683 2865 831 2933 ἐδίωκον.
860 2868 920 2933 καί
933 2888 1000 2943 κως
1015 2868 1106 2950 ἔφθη

98 2956 953 3049 ἐςΖάκυνθονδιαβάςὁΔημάρητοςέκτῆςἭλιδος.
977 2964 1107 3046 ἐπιδια-

97 3058 219 3145 βάντες
232 3056 270 3126 δὲ
289 3062 325 3127 οί
335 3059 596 3145 Λακεδαιμόνιοι
615 3057 720 3129 αύτοῦ
734 3087 770 3130 τε
790 3059 935 3129 ἅπτοντο
954 3063 1009 3129 καλ
1026 3059 1106 3141 τούς

96 3154 312 3240 θεράποντας
327 3153 432 3226 αὐτόν
447 3155 673 3247 ἀπαιρέονται.
701 3158 784 3246 μετά
798 3161 851 3248 δέ,
867 3159 909 3229 ού
922 3158 988 3247 γάρ
1002 3163 1107 3240 ἐξεδί-

96 3258 203 3322 δοσαν
223 3251 331 3323 αάτόυ
352 3260 386 3325 οί
396 3256 602 3345 Ζακύνθιοι,
624 3259 785 3329 ἐνθεῦτεν
808 3263 973 3347 διαβαίνει
993 3259 1026 3337 ἐς
1042 3253 1106 3344 την

95 3347 206 3437 Ἀσίην
222 3349 313 3437 παρά
328 3347 468 3445 βασιλέα
482 3366 640 3439 Δαρείου.
664 3353 682 3424 6
699 3353 736 3425 δέ
752 3353 933 3438 ὑπεδέξατό
950 3381 985 3423 τε
1000 3353 1105 3422 αὐτὸν

92 3452 281 3533 μεγαλωστί
296 3454 353 3520 καὶ
366 3458 432 3540 γῆν
445 3479 481 3521 τε
495 3454 551 3521 καί
567 3452 664 3534 πόλις
678 3457 791 3522 ἔδωκε.
813 3452 903 3522 οὕτω
918 3449 1054 3520 ἀπίκετο
1072 3455 1105 3528 ἐς
