2606 3920
318 244 404 299 Ll-B.
438 244 506 300 ναι.
539 245 638 301 οΑν.
667 249 882 316 μοι-ιον.
1043 242 1106 307 285

104 408 309 489 Αθηναίους,
328 396 599 486 ἀναμνησθέντες
610 407 677 467 τῶν
687 408 811 487 λογίων
824 401 867 481 ῶς
878 420 982 489 σφεας
996 405 1104 492 χρεῶν

104 506 172 571 ἐστι
188 498 256 586 άμα
270 512 356 567 τοῖσι
371 497 499 567 άλλοισι
510 506 680 582 Δωριεῦσι
697 501 867 568 ἐκπίπτειν
882 504 918 570 ἐκ
930 511 1104 591 Πελοπον-

17 662 19 675 ,
104 599 209 685 νήσου
224 594 291 665 ὑπδ
306 596 438 682 Μήδων
451 622 487 663 τε
501 600 556 664 καὶ
569 593 775 683 Ἀθηναίων,
798 598 903 682 κάρτα
922 626 958 668 τε
973 606 1103 670 ἔδεισαν

103 697 146 785 μή
159 688 389 784 ὁμολογήσωσι
399 702 445 786 τῶ
451 696 564 782 Πέρση
575 693 758 783 Ἀθηναῖοι,
767 693 885 768 αὐτίκα
895 701 933 766 τέ
941 718 1002 783 σφι
1013 703 1104 779 ἔδοξε

102 799 244 881 πέμπειν
259 793 428 882 άγγέλους.
457 796 512 862 καλ
528 792 568 880 δή
584 798 765 863 συνέπιπτε
785 792 869 862 ῶστε
890 792 975 881 ὁμοῦ
990 798 1104 880 σφέων

102 901 257 980 γίνεσθαι
270 892 332 980 τήν
342 893 552 961 κατάστασιν.
576 895 797 979 ἐπανέμειναν
807 891 872 980 γάρ
888 898 922 961 οί
929 892 1102 980 Ἀθηναῖοι

102 998 335 1080 διατρίβοντες,
352 985 392 1060 εὑ
403 992 615 1078 ἐπιστάμενοι
629 991 679 1060 ότι
692 998 831 1078 ἔμελλον
842 992 1101 1078 Λακεδαιμόνιοι

100 1090 286 1158 πεύσεσθαι
296 1088 423 1177 ἥκοντα
433 1086 523 1172 παρὰ
535 1096 596 1157 τοῦ
608 1089 784 1177 βαρβάρου
795 1088 938 1176 ἄγγελον
953 1088 1005 1158 ἐπ’
1019 1088 1102 1177 ὁμο-

100 1196 206 1277 λογίη,
224 1187 415 1275 πυθόμενοί
425 1213 459 1256 τε
474 1189 618 1274 πέμψειν
631 1186 714 1256 κατά
725 1184 822 1274 τάχος
837 1187 1007 1276 άγγέλονς.
1029 1192 1102 1258 έπί-

99 1293 195 1377 τηδες
210 1282 260 1356 ῶν
273 1291 423 1373 ἐποίευν,
440 1286 690 1374 ἐνδεικνύμενοι
707 1302 792 1356 τοῖσι
807 1295 1101 1376 Λακεδαιμονίοισι

98 1386 161 1476 τήν
175 1389 309 1456 έωντῶν
328 1386 476 1474 γνῶμην.
510 1383 568 1465 Ὡς
586 1386 622 1453 δέ
640 1386 806 1454 έπαύσατο
824 1389 931 1472 λέγων
946 1385 1101 1466 Ἀλέξαυ-
1119 1395 1169 1450 142

99 1495 194 1576 δρος,
228 1488 457 1574 διαδεξάμενοι
484 1492 599 1572 ἔλεγον
624 1491 657 1554 οί
678 1482 743 1553 άπὸ
757 1485 924 1572 Σπάρτης
948 1484 1099 1573 ἄγγελοι·

92 1589 213 1674 Ἡμέας
235 1586 270 1655 δέ
293 1592 443 1673 ἔπεμψαν
462 1585 722 1671 Λακεδαιμόνιοι
743 1588 964 1670 δεησομένους
986 1583 1099 1673 ὑμέων

97 1686 179 1774 μήτε
193 1686 357 1771 νεῶτερον
371 1686 498 1754 ποιέειν
512 1686 618 1771 μηδὲν
627 1680 710 1751 κατά
726 1680 937 1769 τὴνἙλλάδα
947 1683 1028 1771 μήτε
1039 1684 1099 1752 λό·

12 1820 13 1877 j
97 1809 179 1869 γους
194 1785 388 1851 ἐνδέκεσθαι
402 1780 497 1869 παράΙ
509 1790 569 1850 τοῦ
584 1782 767 1871 βαρβάρου.
797 1778 874 1850 οὐτε
889 1780 953 1868 γάρ
968 1787 1098 1851 δίκαιον

11 1890 13 1913 ⁵
97 1878 268 1965 οὐδαμῶς,
288 1877 363 1947 οὐτε
378 1879 506 1965 κόσμον
521 1883 626 1965 φέρον
637 1876 680 1946 οὐ
695 1884 729 1946 τί
739 1905 777 1965 γε
792 1876 920 1947 άλλοισι
930 1877 1098 1966 Ἑλλήνων

97 1974 289 2064 οὐδαμοῖσι,
312 1974 394 2063 ὑμίν
410 1980 447 2045 δὲ
462 1974 502 2065 δή
524 1979 578 2045 καὶ
599 1975 653 2044 δια
675 1976 812 2045 πάντων
827 1976 944 2062 ἥκιστα
964 1985 1098 2045 πολλῶν

96 2079 240 2143 εἵνεκεν·
275 2071 427 2162 ήγείρατε
441 2074 505 2162 γάρ
526 2075 623 2143 τόνδε
637 2072 697 2142 τόν
717 2074 864 2161 πόλεμον
884 2074 977 2162 ὑμεῖς
998 2073 1097 2143 οὐδέν

96 2171 207 2259 ἡμέων
222 2178 449 2261 βουλομένων,
465 2176 520 2244 καὶ
533 2176 608 2261 περὶ
618 2179 675 2259 τῆς
685 2170 845 2260 ὑμετέρης
860 2171 961 2261 ἀρχῆς
975 2171 992 2242 ὁ
1005 2171 1097 2260 άγῶν

96 2271 241 2355 ἐγένετο·
264 2277 330 2338 νῦν
344 2273 380 2340 δέ
398 2274 492 2359 φέρει
507 2276 562 2341 καί
577 2275 609 2350 ές
622 2278 734 2338 πᾶσαν
747 2269 966 2356 τὴνἙλλάδα.
990 2270 1097 2350 άλλως

96 2395 130 2436 τε
144 2367 274 2435 τούτων
290 2367 450 2438 ἁπάντων
470 2376 595 2448 αίτίους
611 2371 768 2455 γενέσθαι
791 2371 998 2458 δουλοσύνης
1012 2384 1097 2438 τοῖσι

96 2465 230 2552 Ἕλλησι
241 2465 441 2554 Ἀθηναίους
458 2466 613 2557 οὐδαμῶς
625 2466 817 2556 ἀνασχετόν,
833 2472 954 2547 οἵτινες
968 2471 1031 2537 αίελ
1041 2470 1096 2537 καὶ

95 2562 133 2632 ’τό
148 2565 250 2632 πάλαι
263 2573 426 2650 φαίνεσθε
436 2566 581 2646 πολλοὺς
592 2568 879 2652 ἐλευθερῶσαντες
891 2567 1092 2655 ἀνθρώπων.

95 2664 315 2747 πιεζομένοισι
330 2663 474 2749 μέντοι’
456 2680 537 2751 υμῖν
553 2667 805 2755 συναχθόμεθα,
822 2665 911 2735 καὶ”
891 2694 941 2736 οτι
957 2673 1095 2755 καρπῶν

95 2760 296 2878 ἐστερήθητε
305 2764 407 2839 διξῶν
416 2760 490 2850 ήδη,
502 2764 588 2833 καλ’
569 2792 619 2833 οτι
631 2764 886 2851 οἰκοφθόρησθε
897 2766 1021 2851 χρόνον
1031 2764 1095 2854 ἤδη

94 2854 231 2926 πολλόν.
260 2852 334 2923 άντὶ
353 2858 483 2926 τούτων
504 2860 577 2927 δέ’
560 2875 640 2946 υμῖν
658 2864 919 2949 Λακεδαιμόνιοί
937 2892 972 2934 τε
992 2871 1099 2936 καλοί

94 2975 260 3039 συμμαχοι
279 2956 536 3040 ἐπαγγέλλονται
550 2961 711 3043 γυναῖκάς
727 2987 763 3028 τε
778 2961 879 3030 καὶ
843 2990 883 3031 τα
899 2967 932 3044 ές
948 2968 1096 3089 πόλεμον

94 3051 240 3137 άχρηστα
258 3055 412 3121 οίκετέων
426 3055 566 3143 ἐχόμενα
579 3058 688 3126 πάντα
703 3062 917 3150 ἐπιθρέψειν,
933 3061 1040 3133 ἔστ’
1018 3062 1094 3133 ανδ

93 3149 238 3234 πόλεμος
252 3146 309 3216 ὅδε
324 3154 519 3243 συνεστήκῃ
543 3158 626 3242 μηδὲ
640 3154 763 3243 ὑμέας’
758 3163 995 3249 Αλέξανδρος
981 3191 999 3232 ο
1015 3172 1097 3233 Μα-

94 3243 204 3314 κεδῶν
219 3250 416 3340 αναγνῶση,
433 3252 554 3340 λεήνας
567 3253 628 3322 τόν
640 3261 841 3380 Μαρδονίου
852 3259 963 3347 λόγον
987 3264 1094 3354 τούτφ

93 3344 205 3432 μέν
93 3373 230 3435 μγαρ
245 3356 349 3418 ταῦτα
363 3354 499 3473 ποιητέα
514 3358 590 3439 ἐστὶ,
607 3357 773 3443 τύραννος
785 3356 849 3445 γάρ
861 3358 928 3428 ἐῶν
938 3363 1094 3482 τυράννφ

92 3448 400 3535 συγκατεργάζεται,
418 3449 499 3536 ὑμῖν
513 3456 553 3521 δέ
565 3479 602 3539 γε
617 3481 659 3522 ου
648 3452 819 3541 ’ποιητέω
838 3465 871 3523 ελ
881 3480 943 3539 περ
959 3451 999 3524 εὑ
1012 3484 1095 3541 wy-
