2588 3926
75 264 79 269 -
210 217 274 283 314
589 223 840 281 HERODOTI

162 401 197 454 52
213 386 358 465 θαιρῶνι
373 377 647 466 ἀπολελαμμένοι.
680 386 791 448 Ταῦτα
805 379 1071 467 βουλευσόμενοι
1085 380 1219 470 έκείνην
1277 400 1278 413 ³

210 477 272 565 μέν
294 475 356 564 τήν
375 476 504 567 ήμέρην
527 485 639 547 πᾶσαν
658 481 900 565 προσκειμένης
921 486 978 567 τῆς
999 482 1106 557 ἵππου
1128 480 1216 568 εἶχον

210 576 318 661 μόνον
333 574 486 663 ἀτρυτον.
517 572 562 653 ἀς
583 573 619 642 δέ
639 570 712 661 ήτε
733 572 839 661 ήμέρη
854 581 952 663 έληγε
972 581 1028 646 καλ
1050 583 1085 647 οέ
1102 582 1215 656 ίππέες
1277 568 1278 627 Ῐ

210 678 414 762 ἐπέπαυντο,
431 672 553 753 νυκτός
568 671 609 761 δή
626 674 804 761 γινομένης
815 673 871 742 κἀλ
881 675 1002 762 έοόσης
1011 682 1068 763 τῆς
1083 674 1174 767 όρης
1183 680 1215 754 ές

209 770 272 860 τήν
286 770 327 861 δή
342 771 518 842 συνεκέετό
533 790 594 859 σφι
605 769 891 859 ἀπαλλάσσεσθαι,
909 777 1058 842 ἐνθαῦτα
1069 771 1213 859 ἀερθέν·
1277 812 1278 841 3

175 864 183 881 ⁹
210 896 263 951 τες
283 874 319 939 οί
330 873 447 940 πολλοὶ
468 867 738 955 ἀπαλλάσσοντο,
759 872 793 950 ές
809 871 872 957 μὲν
894 869 954 940 τόν
974 880 1087 961 χοῖρον
1106 877 1141 953 ές
1155 871 1213 942 τόν
1277 962 1278 965 ¹

209 970 385 1037 συνεκέετο
406 966 469 1036 οὐκ
490 970 528 1037 έν
547 966 617 1057 νόφ
638 974 784 1054 ἔχοντες,
813 972 848 1036 οί
867 971 904 1037 δέ
925 967 970 1048 ὡς
994 970 1213 1058 ἐκινήθησαν,

209 1075 356 1155 ἔφευγον
370 1067 509 1155 ἀσμενοι
522 1065 585 1154 τήν
598 1071 704 1136 ἵππον
718 1066 802 1155 πρὸς
815 1067 878 1155 τήν
890 1073 1086 1141 Πλαταιέων
1101 1075 1213 1158 πόλιν,

210 1165 393 1253 φεύγοντες
407 1166 444 1234 δέ
458 1163 673 1235 ἀπικνέονται
687 1167 740 1235 ἐπὶ
753 1164 790 1234 τό
799 1163 948 1253 Ἡραίαν.
971 1165 1008 1236 τό
1024 1170 1061 1238 δέ
1074 1168 1141 1255 πρό
1158 1177 1215 1258 τῆς
1277 1250 1278 1255 ¹

209 1263 325 1343 πόλιός
339 1266 408 1333 ἐστι
418 1271 476 1352 τῆς
485 1268 691 1351 Πλαταιέων,
704 1273 809 1333 είκοσι
819 1268 975 1346 σταδίους
985 1264 1050 1337 ἀπό
1061 1275 1119 1356 τής
1129 1270 1211 1357 κρή·
1277 1298 1278 1343 ι

209 1390 269 1451 νης
289 1370 347 1450 τής
362 1369 556 1451 Γαργαφίης
576 1361 709 1449 ἀπέχον.
743 1360 941 1450 ἀπικόμενοι
961 1364 998 1434 δέ
1013 1371 1132 1435 ἔθεντο
1147 1366 1212 1453 πρό

161 1474 196 1528 53
210 1469 272 1532 τοῦ
285 1466 362 1547 ίροῦ
375 1460 415 1530 τὰ
432 1459 527 1531 ὅπλα.
561 1464 627 1531 Καὶ
641 1466 677 1530 οί
685 1459 748 1546 μέν
762 1465 838 1548 περὶ
851 1459 889 1531 τὸ
905 1460 1042 1551 Ἡραῖον
1056 1467 1213 1554 ἐστρατο-

209 1560 402 1645 πεόεάοντο,
407 1565 603 1645 Παυσανίης
615 1559 651 1628 δὲ
663 1556 771 1646 ὁρέων
781 1564 885 1645 σφέας
896 1558 1214 1650 ἀπαλλασσομένους

209 1663 246 1729 ἐκ
267 1666 326 1727 τοῦ
350 1661 575 1747 στρατοπέδου
593 1660 800 1747 παρήγγελλε
822 1664 877 1730 καὶ
898 1676 982 1731 τοίσι
1001 1667 1212 1752 Λακεδαιμο-

209 1763 309 1827 νίοισι
320 1753 551 1846 ἀναλαβόντας
559 1755 601 1826 τά
614 1756 701 1828 ὅπλα
715 1761 801 1828 ίέναι
812 1757 895 1827 κατά
909 1758 988 1840 τούς
1000 1759 1124 1841 ἀλλους
1133 1759 1212 1842 τούς

208 1856 405 1944 προϊόντας,
425 1865 564 1946 νομίσας
585 1855 710 1937 αάτούς
729 1862 762 1938 ές
775 1856 966 1947 τόυ·χο5ρου
980 1864 1082 1949 ίέναι,
1104 1864 1138 1941 ές
1152 1859 1211 1931 τόν
1277 1868 1278 1953 λ

209 1955 451 2042 συνεθήκαντο.
472 1960 622 2026 ἐνθαῦτα
633 1961 668 2025 οί
676 1957 739 2044 μὲν
749 1954 844 2026 ἄλλοι
855 1955 963 2043 ἀρτιοι
975 1951 1063 2047 ἦσαν
1073 1966 1142 2029 τῶν
1153 1987 1210 2030 τα-
1277 1978 1278 2063 ή

208 2054 368 2139 ξιαρχέωυ
382 2061 562 2126 πείθεσθαι
578 2060 774 2143 Παυσανίη,
793 2050 1041 2142 Ἀμομφάρετος
1055 2055 1125 2127 δέὸ
1142 2066 1211 2127 Πο-
1277 2070 1278 2075 ’

207 2151 330 2222 λιάδεω
341 2155 509 2240 λοχηγέων
520 2152 781 2240 τοῦΠιτανήτεω
792 2152 894 2238 λόγου
904 2149 968 2231 οὐκ
979 2159 1043 2240 έφη
1055 2153 1135 2235 τούς
1146 2158 1211 2237 ξεί-

208 2277 290 2330 νους
306 2250 492 2338 φεύξεσθαι
507 2249 586 2320 οὐδὲ
607 2248 694 2320 έκών
710 2248 794 2318 είναι
810 2251 998 2336 αίσχυνέειν
1013 2249 1075 2338 τήν
1090 2254 1212 2340 Σπόρ-

207 2375 285 2436 την,
302 2347 477 2436 έθοέυμαζέ
491 2375 526 2417 τε
541 2346 649 2434 ὁρέων
662 2347 700 2418 τό
715 2348 918 2433 ποιεόμενον
932 2347 990 2416 ἅτε
1004 2346 1047 2417 οὐ
1062 2373 1211 2438 παραγε-

207 2447 350 2533 νόμενος
363 2454 408 2536 τῷ
423 2447 573 2537 προτέρῳ
588 2448 686 2540 λόγφ.
711 2444 778 2515 ὁόέ
787 2448 983 2534 Παυσανίης
997 2471 1033 2515 τε
1043 2445 1126 2516 καλό
1139 2447 1212 2517 Εὐ-

208 2543 336 2631 ρυάναξ
351 2541 465 2610 δεινὸν
485 2543 547 2629 μὲν
564 2544 737 2614 ἐποιεῦντο
757 2542 794 2613 τό
816 2540 861 2631 μή
882 2550 1063 2612 πείθεσθαι
1080 2548 1211 2615 ἐκείνου

207 2649 317 2728 σφίσι,
334 2639 525 2726 δεινότερον
540 2643 576 2710 δέ
590 2647 638 2712 ἔτι
652 2647 784 2713 ἐκείνου
798 2649 901 2711 ταῦτα
917 2646 1110 2729 νευωμένου
1122 2640 1210 2712 ἀπο-

206 2749 316 2809 λιπεῖν
330 2735 389 2805 τόν
403 2737 504 2823 λόχον
518 2737 579 2810 τόν
593 2741 795 2830 Πιτανήτην,
812 2739 857 2828 μή
872 2738 916 2828 ήυ
930 2738 1117 2810 ἀπολίπωσι
1131 2767 1210 2812 ποι-

207 2845 320 2915 εῦντες
334 2833 374 2903 τά
389 2839 622 2927 συνεθήκαντο
636 2857 720 2910 τοῖσι
733 2840 863 2909 ἀλλοισι
872 2838 1023 2926 Ἕλλησι,
1046 2838 1208 2927 ἀπόληται

206 2933 423 3018 ὑπολειφθεὶς
438 2933 538 3017 αὐτός
552 2964 586 3006 τε
606 2936 853 3026 Ἀμομφάρετος
873 2941 928 3006 καλ
950 2942 984 3007 οί
1001 2935 1071 3025 μετ’
1091 2936 1206 3007 αὐτοῦ.

209 3039 320 3102 Ταῦτα
331 3032 538 3121 λογιζόμενοι
548 3034 692 3126 ἀτρέμας
703 3037 791 3126 είχον
802 3036 838 3106 τὸ
851 3036 1077 3125 στρατόπεδον
1087 3036 1124 3106 τό
1136 3048 1208 3109 Λα-

204 3128 367 3216 κωνικόν,
385 3134 441 3200 καὶ
455 3135 636 3219 έπειρολντο
651 3139 825 3215 πείθοντές
839 3163 899 3223 μιν
914 3133 959 3214 ὡς
972 3133 1014 3204 οά
1031 3133 1140 3222 χρεων
1156 3147 1209 3225 είη

155 3245 191 3298 54
204 3238 308 3300 ταῦτα
323 3233 459 3300 ποιέειν.
483 3236 547 3301 Καὶ
564 3240 598 3304 οί
611 3241 675 3322 μὲν
690 3238 939 3324 παρηγορέοντο
956 3231 1209 3321 Ἀμομφάρετον

203 3334 332 3414 μοῦνον
347 3331 622 3415 Λακεδαιμονίων
642 3360 678 3402 τε
699 3336 754 3403 καί
771 3334 961 3419 Τεγεητέων
975 3331 1208 3419 λελειμμένον,
1277 3336 1278 3413 ᾗ

199 3419 371 3508 Ἀθηναῖοι
382 3423 418 3490 δέ
427 3424 561 3494 ἐποίευν
572 3432 698 3499 τοιοίδε·
714 3429 802 3516 εἶχον
814 3425 955 3515 ἀτρέμας
966 3426 1209 3514 σφέαςαάτοάς
1277 3424 1278 3479 3
