2618 3928
220 264 264 332 84
598 269 850 326 HERooorl

220 429 285 518 γάρ
307 426 467 516 άποθάνη
482 425 640 515 βασιλεύς
660 432 952 512 Λακεδαιμονίων,
978 430 1016 496 έκ
1035 429 1143 518 πάσης
1158 434 1226 498 δέει

220 532 478 615 Λακεδαίμονος,
492 530 593 614 χωρίς
602 532 853 613 Σπαρτιητέων,
869 525 1005 619 ἀριθμῷ
1015 535 1085 596 τῶν
1097 537 1228 613 περιοί-

219 652 291 697 κων
306 623 536 712 ἀναγκαστοὺς
550 627 583 704 ές
596 624 633 693 τὸ
650 629 750 712 κῆδος
765 627 868 693 ἰέναι·
886 626 1018 693 τούτων
1029 620 1079 694 ύν
1089 630 1227 694 παλτῶν

220 728 382 795 εἱλωτέων
398 729 465 812 [καὶ
482 721 595 793 αὐτῶν
611 725 861 811 Σπαρτιητέων]
883 721 986 792 ἐπεάν
1000 727 1226 811 συλλεχθέωσι
1298 768 1300 777 ‹

219 827 253 904 ές
264 821 370 893 τάυτδ
384 828 504 892 πολλαὶ
517 823 672 909 χιλιάδες,
686 821 837 908 σύμμιγα
846 829 922 911 τῇσι
933 828 1067 908 γυναιξί
1080 824 1227 892 κύπτον-

219 929 275 989 ταί
286 947 322 989 τε
337 921 523 1007 προθύμως
533 924 588 990 καλ
602 927 730 1009 οίμωγη
740 922 949 1006 διαχρέονται
959 917 1100 1011 άπλέτρ,
1116 920 1225 1008 φάμε·

218 1046 274 1087 νοι
288 1019 349 1088 τὸν
361 1019 506 1087 ὕστατον
521 1023 585 1089 αίελ
601 1017 853 1105 ἀπογενόμενον
865 1026 935 1087 τῶν
948 1023 1129 1108 βασιλέων,
1144 1027 1224 1088 τοῦ·

218 1145 279 1187 τον
292 1117 333 1205 δὴ
348 1121 507 1204 γενέσθαι
522 1117 669 1206 άριστον.
692 1114 775 1196 δςδ”
791 1113 835 1185 ἄν
849 1119 887 1187 έν
901 1121 1034 1209 πολέμηι
1045 1126 1113 1187 των
1126 1126 1225 1206 βασι·

218 1224 305 1289 λέων
319 1217 494 1308 άποθάνη,
508 1220 615 1311 τούτῳ
630 1222 667 1288 δὲ
681 1222 822 1289 εἴδωλον
837 1218 1062 1301 σκευάσαντες
1075 1224 1114 1289 έν
1127 1228 1224 1308 κλίνη

219 1312 259 1388 εύ
275 1322 465 1409 ἐστρωμένη
479 1321 667 1409 ἐκφέρουσι.
691 1317 794 1389 ἐπεὰν
809 1321 847 1389 δέ
860 1319 1009 1406 θάψωσι,
1023 1317 1129 1408 άγορὴ
1144 1325 1225 1389 δέκα
1299 1374 1300 1395 ,

216 1417 369 1506 ἡμερέων
380 1417 443 1487 ούκ
456 1423 589 1489 ἵσταταί
596 1439 667 1506 σφι,
686 1417 761 1487 οὐδ’
778 1417 971 1505 ἀρχαιρεσίη
982 1423 1123 1504 συνίζει,
1139 1415 1224 1486 ύλλὰ
1298 1434 1300 1493 2

170 1543 204 1598 59
219 1525 403 1589 πενθέουσι
414 1520 535 1599 ταύτας
546 1518 603 1599 τάς
614 1517 745 1606 ἡμέρας.
759 1521 998 1604 Συμφέρονται
1009 1515 1046 1585 δέ
1056 1515 1137 1585 άλλο
1149 1515 1225 1584 τάδε

217 1633 302 1688 τοῖσι
316 1619 480 1706 Πέρσησι·
507 1616 611 1685 έπεάυ
626 1615 862 1695 ἀποθανόντος
881 1622 943 1684 τοῦ
958 1618 1111 1702 βασιλέος
1125 1613 1225 1692 ἄλλος

217 1719 384 1802 έυίστηται
405 1713 580 1803 βασιλεύς,
605 1708 741 1794 ούτοςὸ
766 1712 867 1783 έσιων
887 1715 1066 1798 ἐλευθεροῖ
1081 1712 1171 1791 ὅστις
1192 1738 1224 1781 τι
1299 1788 1300 1793 1

217 1814 456 1901 Σπαρτιητέων
470 1819 516 1903 τῷ
530 1808 694 1900 βασιλέιῆ
708 1819 754 1903 τῷ
768 1816 916 1902 δημοσίω
931 1808 1061 1896 ὤφειλε.
1085 1812 1122 1878 έν
1132 1808 1164 1877 δ’
1179 1803 1224 1878 αύ

217 1911 364 1999 Πέρσησι
382 1907 400 1978 ὁ
422 1911 659 1998 κατιστάμενος
676 1908 833 1999 βασιλεύς
854 1906 914 1976 τὸν
934 1909 1219 2009 προοφειλόμενον
1294 1958 1299 1986 ;

167 2036 202 2090 60
217 2009 328 2096 φόρον
343 2017 447 2096 μετίει
460 2019 535 2100 τῇσι
554 2014 668 2081 πόλισι
685 2012 819 2099 πάσησι.
864 2012 1104 2097 Συμφέρυνται
1118 2012 1224 2078 δὲκαὶ

216 2109 296 2176 τάδε
311 2113 523 2195 Αἰγυπτίοισι
537 2109 814 2197 Λακεδαιμόνιοι·
837 2112 872 2176 οί
883 2107 1028 2194 κη’ρυκες
1042 2106 1155 2178 αὐτῶν
1169 2112 1223 2176 καλ

216 2205 356 2294 αὐληταὶ
375 2212 431 2277 καλ
450 2210 604 2295 μάγειροι
619 2213 809 2279 ἐκδέκονται
828 2206 888 2287 τάς
908 2216 1077 2294 πατρωίας
1096 2214 1221 2298 τέχνας,
1298 2220 1299 2223 ’

216 2310 271 2374 καὶ
286 2303 431 2392 αὐλητής
447 2333 483 2374 τε
502 2306 651 2394 αὐλητέω
670 2314 797 2394 γίνεται
814 2310 869 2374 καλ
888 2306 1047 2395 μάγειρος
1061 2317 1222 2397 μαγείρου
1298 2310 1299 2365 ἐ

215 2405 270 2471 καὶ
279 2405 384 2489 κῆρυξ
394 2404 556 2489 κήρυκος·
572 2404 613 2474 ού
624 2405 707 2474 κατά
718 2412 986 2493 λαμπροφωνίην
997 2409 1222 2495 ἐπιτιθέμενοι
1298 2410 1299 2455 λ

215 2501 310 2570 άλλοι
326 2503 431 2587 σφέας
445 2511 704 2592 παρακληίουσι,
723 2501 808 2573 ἄλλά
823 2501 906 2572 κατά
920 2502 962 2571 τὰ
976 2505 1100 2591 πάτρια
1114 2509 1225 2574 έπιτε-

215 2601 338 2669 λέουσι.
360 2600 541 2688 ταῦταμὲν
555 2600 596 2689 δὴ
611 2602 701 2671 οὕτω
717 2608 852 2689 γίνεται.

165 2723 198 2777 61
301 2706 422 2769 ΤΟΤΕ
441 2699 478 2769 δέ
498 2698 560 2769 τὸν
579 2705 769 2788 Κλεομένεα
789 2701 888 2769 έάντα
909 2702 947 2768 έν
968 2708 1008 2791 τῇ
1027 2707 1149 2790 Αἰγίνη
1166 2705 1222 2771 καλ
1297 2762 1298 2771 ,

215 2797 313 2868 κοινοὶ
328 2798 510 2888 τῇἙλλάδι
542 2796 656 2885 ἀγαθὰ
677 2799 964 2886 προεργαζόμενον
985 2798 1003 2866 ὁ
1021 2799 1223 2887 Δημάρητος
1297 2882 1298 2893 ,

214 2899 356 2981 διέβαλε,
370 2893 434 2964 ούκ
445 2902 652 2983 Αἰγινητέων
663 2896 752 2966 οὕτω
764 2898 959 2984 κηδόμενος,
975 2895 1020 2978 ὡς
1032 2898 1153 2990 φθάνω
1166 2902 1222 2967 καὶ

213 2991 279 3081 άγη
289 2991 476 3078 χρεόμενος.
490 2999 680 3082 Κλεομένης
690 2996 727 3065 δὲ
733 2995 896 3084 νοστήσας
905 2992 1111 3083 άπἈίγίνης
1121 2997 1223 3084 έβυύ·

215 3099 292 3159 λευε
306 3089 367 3159 τδν
378 3091 583 3180 Δημάρητον
598 3100 724 3162 παῦσαι
738 3101 795 3181 τῆς
808 3101 997 3182 βασιληίης,
1013 3092 1070 3162 διὰ
1084 3099 1221 3182 πρῆγμα
1295 3108 1297 3137 ⁴

214 3190 346 3260 τοιόνδε
363 3192 516 3276 έπίβασιν
533 3194 566 3287 ές
582 3190 689 3261 αὐτὸν
702 3191 917 3280 ποιεύμενος·
936 3192 1109 3280 Ἀρίστωνι
1122 3202 1221 3283 βασι·

213 3289 347 3356 λεύοντι
361 3293 399 3357 έν
409 3290 550 3380 Σπάρτη
562 3296 618 3360 καὶ
627 3293 772 3379 γήμαντι
783 3308 944 3379 γυναῖκας
955 3294 1018 3362 δύο
1030 3297 1145 3372 παῖδες
1156 3292 1220 3362 ούκ

213 3387 374 3470 έγίνυντυ.
399 3391 454 3456 καλ
465 3387 507 3457 ού
522 3388 589 3476 γάρ
603 3392 868 3477 συνεγινώσκετο
879 3391 981 3471 αὐτὸς
991 3392 1122 3461 τούτων
1134 3390 1219 3460 εἷναι

213 3490 332 3565 αἴτιος,
347 3487 461 3570 γαμέει
477 3494 590 3574 τρίτην
604 3504 757 3573 γυναῖκα.
780 3485 845 3560 ὦδε
860 3493 897 3561 δὲ
908 3493 1030 3578 γαμέει.
1052 3485 1098 3578 ἦν
1113 3492 1148 3559 υί
1160 3497 1220 3577 96-
1296 3482 1297 3489 ἵ
