2618 3928
380 266 463 321 LIB.
495 265 546 320 Vll
587 265 686 321 CAP.
717 266 861 323 25--30;
1059 259 1120 320 139

116 431 184 492 τῦν
194 421 287 512 ἡμεῖς
300 426 398 508 λ’δμεν
408 446 490 508 μετα
504 425 549 490 σέ.
572 422 759 519 Θαυμάσας
769 423 806 489 δὲ
816 428 884 489 τῶν
895 422 1001 491 ἐπέων
1011 419 1049 490 τὸ
1064 447 1120 490 τε·
1133 438 1168 493 28

116 532 270 594 λευταίον
284 523 406 609 Ξέρξης
420 518 522 599 αῦτος
537 520 676 608 δεύτερα
691 529 797 608 είρετο
807 521 955 607 Πύθιον,
973 515 1077 587 ὁκόσα
1088 523 1122 587 οί

116 633 166 708 είη
180 619 338 709 χρήματα,
365 616 383 688 ὁ
400 623 436 688 δὲ
452 617 538 687 είπε·
555 612 595 687 Ὠ
609 625 765 707 βασιλεῦ,
778 617 856 689 οῦτε
869 638 907 688 σε
921 617 1118 707 ἀποκρύψω,

10 800 11 803 ¹
115 717 195 788 οῦτε
208 715 377 806 σκήψομαι
392 716 429 786 τό
445 715 489 805 μὴ
506 721 628 795 είδόναι
638 715 701 805 τὴν
712 721 881 805 ἐμεωυτοῦ
892 716 1026 807 οῦσίην,
1042 716 1116 787 ἀλλ’

10 806 12 837 '
115 815 333 904 ἐπιστάμενός
347 842 399 886 τοι
411 814 573 904 ἀτρεκέως
586 819 764 898 καταλέξω.
779 820 895 886 ἐπείτε
906 814 971 904 γάρ
982 816 1119 903 τάχιστά

115 938 154 987 σε
164 917 344 1003 ἐπυθόμην
354 919 407 986 ἐπὶ
416 918 595 987 θάλασσαν
604 925 849 1005 καταβαίνοντα
862 916 924 1008 τὴν
932 917 1117 1006 Ἑλληνίδα,

113 1015 321 1104 βουλόμενός
340 1042 392 1085 τοι
409 1021 529 1085 δοῦναι
545 1020 578 1096 ἐς
596 1014 658 1085 τόν
676 1016 825 1104 πόλεμον
837 1016 987 1106 χρήματα
1001 1019 1118 1103 ἐξέμα-

113 1126 198 1202 θον,
218 1119 275 1184 καί
290 1109 393 1203 εῦρον
406 1115 616 1203 λογιζόμενος
631 1114 796 1205 ἀργυρίου
809 1122 872 1205 μὲν
892 1117 954 1186 δύο
967 1099 1117 1205 χιλῖάδας
1181 1166 1188 1183 ,

114 1215 233 1294 ἐούσας
247 1241 304 1301 μοι
318 1216 507 1302 ταλάντων,
521 1221 662 1303 χρυσίου
676 1215 713 1285 δέ
726 1221 939 1305 τετρακοσίας
952 1215 1117 1304 μυριάδας

11 1388 12 1393 1
114 1313 287 1401 στατήρων
293 1322 482 1402 Δαρεικιῦν,
491 1315 686 1394 ἐπιδεούσας
697 1312 777 1384 ἑπτά
788 1314 956 1401 χιλιάδων.
972 1315 1116 1383 καὶτού-

10 1420 11 1495 }
113 1419 203 1480 τοισί
215 1432 251 1481 σε
268 1411 332 1500 έγῦ
348 1417 530 1502 δωρέομαι,
551 1412 643 1504 αὐτῷ
658 1412 691 1482 δ’
713 1416 785 1502 ἐμοὶ
805 1411 871 1482 ἀπὸ
892 1411 1116 1503 ἀνδραπόδων

113 1538 149 1580 τε
163 1516 219 1581 καὶ
232 1517 423 1599 γεωπεδίων
438 1512 569 1599 ἀρκέων
582 1516 649 1582 ἐστὶ
665 1519 747 1601 βίος.
774 1510 811 1580 ‘0
825 1512 888 1599 μὲν
898 1519 1002 1581 ταῦτα
1013 1517 1115 1598 ἐλεγε,

112 1613 234 1698 Ξέρξης
245 1611 282 1681 δέ
290 1607 407 1700 ἡσθείς
417 1627 502 1681 τοῖσι
513 1615 714 1701 εἰρημένοισι
724 1611 810 1681 εἷπε·
830 1618 926 1691 Ξεϊνε
936 1613 1036 1697 Λυδὲ,
1049 1609 1113 1698 ἐγώ
1128 1620 1163 1677 29

11 1734 12 1737 ’
112 1712 186 1777 ἐπεί
194 1736 229 1777 τε
240 1712 383 1798 ἐξῆλθον
393 1709 455 1799 τὴν
469 1715 618 1799 Περσίδα
630 1712 759 1798 χώρην,
776 1708 890 1779 οῦδενλ
903 1708 1001 1796 ἀνδρί
1014 1715 1115 1781 συνέ-

112 1814 189 1896 μιξα
200 1813 233 1889 ἐς
244 1810 330 1897 τόδε,
351 1810 441 1892 ὅστις
451 1810 597 1899 ἠθέλησε
611 1816 715 1892 ξείνια
730 1822 910 1900 προθεῖναι
924 1817 1053 1901 στρατῷ
1067 1821 1113 1902 τῷ

112 1912 196 1998 ἐμῷ,
214 1906 294 1976 οὐδὲ
305 1906 395 1987 ὅστις
406 1913 438 1988 ἐς
449 1909 529 1991 ὄψιν
540 1909 602 2001 την
617 1908 700 1998 ἐμὴν
714 1909 877 1989 καταστάς
887 1907 1114 1997 αὐτεπάγγελ-

110 2033 166 2084 τος
182 2009 215 2084 ἐς
229 2004 289 2074 τόν
303 2006 451 2095 πόλεμον
463 2011 534 2095 ἐμοὶ
547 2007 694 2097 ἠθέλησε
704 2007 936 2096 συμβαλέσθαι
951 2009 1111 2097 χρήματα,

111 2113 172 2187 ἔξω
190 2111 260 2191 σεῦ.
284 2103 326 2173 σύ
342 2110 378 2175 δὲ
393 2111 448 2176 καὶ
465 2111 623 2189 ἐξείνισας
637 2108 788 2196 μεγάλως
802 2106 945 2195 στρατόν
958 2105 1019 2176 τόν
1032 2105 1113 2194 ἐμόν

10 2232 12 2249 ²
111 2209 166 2276 καί
180 2204 331 2294 χρήματα
350 2206 478 2294 μεγάλα
493 2210 716 2294 ἐπαγγέλλεαι.
747 2209 799 2276 σολ
817 2199 866 2275 ἀν
883 2204 947 2293 ἐγώ
962 2203 1036 2275 ἀντὶ
1050 2203 1113 2274 αῦ-

10 2354 11 2359 1
108 2311 176 2371 τῶν
195 2306 294 2393 γέρεα
309 2305 422 2374 τοιάδε
443 2310 578 2393 δίδωμι·
607 2304 717 2386 ξεῖνόν
731 2309 770 2375 τέ
786 2325 824 2374 σε
844 2312 1002 2392 ποιεῦμαι
1019 2302 1111 2393 ἐμόν,

110 2403 163 2469 καὶ
172 2399 455 2488 τάςτετρακοσίας
464 2404 631 2493 μυριάδας
641 2431 692 2473 τοι
702 2410 770 2472 τῶν
781 2400 1112 2492 στατήρωνάποπλή-

108 2517 156 2565 σω
173 2496 254 2585 παρ’
271 2503 440 2586 ἐμεωυτοῦ
455 2500 535 2582 δοῦς
555 2500 614 2581 τὰς
635 2499 716 2571 ἑπτα
734 2502 901 2589 χιλιάδας,
922 2504 979 2569 ἵνα
998 2499 1044 2589 μή
1060 2525 1112 2568 τοι

110 2599 251 2674 ἐπιδεέες
274 2603 351 2666 ἐωσι
372 2605 410 2668 αλ
427 2602 638 2687 τετρακόσιαι
658 2603 818 2689 μυριάδες
839 2600 919 2670 ἑπτά
940 2603 1110 2689 χιλιάδων,

106 2690 181 2760 ἀλλ’
192 2686 215 2780 ᾖ
225 2718 278 2760 τοι
288 2691 505 2784 ἀπαρτιλογίη
516 2696 576 2767 ἀπ’
590 2703 665 2786 ἐμέο
677 2705 928 2789 πεπληρωμένη.
948 2702 1065 2788 ἔκτησό
1075 2727 1112 2770 τε

106 2786 207 2866 αύτὸς
221 2789 262 2856 τά
276 2814 338 2876 περ
349 2790 451 2873 αύτδς
466 2796 622 2884 ἐκτήσαο,
643 2799 799 2867 ἐπίστασό
813 2826 849 2868 τε
863 2798 948 2868 εἶναι
963 2803 1026 2868 αίελ
1040 2825 1111 2868 τοι-

105 2893 220 2966 οῦτος’
241 2885 282 2955 οῦ
293 2889 358 2976 γάρ
369 2918 420 2959 τοι
431 2901 536 2962 ταῦτα
549 2903 700 2964 ποιεῦντι
712 2896 790 2965 οῦτε
801 2900 834 2977 ἐς
844 2895 882 2966 τό
894 2895 1022 2985 παρεόν
1033 2897 1111 2966 οῦτε

103 2990 137 3066 ἐς
149 2986 275 3073 χρόνον
290 2976 613 3105 μεταμελήσεψ(

136 3134 149 3140 -
190 3090 303 3152 Ταῦτα
319 3088 355 3154 δὲ
367 3096 459 3167 είπας
470 3093 525 3159 καλ
540 3095 686 3161 ἐπιτελέα
697 3096 838 3181 ποιήσας
851 3096 1029 3184 ἐπορεύετο
1045 3097 1109 3161 αἰεὶ
1122 3110 1157 3165 30

102 3184 139 3254 τό
154 3184 280 3271 πρόσω.
301 3182 431 3255 ’Ἁναυα
447 3188 483 3257 δέ
497 3193 703 3280 καλεομένην
716 3199 864 3281 Φρυγῶν
881 3193 981 3263 πόλιν
998 3217 1108 3278 παρα-

103 3285 300 3372 μειβόμενος
315 3287 370 3352 καί
384 3292 515 3374 λίμνην,
534 3291 571 3358 ἐκ
584 3297 640 3377 τῆς
655 3291 732 3374 άλες
747 3298 909 3379 γίνονται,
925 3290 1060 3359 ἀπίκετο
1075 3292 1108 3370 ἐς
1141 3340 1144 3347 1

102 3379 276 3460 Κολοσσάς
291 3382 392 3452 πόλιν
406 3386 556 3473 μεγάλην
566 3396 725 3477 Φρυγίης,
737 3394 774 3458 ἐν
784 3397 824 3479 τῇ
836 3390 951 3470 Λύκος
960 3385 1107 3473 ποταμός
1298 3470 1299 3473 ρ

10 3538 11 3543 1
102 3479 135 3555 ἐς
147 3476 258 3561 χάσμα
270 3486 331 3565 γῆς
345 3483 518 3567 ἐσβάλλων
533 3483 735 3574 ἀφανίζεται,
752 3495 881 3555 ἔπειτεν
893 3484 948 3554 διά
964 3489 1109 3552 σταδίων
1298 3500 1299 3511 ’
