2622 3928
399 211 485 266 LIB.
519 210 554 265 v,
589 208 688 267 ωλι).
721 214 861 299 ιε-ιο.
1088 210 1129 274 21

120 399 190 461 μου
213 367 383 464 Δωριεύς,
411 372 557 455 δοθῆναι
579 366 623 436 όν
649 371 684 436 οί
700 368 931 455 πολλαπλήσια
950 364 972 457 ή
989 378 1128 462 Καλλίη,

121 476 227 539 ταῦτα
241 493 304 556 μεν
320 493 387 535 νυν
402 464 552 553 ἑκάτεροι
568 464 681 534 αὐτῶν
696 466 863 554 μαρτύρια
883 465 1130 556 ἀποφαίνονται

122 571 178 636 καί
200 558 357 653 πάρεστι,
384 562 573 649 ὁκοτέροισί
587 591 638 644 τις
656 572 809 634 πείθεται
830 563 959 654 αὐτόν,
981 569 1129 640 τούτοισι

122 667 357 752 προσχωρέειν.
402 666 611 734 Συνέπλωον
625 664 663 733 δέ
672 666 801 750 Δωριέι·
812 668 867 733 καί
881 663 978 736 άλλοι
992 678 1129 756 συγκτί-
1142 680 1177 735 46

122 784 197 830 σται
214 766 472 849 Σπαρτιητέων,
492 760 662 842 Θεσσαλός
682 765 738 831 καί
751 764 968 853 Παραιβάτης
989 772 1046 836 καί
1062 775 1131 837 Κε-

122 866 199 949 λέης
213 865 269 931 καί
282 859 485 951 Εὐρυλέων,
507 869 544 931 ol*
556 864 630 931 έπεί
640 888 677 930 τε
690 859 848 932 ἀπίκοντο
863 867 962 933 παντὶ
976 866 1084 957 στόλῳ
1098 870 1132 946 ές

122 957 185 1045 τήν
199 966 377 1048 Σικελίην,
400 958 577 1030 ἀπέθανον
593 961 681 1050 μάχη
696 965 900 1042 ἑσσωθέντες
912 961 981 1032 ὑπό
994 990 1031 1033 τε
1046 973 1131 1034 Φοι-

122 1067 229 1129 νίκων
238 1062 295 1129 καί
304 1057 517 1147 Ἐγεσταίων·
539 1068 666 1147 μοῦνος
677 1063 717 1130 δέ
723 1088 762 1147 γε
772 1059 956 1148 Εὐρυλέων
966 1071 1035 1132 τῶν
1046 1085 1131 1151 συγ-

123 1163 282 1228 κτιστέων
297 1163 506 1247 περιεγένετο
519 1160 644 1228 τούτου
656 1166 719 1227 τοῦ
733 1159 871 1240 πάθεος.
898 1159 1078 1250 συλλαβών
1093 1162 1131 1230 δὲ

124 1249 223 1336 οὗτος
243 1263 300 1343 τής
321 1266 475 1347 στρατιῆς
494 1256 574 1337 τούς
593 1260 873 1344 περιγενομένους
894 1265 966 1345 έσχε
984 1259 1130 1346 Μινύην

123 1355 186 1444 τήν
196 1365 428 1426 Σελινουσίων
445 1356 614 1445 άποικίην,
629 1359 685 1424 καὶ
698 1361 954 1444 συνηλευθόρου
963 1367 1131 1428 Σελινου-

123 1462 219 1535 σίους
232 1463 294 1523 τοῦ
308 1458 506 1543 μουνάρχου
519 1456 749 1542 Πειθαγόρεω.
777 1454 858 1541 μετά
874 1457 927 1544 δὲ,
950 1454 995 1537 ὡς
1009 1466 1130 1527 τούτου

123 1562 269 1641 κατεῖλε,
290 1553 392 1636 αύτδς
411 1558 588 1644 τυραννίδι
611 1558 799 1643 ἐπεχείρησε
813 1563 1054 1643 Σελινοῦντος,
1075 1558 1131 1624 καί

125 1651 354 1741 ἐμουνάρχησε
366 1655 492 1742 χρόνον
505 1651 557 1722 ἐπ’
571 1650 702 1739 ὀλίγον·
725 1658 760 1720 οί
767 1653 832 1739 γάρ
844 1681 904 1741 μιν
914 1655 1131 1725 Σελινούσιοι

125 1754 369 1834 ἐπαναστάντες
391 1753 591 1824 ἀπέκτειναν
612 1755 851 1840 καταφυγόντα
872 1758 925 1824 έπί
945 1755 1030 1836 Διός
1048 1756 1130 1842 άγο-

125 1859 224 1934 ραίου
245 1854 370 1940 βωμόν.
422 1858 616 1923 Συνέσπετο
638 1855 674 1920 δέ
693 1856 820 1940 Δωριέί
837 1857 893 1921 καί
913 1856 1130 1924 συναπέθανε
1144 1861 1177 1916 4⁷

7 1952 8 1971 ¹
127 1956 292 2029 Φίλιππος
314 1949 331 2019 ὁ
353 1958 566 2021 Βουτακίδεω
586 1952 821 2041 Κροτωνιήτης
842 1949 945 2040 άνήρ,
966 1949 1003 2031 ὃς
1024 1950 1131 2039 ἁρμο-

127 2048 272 2133 σάμενος
304 2049 433 2137 Τήλυος
456 2059 518 2121 τοῦ
544 2059 742 2139 Συβαρίτεω
764 2054 936 2137 θυγατέρα
964 2058 1070 2138 ἔφυγε
1094 2055 1130 2121 έκ

127 2147 322 2235 Κρότωνος,
337 2154 498 2231 ψευσθείς
510 2154 547 2220 δέ
558 2158 620 2220 τού
634 2151 746 2237 γάμου
757 2159 862 2236 οίχετο
877 2150 1000 2220 πλοόων
1015 2155 1048 2230 ἐς
1057 2158 1131 2220 Κυ-

126 2245 251 2335 ρήνην,
274 2249 311 2316 έκ
331 2249 454 2337 ταύτης
475 2249 513 2318 δέ
533 2248 739 2339 ὁρμεόμενος
759 2253 942 2319 συνέσπετο
967 2257 1076 2339 οίκηίη
1095 2275 1132 2316 τε

126 2343 257 2433 τριήρεί
268 2348 324 2414 καί
338 2352 450 2437 οίκηίη
463 2344 601 2434 άνδροῖν
616 2348 768 2436 δαπάνη,
790 2345 856 2415 έύν
869 2374 905 2416 τε
918 2346 1132 2434 Ὀλυμπιονί-

126 2469 187 2529 κης
207 2446 263 2512 καί
279 2444 455 2524 κάλλιστος
470 2444 641 2533 Ἑλλήνων
661 2451 730 2513 τόν
749 2442 825 2513 κατ’
850 2445 986 2514 ἑωυτόν.
1017 2443 1071 2513 διά
1096 2446 1132 2511 δὲ

127 2538 163 2608 τό
180 2542 307 2609 ἑωυτοῦ
327 2543 449 2621 κάλλος
468 2540 623 2630 ήυείκατο
644 2541 734 2630 παρά
753 2541 948 2629 Ἐγεσταίων
963 2541 1004 2611 τά
1022 2540 1133 2620 οὐδεὶς

127 2636 243 2717 ἄλλος·
266 2642 318 2708 ἐπὶ
337 2639 403 2728 γάρ
424 2648 487 2709 τοῦ
506 2641 618 2727 τάφου
639 2640 745 2710 αὐτοῦ
764 2637 893 2729 ἡρωίου
914 2640 1133 2728 ίδρνσάμενοι

128 2743 268 2824 θυσίησι
288 2733 393 2806 αὐτόν
416 2739 616 2807 ἱλάσκονται.
667 2738 823 2828 Δωριεύς
847 2741 909 2826 μέν
931 2765 998 2806 νυν
1018 2737 1130 2829 τρόπω
1145 2748 1179 2803 48

128 2834 270 2927 τοιούτω
286 2836 494 2924 ἐτελεύτησε,
510 2844 541 2906 εί
556 2838 592 2906 δὲ
613 2836 768 2926 ἠνέσχετο
788 2839 1050 2927 βασιλευόμενος
1064 2834 1131 2906 ὑπὸ

128 2934 335 3022 Κλεομένεος
347 2938 403 3005 καί
415 2938 575 3022 κατέμενε
589 2938 626 3004 έν
639 2937 797 3028 Σπάρτη,
818 2942 989 3026 ἐβασίλευε
1003 2934 1047 3005 όν
1061 2947 1133 3006 Λα-

9 3094 15 3120 ,
60 3092 64 3097 ,
127 3038 341 3119 κεδαίμονος·
369 3033 412 3104 ού
425 3035 491 3124 γάρ
512 3062 588 3104 τινα
603 3035 730 3106 πολλόν
750 3037 875 3125 χρόνον
890 3029 970 3125 ήρξε
989 3033 1007 3103 ὁ
1027 3042 1134 3105 Κλεο-

128 3136 245 3221 μένης,
267 3132 342 3204 άλλ’
365 3134 518 3206 άπέθανε
535 3135 651 3221 άπαις,
673 3142 845 3223 θυγατέρα
859 3137 993 3224 μούνην
1012 3132 1133 3220 λιπὼν,

127 3238 167 3319 τῇ
182 3231 312 3320 ούνομα
325 3227 371 3323 ήν
383 3235 513 3323 Γοργοό.

10 3414 11 3429 χ
208 3327 1133 3422 ’ᾹπικνέεταιδύνὸἈρισταγόρηςόΜιλήτουτύραν-
1147 3340 1182 3396 49

10 3434 11 3499 T
130 3458 188 3510 νος
202 3435 235 3512 ές
248 3431 310 3520 τήν
326 3436 490 3522 Σπάρτην
505 3438 713 3524 Κλεομένεος
730 3442 862 3523 ἔχοντος
875 3431 938 3519 τήν
952 3427 1075 3517 ἀρχὴν,
1089 3436 1136 3518 τῷ
