2588 3926
257 253 320 314 ονε
448 320 456 343 ,
630 249 881 310 οιιεοοονι

258 416 292 480 τό
304 414 367 498 μὲν
379 410 529 480 εὐνοέειν
539 436 574 479 τε
585 412 641 477 καλ
655 418 808 499 προορᾶν
818 410 946 495 άγαμαί
954 429 1024 494 σευ,
1036 410 1186 498 γνοόμης
1195 413 1259 497 μέν
1273 418 1274 421 ’

255 540 306 582 τοι
320 508 512 600 ἡμάρτηκας
528 517 678 598 χρῃστής.
711 514 858 596 ἐξαείρας
878 508 943 594 γάρ
959 533 1000 594 με
1021 505 1118 589 ὑψοῦ
1132 513 1196 578 καί
1212 508 1260 595 τήν

256 613 386 698 πάτρην
401 613 456 678 καλ
471 608 508 677 τό
524 615 641 697 ἔργον,
657 613 690 689 ές
704 608 740 678 τό
758 609 863 695 μηδὲν
877 609 1053 694 κατέβαλες
1070 613 1258 694 παραινέων

256 714 364 799 νεκρῷ
378 713 618 796 λυμαίνεσθαι,
640 706 755 796 καλήν
775 714 879 775 ταῦτα
896 707 1015 792 ποιέω,
1039 704 1111 793 φάς
1126 706 1256 796 ἄμεινόν

256 835 297 897 με
318 805 533 875 ἀκούσεσθαι.
571 805 611 874 τά
629 809 747 894 πρέπει
767 813 896 894 μάλλον
915 803 1119 893 βαρβάροισι
1142 810 1255 877 ποιέειν

254 906 340 994 ήπερ
346 902 497 989 Ἕλλησι·
518 908 572 972 καλ
586 908 743 975 ἐκείνοισι
756 906 792 973 δὲ
804 907 1062 991 ἐπιφθονέομεν.
1088 904 1159 992 ἐγώ
1178 905 1209 974 δ’
1222 899 1254 972 άι

256 1007 378 1074 τούτου
394 1006 522 1074 εἵνεκεν
533 1006 614 1092 μήτε
625 1007 823 1095 Αἰγινήτῃσι
837 1003 951 1091 άδοιμι
961 1004 1043 1091 μήτε
1056 1019 1149 1074 τοῖσι
1167 1004 1252 1074 τούτο

256 1102 439 1190 ἀρέσκεται,
455 1100 584 1194 ἀποχρᾷ
595 1108 635 1173 δέ
642 1102 936 1193 μοιΣπαρτιήτῃσι
947 1100 1186 1189 ἀρεσκόμενον
1197 1103 1252 1173 όσιι

257 1207 319 1292 μέν
332 1205 475 1290 ποιέειν,
491 1201 567 1270 ὅσια
581 1205 617 1271 δέ
634 1206 690 1272 καί
704 1208 823 1289 λέγειν.
846 1206 998 1291 Λεωνίδῃ
1015 1202 1067 1287 δέ,
1089 1209 1138 1294 τῷ
1156 1231 1201 1290 με
1215 1228 1254 1270 κε

257 1301 365 1379 λεύεις
380 1307 579 1389 τιμωρῆσαι,
596 1306 681 1389 φημὶ
696 1301 848 1388 μεγάλως
864 1306 1124 1387 τετιμωρῆσθαι,
1143 1310 1255 1391 ψυχήν

257 1426 292 1469 τε
314 1406 387 1487 τήσι
402 1404 508 1467 τῶνδε
528 1398 787 1488 ἀναριθμήτοισι
806 1406 972 1486 τετίμηται
988 1396 1089 1479 αύτός
1107 1427 1145 1468 τε
1169 1404 1223 1469 καὶ
1235 1401 1257 1464 ω’

258 1495 351 1564 ἀλλοι
368 1502 402 1565 οἰ
420 1499 458 1564 έν
473 1499 709 1587 Θερμοπύλῃσι
728 1498 991 1583 τελευτήσαντες.
1020 1495 1063 1564 σύ
1085 1498 1208 1584 μέντοι
1221 1503 1254 1564 ἔτι

214 1625 217 1631 ’
237 1654 241 1663 ,
258 1601 341 1678 έχων
361 1594 464 1680 λόγον
481 1596 612 1664 τοιόνδε
632 1599 715 1686 μήτε
736 1600 925 1685 προσέλθῃς
942 1603 1054 1682 ἔμοιγε
1073 1595 1161 1685 μήτε
1182 1619 1274 1682 συμ-Ὶ

258 1695 460 1783 βουλεύσῃς,
474 1696 575 1783 χάριν
588 1723 624 1766 τε
639 1707 713 1767 ἴσθι
729 1696 794 1766 έων
809 1696 951 1783 ἀπαθής.
1183 1706 1189 1715 “
1273 1706 1274 1739 ¹

211 1817 246 1871 ρο
338 1793 374 1862 ‘0
389 1793 452 1881 μέν
465 1803 568 1864 ταῦτα
584 1793 730 1877 ἀκούσας
745 1796 989 1880 ἀπαλλάσσετο,
1015 1802 1215 1882 Παυσανίης
1227 1793 1253 1859 δὲ
1273 1752 1274 1839 δ

258 1895 419 1982 κήρυγμα
427 1895 651 1981 ποιησάμενος
663 1897 791 1980 μηδένα
807 1893 972 1962 ἅπτεσθαι
985 1900 1042 1979 τῆς
1057 1901 1168 1979 ληίης,
1184 1914 1251 1977 συγ·

258 1999 404 2077 κομίζειν
419 1992 570 2061 ἐκέλευσε
580 1990 659 2070 τούς
671 1995 806 2071 εἵλωτας
821 1990 861 2060 τά
874 1991 1032 2079 χρήματα.
1056 1995 1091 2058 οἰ
1101 1993 1138 2058 δὲ
1151 1984 1251 2059 ἀνάιό

259 2093 483 2177 στρατόπεδον
498 2095 715 2180 σκιδνάμενοι
727 2093 885 2182 εὕρισκον
898 2090 1023 2179 σκηνάς
1039 2112 1254 2162 κατεσκευασ·
1272 2112 1273 2129 ’

258 2194 359 2279 μένας
370 2200 481 2282 χρυσῷ
493 2195 548 2260 καί
559 2190 831 2283 άργύρφ,κλίνας
841 2218 877 2259 τε
885 2188 1085 2277 ἐπιχρύσους
1095 2195 1152 2259 καὶ
1164 2196 1253 2277 έπαρ-

258 2292 401 2377 γύρους,
423 2291 589 2378 κρητῆράς
609 2318 644 2359 τε
659 2295 820 2378 χρυσέους
841 2293 896 2358 καλ
916 2288 1039 2376 φιάλας
1058 2314 1094 2356 τε
1112 2293 1170 2358 καὶ
1184 2289 1253 2358 άλλι

259 2389 444 2475 ἐκπάματα.
474 2389 619 2469 σάκκους
636 2416 671 2458 τε
688 2388 740 2457 ἐπ’
758 2389 911 2476 ἁμαξέων
929 2387 1104 2474 εὕρισκον,
1129 2391 1168 2455 έν
1182 2403 1251 2457 τοῖσι

259 2489 392 2572 λέβητες
402 2488 580 2570 ἐφαίνοντο
588 2488 738 2567 ἐνεόντες
749 2488 888 2573 χρύσεοί
895 2513 930 2555 τε
941 2489 996 2554 καλ
1006 2484 1186 2572 ἀργύρεοι·
1200 2484 1252 2555 ἀπό
1271 2538 1272 2575 ,

259 2608 294 2649 τε
314 2590 382 2649 τῶν
397 2587 561 2670 κειμένων
578 2593 708 2673 νεκρῶν
723 2588 908 2655 ἐσκύλευον
922 2586 1019 2666 ψέλιά
1036 2612 1072 2654 τε
1093 2589 1149 2654 καὶ
1169 2608 1251 2675 στρε
1271 2594 1272 2641 λ

260 2681 363 2764 πτούς
379 2688 435 2753 καὶ
449 2683 528 2767 τούς
542 2685 703 2767 ἀκινάκας
718 2688 832 2766 ἐόντας
846 2692 1024 2774 χρυσέους,
1039 2687 1110 2754 ἐπεὶ
1124 2685 1252 2774 ἐσθῆτός

259 2810 298 2871 γε
313 2788 464 2871 ποικίλης
477 2786 577 2873 λόγος
592 2789 718 2872 ἐγίνετο
734 2782 814 2857 οὐδὲ
830 2782 884 2863 εἷς.
915 2787 1064 2854 ἐνθαῦτα
1078 2783 1187 2854 πολλά
1202 2785 1252 2871 μὲν
1270 2848 1271 2865 2

259 2885 455 2963 κλέπτοντες
482 2886 630 2955 ἐπάλεον
656 2882 741 2969 πρός
761 2881 840 2963 τοὺς
861 2885 1041 2971 Αἰγινήτας
1063 2888 1097 2952 οἰ
1123 2888 1250 2963 εἵλωτες,
1270 2924 1271 2991 ρ

260 2976 367 3047 πολλά
388 2985 424 3050 δὲ
438 2987 494 3051 καί
513 2981 777 3068 ἀπεδείκνυσαν,
800 2979 862 3050 ὅσα
882 2979 995 3049 αὐτῶν
1015 2978 1078 3050 ούκ
1098 2977 1154 3050 οἷά
1172 3009 1204 3050 τε
1215 2974 1251 3067 ήι

261 3081 404 3167 κρύψαι·
427 3083 511 3151 ὥστε
521 3086 718 3175 Αἰγινήτῃσι
735 3089 768 3153 οἰ
781 3084 920 3172 μεγάλοι
933 3091 1070 3152 πλοῦτοι
1085 3082 1190 3173 ἀρχήν
1206 3088 1249 3153 ἐν

260 3189 385 3250 θεύτεν
400 3186 564 3272 ἐγένοντο,
581 3185 685 3255 οἰτόν
695 3184 824 3274 χρυσόν
838 3185 897 3254 άτε
910 3184 1009 3253 έόντα
1018 3183 1144 3270 χαλκόν
1159 3186 1253 3273 δήθεν
1269 3188 1270 3257 λ

212 3297 244 3352 81
261 3278 351 3363 παρά
363 3286 430 3344 τῶν
443 3284 603 3349 εἱλωτέων
615 3282 768 3353 ὠνέοντο.
786 3284 1073 3371 Συμφορήσαντες
1084 3282 1121 3350 δέ
1132 3281 1171 3351 τά
1182 3311 1201 3371 χ
1233 3282 1254 3332 ’-

261 3400 347 3460 ματα
358 3378 413 3443 καλ
428 3379 570 3464 δεκάτην
584 3382 751 3462 ἐξελόντες
764 3390 810 3473 τῷ
827 3386 865 3450 έν
878 3388 1041 3466 Δελφοῖσι
1056 3386 1139 3469 θεῷ,
1154 3377 1210 3449 ἀπ’
1223 3405 1255 3467 ης

261 3469 279 3536 ὁ
294 3476 432 3549 τοίποος
446 3470 464 3540 δ
480 3474 619 3556 χρύσεος
629 3478 773 3568 ἀνετέθη
785 3479 802 3550 ὁ
815 3484 865 3549 ἐπὶ
877 3487 938 3548 τοῦ
949 3477 1154 3565 τρικαρήνου
1168 3479 1255 3566 ὄφιος
1268 3560 1269 3593 1
