2606 3920
203 268 264 333 278
579 263 830 323 HERODOTI

203 428 321 499 αὐτίκα
335 427 372 497 τό
383 429 525 514 τόξευμα
535 423 706 512 λαβόντες,
722 419 767 501 ως
779 428 909 509 ἔμαθον
920 422 957 492 τὸ
969 430 1113 512 βιβλίον,
1132 428 1214 510 ἔφε-

203 556 265 618 ρον
279 531 331 597 ἐπὶ
344 526 422 608 τοὺς
434 523 654 615 στρατηγοός·
677 528 789 608 παρῆν
801 522 837 590 δὲ
848 526 904 591 καὶ
914 530 982 591 τῶν
993 521 1105 592 άλλων
1117 531 1213 590 Παλ-

204 635 351 716 ληναίων
365 631 541 715 συμμαχίη.
562 635 648 690 τοῖσι
665 621 701 689 δὲ
716 634 929 709 στρατηγοῖσι
947 622 1212 706 ἐπιλεξαμένοισι

203 727 240 798 τδ
254 735 386 817 βιβλίον
403 729 458 796 καὶ
472 729 621 814 μαθοῦσι
636 718 697 789 τὸν
716 730 825 790 αίτιον
845 728 903 808 τῆς
922 724 1103 808 προδοσίης
1119 723 1211 800 ἔδοξε

203 823 247 914 μῆ
264 828 466 912 καταπλῆξαι
482 822 678 908 Τιμόξεινον
688 822 852 907 προδοσίη
866 825 923 905 τῆς
934 825 1137 888 Σκιωναίων
1146 816 1211 885 πό·

203 938 274 1007 λιος
290 930 434 1013 εἵνεκεν,
452 923 496 1013 μῆ
512 927 698 1010 νομιζοίατο
715 918 799 989 εἶναι
810 928 995 988 Σκιωναῖοι
1009 921 1041 998 ές
1056 915 1117 986 τόν
1131 943 1211 1004 μετ-

204 1030 331 1095 έπειτεν
347 1024 471 1113 χρόνον
487 1024 550 1091 αίεδ
567 1018 736 1107 προδόται.
754 1014 791 1084 Ὁ
804 1019 866 1103 μὲν
883 1014 923 1104 δῆ
940 1016 1080 1108 τοιούτω
1096 1015 1211 1107 τρόπω

139 1144 187 1198 129
206 1125 357 1203 έπάίστος
379 1122 546 1210 ἐγεγόνεε,
576 1117 762 1208 Ἀρταβάζῳ
786 1116 822 1184 δὲ
850 1111 961 1200 έπειδῆ
979 1116 1212 1199 πολιορκέοντι

205 1221 404 1310 ἐγεγόνεσαν
420 1236 508 1308 τρεῖς
521 1227 638 1306 μῆνες,
655 1223 782 1303 γίνεται
798 1213 948 1303 άμπωτις
965 1219 1022 1300 τῆς
1036 1215 1212 1302 θαλάσσης

206 1321 331 1408 αεγάλη
352 1323 406 1389 καὶ
425 1320 550 1407 χρόνον
564 1318 616 1385 ἐπὶ
631 1314 765 1383 πολλόν.
795 1314 923 1391 ἰδόντες
944 1313 980 1380 δὲ
996 1318 1029 1381 οί
1043 1313 1212 1401 βάρβαροι

205 1422 342 1505 τέναγος
352 1419 537 1506 γενόμενον
548 1415 715 1502 παρήισαν
727 1416 759 1492 ές
771 1410 1031 1499 τῆνΠαλλῆνην.
1050 1410 1092 1491 ίις
1104 1412 1141 1482 δέ
1152 1410 1212 1492 τὰς

206 1516 268 1585 δύο
284 1516 346 1602 μὲν
360 1524 477 1604 μοίρας
491 1513 807 1601 διοδοιπορήκεσαν,
824 1516 871 1580 ἔτι
884 1511 920 1579 δὲ
931 1525 1018 1598 τρεῖς
1029 1510 1211 1580 ὑπόλοιποι

201 1606 306 1700 ῆσαν,
329 1611 387 1693 τάς
411 1613 609 1692 διελθόντας
629 1619 712 1701 χρῆν
734 1618 798 1679 ἔσω
821 1610 906 1680 είναι
927 1616 964 1681 έν
984 1621 1023 1704 τῆ
1036 1614 1210 1703 Παλλῆνη,

204 1714 330 1800 ἐπῆλθε
343 1715 508 1800 πλημυρὶς
522 1719 579 1799 τῆς
589 1711 762 1797 θαλάσσης
774 1712 914 1797 μεγάλη,
930 1710 992 1798 όση
1005 1709 1137 1800 οὐδαμά
1148 1738 1208 1794 κω,
1279 1774 1280 1779 ,

205 1807 249 1889 ὡς
265 1815 299 1879 οί
312 1810 480 1900 έπιχάριοι
495 1814 647 1898 λέγουσι,
663 1807 822 1888 πολλάκις
840 1812 1013 1897 γενομένη.
1044 1816 1078 1879 οί
1089 1812 1152 1896 μὲν
1167 1807 1207 1894 δῆ
1279 1836 1280 1875 ι

205 1914 293 1979 νέειν
308 1907 420 1980 αὐτῶν
431 1910 493 1981 οὐκ
508 1911 719 1998 ἐπιστάμενοι
731 1914 979 1998 διεφθείροντο,
996 1910 1074 1991 τούς
1086 1913 1123 1980 δὲ
1135 1914 1208 1979 ἐπι·
1271 1972 1272 1975 ,

204 2013 387 2099 σταμένοος
406 2017 622 2100 Ποτιδαιῆται
644 2010 891 2091 έπιπλοόσαντες
913 2019 1057 2081 πλοίοισι
1077 2008 1208 2079 ἀπείλε-

205 2132 277 2178 σαν.
301 2121 408 2180 αίτιον
419 2117 456 2182 δὲ
466 2117 601 2201 λέγουσι
612 2118 828 2200 Ποτιδαιῆται
840 2121 898 2201 τῆς
908 2141 943 2183 τε
954 2118 1067 2203 ῥηχίης
1081 2118 1137 2185 καί
1152 2123 1209 2202 τῆς

204 2217 410 2300 πλημυρίδος
423 2215 478 2280 καί
488 2219 549 2281 τοῦ
559 2220 728 2296 Περσικοῦ
743 2215 871 2293 πάθεος
883 2215 1042 2300 γενέσθαι
1052 2215 1140 2300 τόδε,
1157 2213 1205 2284 ὅτι

202 2317 537 2393 τοῦΠοσειδέωνοςές
549 2313 608 2383 τόν
622 2313 707 2402 νηόν
720 2317 774 2384 καί
785 2312 822 2384 τό
831 2313 963 2402 άγαλμα
977 2313 1013 2382 τὸ
1022 2317 1059 2383 έν
1070 2323 1116 2407 τῷ
1123 2340 1206 2401 προ·

204 2418 321 2503 αστείρι
332 2411 499 2500 ἠσέβησαν
511 2405 604 2480 οότοι
616 2415 857 2501 τωνΠερσέων,
871 2415 907 2481 οί
920 2436 982 2500 περ
994 2415 1049 2481 καί
1060 2414 1199 2499 διεφθά-

204 2529 311 2597 ρησαν
327 2508 392 2579 ὑπὸ
414 2517 472 2598 τῆς
490 2511 672 2599 θαλάσσης.
706 2522 814 2582 αίτιον
829 2514 866 2582 δέ
880 2520 979 2581 τοῦτο
1000 2516 1153 2600 λέγοντες
1168 2507 1208 2582 εδ

202 2613 314 2696 λέγειν
328 2614 439 2696 ἔμοιγε
455 2615 618 2680 δοκέουσι.
648 2609 726 2691 τούς
741 2615 777 2681 δὲ
799 2618 1079 2701 περιγενομένους
1099 2609 1208 2699 άπῆγε

199 2704 394 2796 Ἀρτάβαζος
410 2711 443 2788 ἐς
460 2718 646 2796 Θεσσαλίην
660 2709 751 2793 παρά
768 2713 977 2798 Μαρδόνιον.

138 2823 187 2877 130
289 2801 392 2876 Οὗτοι
407 2808 469 2894 μὲν
485 2812 519 2876 οί
531 2810 785 2894 προπέμψαντες
795 2813 933 2898 βασιλέα
948 2807 1036 2878 οὕτω
1048 2813 1205 2896 ἔπρηξαν,

204 2901 221 2973 ὁ
240 2906 277 2973 δὲ
291 2903 448 2985 ναυτικδς
462 2904 480 2974 δ
492 2910 619 2991 Ξέρξεω
635 2906 908 2996 περιγενόμενος,
924 2905 969 2987 ὡς
979 2911 1156 2996 προσέμιξε
1167 2915 1207 2997 τῆ

199 3004 290 3094 Ἀσίη
301 3005 439 3092 φεύγων
449 3007 485 3074 έκ
495 3015 687 3093 Σαλαμῖνος
702 3011 756 3075 καί
766 3013 903 3095 βασιλέα
913 3035 948 3077 τε
963 3010 1018 3077 καὶ
1028 3005 1090 3096 τῆν
1104 3029 1188 3095 στρα

201 3102 277 3191 τιῆν
298 3106 334 3172 ἐκ
347 3104 565 3191 Χερσονῆσου
583 3104 829 3194 διεπόρθμευσε
843 3108 876 3186 ές
892 3105 1052 3195 Ἄβυδον,
1081 3108 1199 3193 ἐχειμέ·
1276 3172 1277 3191 ,

202 3221 275 3290 ρισε
286 3204 322 3270 ἐν
333 3201 442 3291 Κύμη,
460 3207 556 3289 ἔαρος
568 3203 605 3271 δὲ
616 3204 862 3291 ἐπιλάμψαντος
873 3205 997 3293 πριόίος
1008 3206 1205 3291 συνελέγετο

202 3303 234 3378 ές
250 3298 385 3387 Σάμον
407 3301 444 3368 αί
458 3300 495 3369 δὲ
505 3306 573 3369 των
588 3310 676 3370 νεῶν
686 3305 741 3371 καὶ
752 3306 956 3392 ἐχειμέρισαν
972 3300 1093 3372 αὐτοῦ·
1115 3309 1206 3387 Περ-

202 3399 288 3464 σέων
303 3392 340 3461 δέ
360 3397 416 3462 καὶ
430 3394 562 3484 Μῆδων
577 3404 611 3468 oc
627 3408 768 3479 πλεῦνες
784 3400 1004 3489 ἐπεβάτευον,
1027 3401 1206 3486 στρατηγοὶ

201 3494 241 3558 δέ
251 3510 311 3576 σφι
333 3492 482 3577 ἐπῆλθον
500 3494 703 3585 Μαρδόντης
718 3525 752 3566 τε
769 3496 787 3567 δ
806 3505 954 3584 Βαγαίου
971 3501 1025 3567 καί
1041 3491 1209 3585 Ἀρταόν-
1275 3492 1276 3525 ¹
