2588 3926
149 274 212 336 382
527 269 778 326 ΗΕΡιΟΒΟΤί

148 433 328 520 Δηιφόνου
343 439 403 501 τοῦ
422 429 572 515 Εὐηνίου
588 423 712 510 ἀνδρός
728 423 1012 513 Ἀπολλωνιήτεω,
1035 423 1161 494 Ἀπολ·

150 537 272 616 λωνίης
287 528 323 597 δὲ
337 537 394 616 τής
409 531 445 596 ἐν
458 534 560 614 Ἰονίῳ
572 525 696 614 κόλπῳ,
711 530 773 590 τοῦ
783 521 845 590 τόν
859 526 983 609 πατέρα
994 528 1163 611 κατέλαβε

101 646 136 703 93
148 630 299 718 Εὐήνιον
312 637 448 716 πρῆγμα
462 626 611 694 τοιόνδε·
621 623 713 692 Ἔστι
729 625 766 689 ἐν
779 629 820 710 τῇ
833 620 1038 711 Ἀπολλωνίῃ
1048 624 1162 712 ταύτῃ

147 731 204 821 ίρά
214 730 312 820 ήλίον
323 724 536 818 πρόβατα,τά
548 723 607 803 τὰς
617 725 680 810 μὲν
689 721 814 809 ἡμέρας
823 723 979 809 βόσκεται
989 721 1080 808 παρὰ
1091 750 1162 791 πο-

147 827 264 917 ταμόν,
280 826 317 907 ὃς
331 830 367 896 ἐκ
378 826 566 911 Λόκμωνος
576 821 695 908 οὔρεος
709 823 776 908 ῥέει
790 818 845 887 διὰ
861 826 919 907 τῆς
930 819 1162 908 Ἀπολλωνίης

147 930 255 1015 χώρης
272 930 306 1006 ἐς
318 926 496 995 θάλασσαν
510 918 592 1005 παρ’
604 920 745 1006 Ὤρικον
758 922 888 1005 λιμένα,
902 916 961 997 τὰς
977 920 1013 987 δὲ
1027 920 1159 998 νύκτας

148 1025 365 1112 ἀραιρημένοι
379 1022 500 1109 ἄνδρες
515 1026 550 1090 οί
561 1018 695 1107 πλούτῳ
712 1043 747 1084 τε
761 1018 818 1083 καί
827 1019 919 1102 γένει
932 1017 1159 1104 δοκιμώτατοι

145 1135 214 1195 τῶν
229 1125 357 1211 ὐστών,
379 1115 473 1192 οὗτοι
494 1119 707 1207 φυλάσσουσι
724 1114 882 1185 ἐνιαυτόν
896 1119 1048 1196 ἕκαστος·
1076 1123 1160 1204 περὶ

147 1231 274 1294 πολλού
300 1221 366 1310 μᾶρ
389 1223 430 1309 δή
458 1225 632 1288 ποιεῦνται
653 1213 913 1300 Ἀπολλωνιῆται
937 1213 978 1282 τό
1000 1217 1158 1303 πρόβατα

146 1332 251 1392 ταῦτα
265 1325 301 1390 ἐκ
316 1324 528 1406 θεοπροπίου
538 1316 640 1392 τινός.
663 1316 700 1382 ἐν
712 1314 748 1380 δὲ
760 1312 871 1404 ἄντρῳ
883 1311 1071 1394 αὐλίζονται
1086 1313 1156 1381 ἀπὸ

146 1430 204 1508 της
218 1421 334 1499 πόλιος
351 1419 435 1497 ἕκός.
459 1422 545 1485 ἔνθα
561 1412 601 1499 δή
616 1413 691 1480 τότε
706 1410 723 1478 ὁ
738 1409 885 1498 Εὐήνιος
899 1404 998 1490 οὗτος
1011 1410 1157 1499 ἆραιρη-
1271 1434 1272 1441 “

147 1521 246 1605 μένος
262 1515 438 1603 ἐφύλασσε.
473 1520 532 1582 καί
549 1537 625 1579 κοτε
646 1508 752 1578 αὐτοῦ
772 1510 1077 1597 κατακοιμήσαντος
1092 1510 1152 1597 τήν

147 1612 304 1702 φυλακήν
325 1613 552 1699 παρελθόντες
573 1609 671 1677 λύκοι
693 1612 726 1686 ἐς
746 1606 784 1676 τό
806 1609 932 1693 ἄντρον
953 1613 1155 1696 διέφθειραν
1271 1604 1272 1623 ’

145 1722 215 1785 τῶν
229 1712 408 1802 προβάτων
426 1710 469 1791 ὡς
484 1712 650 1799 ἑξήκοντα.
687 1708 760 1777 ὁδί
776 1706 821 1787 ὡς
839 1710 971 1796 ἐπήισε,
993 1708 1059 1798 εἶχε
1074 1719 1154 1799 σιγῇ
1271 1792 1272 1801 ¹

146 1818 202 1884 καὶ
222 1818 342 1901 ἔφραζε
360 1810 489 1898 οὐδενί,
508 1815 546 1881 ἐν
560 1810 630 1902 νόῳ
653 1816 737 1895 ἔχων
757 1807 1053 1898 ἀντικαταστήσειν
1067 1809 1154 1879 ἄλλα
1271 1810 1272 1839 ¹

147 1913 339 2001 πριάμενος.
363 1913 418 1980 καί
432 1909 474 1979 οὐ
488 1909 553 1999 ρδρ
567 1917 668 1980 ἔλαθε
681 1905 761 1987 τούς
772 1906 1036 1998 Ἀπολλωνιήτας
1049 1917 1155 1979 ταῦτα

146 2014 329 2102 γενόμενα,
346 2012 419 2082 ἀλλ’
438 2011 482 2092 ὡς
497 2014 683 2096 ἐπύθοντο,
699 2008 930 2098 ὑπαγαγόντες
944 2039 1002 2099 μιν
1018 2012 1083 2081 ὑπὸ
1102 2020 1156 2080 δι-

147 2110 328 2200 καστήριον
342 2116 558 2202 κατέκριναν,
575 2108 619 2189 ὡς
632 2106 694 2196 τήν
710 2108 868 2196 φυλακήν
884 2114 1156 2202 κατακοιμήσαν-

146 2237 204 2297 τα,
227 2217 285 2296 τής
300 2209 396 2293 όψιος
411 2216 624 2300 στερηθῆναι.
654 2211 728 2277 ἐπεί
738 2235 774 2276 τε
789 2211 826 2277 δὲ
840 2207 901 2277 τόν
915 2206 1068 2296 Εὐήνιον
1082 2213 1156 2291 ἐξε-

145 2310 345 2396 τύφλωσαν,
361 2308 479 2379 αὐτίκα
493 2305 575 2395 μετα
588 2313 692 2374 ταῦτα
709 2305 787 2374 οὐτε
803 2306 956 2394 πρόβατά
971 2327 1032 2393 σφι
1047 2313 1155 2377 ἔτικτε

146 2409 224 2479 οὐτε
244 2417 287 2498 μή
309 2416 407 2498 ἔφερε
428 2408 550 2496 ὁμοίως
569 2404 710 2491 καρπόν.
739 2406 918 2495 πρόφαντα
933 2411 974 2475 δί
984 2425 1046 2494 σφι
1064 2413 1101 2476 ἕν
1117 2434 1154 2476 τε

146 2506 301 2596 Δωδώνη
322 2510 377 2575 καί
398 2510 435 2574 ἐν
451 2514 615 2593 Δελφοῖσι
637 2508 773 2592 ἐγίνετο.
807 2508 881 2575 ἐπεί
896 2532 933 2574 τε
953 2508 1152 2595 ἐπειρώτεον

146 2602 225 2684 τούς
239 2605 414 2693 προφήτας
424 2602 462 2673 τό
473 2614 581 2673 αίτιον
591 2611 653 2671 τοῦ
664 2604 848 2690 παρεόντος
859 2610 982 2690 κακού,
998 2610 1033 2672 σί
1042 2604 1078 2673 δὲ
1089 2603 1154 2673 αὐ-
1238 2668 1241 2677 ,
1270 2636 1271 2681 3

145 2715 231 2772 τοῖσι
247 2708 408 2789 ἔφραζον,
429 2701 481 2772 ότι
503 2701 624 2782 ὐδίκως
637 2700 698 2771 τόν
713 2703 868 2789 φύλακον
882 2711 951 2771 τόν
965 2708 1050 2792 ίρών
1066 2729 1153 2792 προ-
1270 2730 1271 2737 “

147 2799 259 2889 βότων
274 2799 425 2889 Εὐήνιον
446 2810 503 2890 τής
524 2801 620 2885 όήιος
634 2803 829 2889 ἐστέρησαν·
859 2800 954 2870 αὐτοὶ
970 2800 1035 2890 γὰρ
1050 2805 1153 2889 ἐπορ·
1270 2820 1271 2863 ὲ

147 2904 248 2985 μήσαι
270 2896 349 2976 τούς
369 2898 511 2985 λύκους,
533 2898 574 2967 οὐ
595 2900 760 2987 πρότερόν
779 2926 815 2968 τε
835 2899 1027 2970 παύσεσθαι
1047 2927 1153 2987 τιμω-
1270 2888 1271 2967 ί

147 2999 279 3079 ρέοντες
296 2999 410 3087 ἐκείνῳ
425 3001 504 3086 πρὶν
518 2994 540 3084 ή
556 3001 651 3076 δίκας
664 3002 747 3065 δῶσι
761 3004 830 3066 τῶν
845 3001 1005 3086 ἐποίησαν
1018 3001 1152 3089 ταύτας,

144 3093 203 3174 τὰς
217 3090 262 3163 ἂν
275 3092 376 3175 αὐτός
390 3100 501 3185 ἕληται
518 3098 574 3163 καί
590 3101 729 3166 δικαιοί·
751 3096 882 3166 τούτων
896 3101 933 3167 δὲ
946 3106 1152 3188 τελεομένων
1269 3138 1270 3143 ’

146 3192 242 3263 αὐτοὶ
259 3194 381 3265 δώσειν
396 3193 532 3285 Εὐηνίῳ
547 3196 644 3263 δόσιν
658 3196 834 3285 τοιαύτην,
849 3196 911 3286 τήν
928 3200 1074 3280 πολλούς
1092 3229 1152 3288 μιν

21 3292 29 3319 '¹
96 3305 132 3362 94
146 3296 339 3378 μακαριέειν
353 3292 547 3382 ἀνθρώπων
563 3299 688 3380 ἔχοντα.
715 3294 764 3363 Τὰ
778 3296 840 3382 μὲν
853 3297 1034 3385 χρηστήρια
1047 3301 1152 3369 ταύτό

147 3408 209 3473 σφι
220 3391 378 3477 ἐχρήσθη,
387 3396 422 3459 οί
429 3392 466 3459 δὲ
475 3388 735 3480 Ἀπολλωνιῆται
746 3391 919 3481 ἀπόρρητα
930 3396 1150 3483 ποιησόμενοι

146 3490 338 3571 προύθεσαν
348 3494 416 3556 τών
427 3487 538 3560 ἀστῶν
549 3489 692 3576 ἆνδρύσι
707 3497 893 3581 διαπρῆξαι.
913 3497 948 3563 σί
958 3497 998 3563 δέ
1009 3514 1071 3578 σφι
1083 3499 1150 3567 διί-
1269 3564 1270 3569 ,
