2626 3932
1148 9 1293 213 ”l

228 431 403 490 Βοιωτοῖσι
417 416 438 506 ἦ
455 432 539 487 τοῖσι
556 419 758 486 Χαλκιδεῦσι
773 416 976 501 ἐπιχειρέειν.
999 417 1243 507 συμβάλλουσί

227 547 263 588 τε
278 516 319 606 δὴ
330 532 416 587 τοῖσι
426 526 601 587 Βοιωτοῖσι
616 518 650 580 οἱ
658 511 831 598 Ἀθηναῖοι
842 514 898 581 καὶ
908 521 1021 607 πολλῷ
1032 518 1237 604 ἐκράτησαν,

228 621 334 706 κάρτα
349 620 385 688 δέ
399 614 545 695 πολλούς
560 613 786 702 φονεύσαντες
798 618 1015 695 ἑπτακοσίους
1026 613 1139 685 αὐτῶν
1153 618 1239 699 ἐζώ-

227 737 366 808 γρησαν.
407 724 465 804 τῆς
497 713 533 782 δέ
559 711 661 799 αὐτῆς
691 712 813 798 ταύτης
841 711 967 800 ἡμέρης
1000 719 1035 784 οἱ
1058 712 1239 802 Ἀθηναῖοι

228 816 403 906 διαβάντες
423 817 456 894 ές
477 810 539 900 την
553 807 704 897 Εύβοιαν
722 809 951 898 συμβάλλουσι
974 814 1030 907 καὶ
1042 825 1128 883 τοῖσι
1141 821 1239 883 Χαλ-

227 919 374 997 κιδεῦσι,
389 910 586 998 νικήσαντες
598 911 634 978 δὲ
645 913 700 977 καὶ
710 908 850 988 τούτους
860 917 1141 997 τετρακισχιλίους
1151 920 1237 999 κλη-

228 1012 372 1099 ρούχους
387 1012 439 1078 έπὶ
456 1016 524 1078 τῶν
545 1011 754 1095 ἱπποβοτέων
775 1014 815 1095 τη
830 1006 922 1096 χάρη
944 1014 1112 1078 λείπουσι·
1141 1014 1177 1079 οἱ
1202 1008 1236 1077 δ’
1288 1064 1293 1081 .

228 1109 406 1196 ἱπποβόται
428 1108 603 1175 ἐκαλέοντο
624 1110 658 1174 ολ
674 1107 792 1192 παχέες
811 1112 880 1172 τῶν
898 1107 1102 1174 Χαλκιδέων.
1131 1103 1238 1186 ὅσους

230 1211 266 1277 δέ
284 1208 483 1276 καὶτούτων
497 1207 704 1299 ἐζώγρησαν,
727 1204 796 1293 ἅμα
815 1220 901 1274 τοῖσι
914 1212 1073 1274 Βοιωτῶν
1087 1208 1237 1293 ἐζωγρη-

229 1308 358 1393 μένοισι
378 1303 466 1391 εἶχον
486 1307 524 1374 έν
547 1308 697 1397 φυλακῇ,
720 1306 757 1371 έν
778 1305 893 1382 πέδαις
918 1303 1093 1391 δήσαντες·
1120 1305 1236 1398 χρόνῳ

230 1405 265 1472 δὲ
280 1404 410 1473 ἔλυσάν
418 1422 523 1490 σφεας
537 1407 678 1488 δίμνεως
691 1398 984 1487 ἀποτιμησάμενοι.
1007 1399 1065 1482 τάς
1080 1403 1116 1471 δέ
1129 1405 1237 1483 πέδας

229 1499 358 1582 αὐτῶν,
381 1501 418 1567 έν
431 1507 505 1588 τῇσι
520 1494 689 1584 ἐδεδέατο,
710 1496 942 1585 ἀνεκρέμασαν
956 1500 989 1578 ές
1001 1495 1064 1586 τὴν
1083 1496 1236 1587 άκρόπο-

228 1607 299 1681 λιν,
316 1599 353 1663 αἵ
369 1621 431 1681 περ
448 1602 495 1664 ἔτι
510 1599 564 1664 καὶ
578 1599 612 1675 ές
626 1596 683 1683 ἐμὲ
695 1590 783 1683 ἦσαν
798 1602 1007 1684 περιεοῦσαι,
1026 1600 1236 1685 κρεμάμεναι

229 1701 265 1766 έκ
289 1699 423 1782 τειχέων
442 1698 782 1784 περιπεφλευσμένων
806 1700 888 1781 πυρὶ
916 1695 982 1765 ὑπὸ
1010 1705 1071 1766 τοῦ
1095 1699 1235 1788 Μήδου,

227 1793 344 1863 άυτίον
358 1794 394 1861 δέ
413 1801 474 1862 τοῦ
488 1795 638 1881 μεγάρου
657 1801 718 1862 τοῦ
735 1791 820 1883 πρός
835 1797 979 1882 ἑσπέρην
992 1798 1233 1883 τετραμμένου.

228 1900 370 1967 καὶτῶν
390 1896 523 1984 λύτρων
546 1893 608 1983 την
630 1888 773 1982 δεκάτην
793 1893 984 1982 ἀνέθηκαν,
1011 1896 1235 1985 ποιησάμενοι

227 1998 414 2082 τέθριππον
425 1997 584 2082 χάλκεον·
605 1991 643 2062 τό
658 1994 694 2062 δέ
708 1991 882 2082 άριστερῆς
892 1990 1001 2081 χειρός
1011 1995 1127 2082 ἕστηκε
1137 2001 1235 2081 πρῶ-

227 2119 287 2161 τον
304 2094 429 2163 έσιόυτι
442 2096 475 2174 ές
489 2091 529 2161 τά
545 2092 738 2178 προπύλαια
752 2090 793 2160 τά
809 2094 846 2159 έν
861 2098 901 2180 τῇ
919 2089 1098 2177 ἀκροπόλι·
1120 2096 1235 2179 ἐπιγέ-

226 2217 369 2281 γραπται
387 2195 426 2261 δέ
442 2198 476 2263 οἱ
486 2193 581 2270 τάδε·

302 2290 429 2361 ’Έθυεα
443 2298 601 2361 Βοιωτῶν
615 2292 670 2358 καλ
684 2294 879 2359 Χαλκιδέων
894 2292 1101 2377 δαμάσαντες

353 2393 476 2468 Παῖδες
486 2387 675 2476 Ἀθηναίων
689 2395 850 2477 ἔργμασιν
865 2394 902 2459 έν
917 2395 1065 2478 πολέμου

312 2493 436 2576 Δεσμῷ
451 2490 489 2554 έν
505 2485 679 2573 άχλυόευτι
693 2490 835 2580 σιδηρέῳ
851 2495 992 2577 ἔσβεσαν
1008 2488 1125 2578 ύβριν·

355 2590 432 2651 Τόν
443 2586 567 2664 ἵππους
579 2585 722 2672 δεκάτην
732 2587 885 2655 Παλλάδι
895 2586 990 2655 τάσδ’
1004 2593 1137 2657 ἔθεσαν.
1288 2642 1289 2661 ι

179 2688 215 2747 78
224 2678 398 2767 Ἀθηναῖοι
415 2683 478 2768 μέν
498 2709 565 2752 νυν
587 2681 748 2771 αύξηντο,
769 2689 869 2772 δηλολ
885 2685 922 2753 δέ
943 2683 984 2754 ού
1001 2685 1074 2755 κατ’
1092 2691 1131 2756 ἓν
1144 2697 1234 2774 μοῦ-

227 2804 306 2865 νον,
320 2776 404 2848 άλλά
415 2789 565 2871 πανταχῇ
575 2779 597 2869 ἡ
609 2788 760 2870 ἰσηγορίη
773 2780 817 2863 ὥς
832 2785 899 2852 έστὶ
908 2791 1017 2871 χρῆμα
1033 2790 1232 2876 σπουδαίου,

227 2883 258 2944 εἰ
266 2880 322 2944 καὶ
331 2876 504 2965 Ἀθηναῖοι
514 2883 800 2969 τυραννευόμενοι
808 2884 870 2968 μέν
881 2879 1041 2969 οὐδαμῶν
1051 2889 1234 2972 τῶνσφέας

226 2975 485 3061 περιοικεόντων
499 2972 587 3066 ἦσαν
599 2979 640 3048 τά
651 2984 792 3067 πολέμια
806 2977 980 3069 άμελνους,
995 2980 1234 3071 ἀπαλλαχθέν-

226 3098 279 3151 τες
300 3072 336 3140 δὲ
360 3073 540 3161 τυράννων
563 3086 680 3170 μακρῷ
704 3086 828 3167 πρῶτοι
855 3083 1027 3167 ἐγένοντο·
1060 3088 1159 3171 δηλοῖ
1183 3078 1233 3153 όν

225 3178 346 3258 ταῦτα,
375 3170 427 3241 ότι
449 3178 665 3265 κατεχόμενοι
685 3178 747 3264 μέν
765 3176 996 3264 ἠθελοκάκεον
1020 3179 1065 3260 ὡς
1085 3181 1232 3271 δεσπότῃ

146 3323 148 3327 .
226 3269 454 3362 ἐργαζόμενοι,
481 3278 783 3361 ἐλευθερωθέντων
808 3276 844 3347 δέ
867 3277 966 3360 αὐτὸς
987 3282 1124 3360 ἕκαστος
1144 3284 1233 3350 ἑωυ-

176 3375 211 3432 79
226 3374 272 3458 τῷ
291 3376 520 3459 προεθυμέετο
541 3377 811 3463 κατεργάζεσθαι.
842 3369 934 3446 ούτοι
956 3378 1019 3464 μέν
1040 3404 1107 3446 νυν
1125 3388 1231 3448 ταῦτα

225 3470 411 3555 ἔπρησσον,
434 3477 576 3557 Θηβαῖοι
599 3475 636 3541 δὲ
661 3474 743 3560 μετά
767 3482 871 3543 ταῦτα
899 3478 932 3553 ές
954 3472 1040 3544 θεὸν
1067 3482 1230 3565 ἔπεμπον,

228 261 269 324 36
375 260 379 265 ’
603 259 853 316 HERODOTI
