2618 3928
210 231 271 295 156
312 304 318 321 .
587 235 839 295 ειεαοοοτι

158 411 192 467 73
203 392 441 482 Ἀρτυστώνης.
485 393 619 483 Φρύγες
634 396 671 462 δὲ
690 392 861 482 ἀγχοτάτω
884 398 942 480 τῆς
955 399 1226 481 Παφλαγονικῆς

207 495 334 583 σκενῆν
349 494 449 583 εἶχον,
466 494 582 584 ὀλίγον
592 499 892 584 παραλλάσσοντες.
916 502 952 566 ολ
966 497 1003 567 δὲ
1014 498 1158 587 Φρύγες,
1177 496 1224 579 ῶς

207 592 407 673 Μακεδόνες
421 597 574 682 λέγουσι,
589 597 765 664 ἐκαλέοντο
778 601 898 681 Βρίγες
911 595 1037 683 χρόνον
1054 595 1137 666 ὅσον
1147 594 1224 666 Εύ-

209 691 350 778 ρωπῆιοι
365 692 477 771 ἐόντες
491 692 645 762 σύνοικοι
659 687 748 781 ῆσαν
761 693 949 778 Μακεδόσι,
965 693 1170 782 μεταβάντες
1184 694 1224 763 δὲ

209 792 242 870 ἐς
257 787 321 877 τῆν
337 786 451 878 Ἀσίην
464 788 534 879 άμα
547 798 589 881 τῆ
604 792 697 880 χῶρη
711 794 767 860 καὶ
782 788 820 859 τό
843 789 973 879 οὕνομα
987 795 1172 880 μετέβαλον
1189 795 1223 872 ἐς

209 889 355 976 Φρύγας.
373 887 540 978 Ἀρμένιοι
555 893 591 958 δὲ
605 891 689 958 κατά
704 912 765 974 περ
781 888 915 978 Φρύγες
929 890 1124 977 ἐσεσάχατο,
1142 890 1222 959 ἐόν-

209 1016 263 1070 τες
277 996 425 1075 Φρυγῶν
445 988 589 1058 άποικοι.
618 990 749 1057 τούτων
763 991 1030 1077 συναμφοτέρων
1049 983 1131 1078 ῆρχε
1144 986 1222 1076 Ἀρ-

161 1106 196 1162 74
209 1089 341 1175 τόχμης,
351 1096 501 1177 Δαρείου
512 1094 597 1176 έχων
607 1092 787 1177 θυγατέρα.
804 1090 912 1157 Λυδοὶ
923 1089 960 1157 δέ
970 1085 1141 1176 ἀγχοτάτω
1151 1096 1219 1158 τῶν
1281 1122 1284 1195 ρ

205 1186 410 1274 Ἑλληνικῶν
426 1186 515 1274 εἶχον
529 1186 626 1258 όπλα.
655 1193 689 1257 οί
702 1189 739 1256 δὲ
752 1190 859 1256 Λυδοὶ
873 1182 1024 1275 Μηίονες
1040 1191 1221 1257 ἐκαλεῦντο
1283 1202 1285 1253 1

210 1285 247 1356 τδ
260 1288 374 1373 πάλαι,
390 1288 444 1356 ἐπὶ
457 1287 494 1356 δέ
504 1292 621 1356 Λυδοῦ
631 1293 694 1355 τοῦ
701 1284 821 1366 ’Ἆτυυς
832 1291 930 1372 ἐσχυν
939 1283 1002 1373 τῆν
1015 1287 1220 1375 ἐπωνυμίην,
1284 1276 1286 1327 ¹

211 1386 454 1477 μεταβαλόντες
469 1384 507 1455 τό
525 1385 664 1473 ούνομα.
691 1389 808 1455 Μυσοὶ
829 1387 866 1455 δέ
880 1388 933 1454 ἐπὶ
947 1387 1010 1474 μὲν
1024 1396 1099 1478 τῆσι
1113 1415 1219 1476 κεφα-
1287 1422 1288 1431 ¹

210 1492 287 1574 λῆσι
302 1483 391 1572 εἶχον
404 1484 531 1572 κράνεα
546 1485 722 1571 ἐπιχῶρια,
739 1480 881 1563 άσπίδας
898 1484 935 1553 δέ
949 1484 1101 1574 σμικράς,
1116 1483 1220 1555 άκον-
1288 1498 1289 1527 f

210 1590 310 1651 τίοισι
320 1583 357 1650 δὲ
364 1585 516 1668 ἐχρέοντο
528 1583 745 1652 ἐπικαύτοισι.
762 1576 857 1653 οὗτοι
868 1584 909 1652 δέ
917 1591 980 1653 είσι
985 1590 1110 1654 Λυδῶν
1121 1585 1220 1654 άποι-

211 1704 281 1765 κοι,
303 1676 361 1746 ἄπ’
383 1677 572 1766 Οὐλύμπου
589 1679 627 1748 δὲ
647 1679 767 1769 ούρεος
783 1683 959 1752 καλέονται
974 1680 1219 1771 Οὐλυμπιηνοί.

211 1781 336 1847 Λυδῶν
350 1778 387 1847 δέ
397 1781 453 1847 καλ
464 1785 599 1847 Μυσῶν
609 1772 690 1867 ῆρχε
701 1776 955 1867 Ἀρταφέρνηςὸ
971 1780 1221 1869 Ἀρταφέρνεος,

163 1891 197 1946 75
213 1874 250 1958 δς
264 1880 297 1958 ἐς
311 1885 515 1962 Μαραθῶνα
529 1881 665 1968 ἐσέβαλε
679 1878 748 1966 άμα
762 1878 857 1948 Δάτι.
883 1879 1024 1968 Θρήϊκες
1039 1879 1076 1948 δέ
1090 1880 1142 1949 ἐπὶ
1159 1879 1221 1965 μέν

211 1983 287 2066 τῇσι
302 1985 466 2068 κεφαλῇσι
481 1976 671 2057 ἀλωπεκέας
685 1983 815 2065 ἔχοντες
830 1979 1079 2067 ἐστρατεύοντο,
1097 1982 1173 2067 περὶ
1184 1979 1221 2047 δὲ

211 2075 249 2147 τό
264 2085 360 2165 σῶμα
376 2087 543 2165 κιθῶνας,
564 2080 617 2147 ἐπὶ
638 2081 675 2147 δέ
696 2077 803 2168 ζειρὰς
818 2082 1096 2168 περιβεβλημένοι
1110 2086 1221 2148 ποικί-

212 2184 282 2261 λας,
290 2176 366 2262 περὶ
378 2177 415 2245 δέ
423 2174 503 2257 τούς
513 2176 620 2256 πόδας
629 2202 666 2244 τε
676 2179 732 2244 καὶ
741 2174 800 2256 τάς
810 2177 939 2265 κνήμας
949 2180 1067 2247 πέδιλα
1078 2185 1220 2267 νεβρῶν,

212 2271 296 2362 πρὸς
311 2272 348 2342 δὲ
358 2270 499 2345 ἀκόντιά
508 2302 544 2344 τε
559 2277 613 2344 καλ
624 2278 745 2354 πέλτας
755 2278 811 2344 καὶ
822 2278 999 2364 ἐγχειρίδια
1009 2274 1143 2365 σμικρά.
1160 2270 1222 2345 ού-

211 2399 263 2442 τοι
277 2373 313 2441 δέ
334 2372 510 2460 διαβάντες
526 2373 589 2461 μὲν
603 2376 636 2453 ἐς
649 2371 712 2460 τῆν
728 2370 841 2461 Ἀσίηυ
855 2373 1050 2461 ἐκλήθησαν
1063 2376 1220 2460 Βιθυνοὶ,

211 2472 249 2542 τό
266 2476 303 2542 δὲ
317 2473 483 2561 πρότερον
498 2477 690 2562 ἐκαλέοντο,
712 2471 757 2554 ῶς
774 2471 870 2543 αύτοὶ
885 2476 1038 2562 λέγουσι,
1059 2473 1220 2561 Στρυμό-

211 2603 296 2662 νιοι,
318 2576 484 2655 οἰκέοντες
503 2577 557 2644 ἐπὶ
571 2575 763 2664 Στρυμόνι·
791 2579 1010 2663 ἐξαναστῆναι
1031 2578 1072 2644 δέ
1088 2593 1170 2662 φασι
1188 2576 1222 2654 ἐξ

212 2672 327 2763 ῆθέων
341 2673 407 2743 ὑπό
426 2681 588 2764 Τευκρῶν
603 2700 640 2744 τε
653 2677 709 2743 καὶ
718 2681 862 2744 Μυσῶν.
883 2679 1041 2763 Θρηίκων
1055 2673 1092 2742 δὲ
1105 2678 1174 2740 τῶν
1184 2674 1222 2740 ἐν

164 2790 198 2846 76
212 2783 253 2865 τῆ
268 2773 359 2866 Ἀσίη
378 2767 459 2862 ῆρχε
471 2776 649 2862 Βασσάκης
669 2772 688 2844 ὁ
707 2772 915 2864 Ἀρταβάνου
915 2826 1010 2843 ......
1030 2770 1171 2851 άσπίδας
1185 2769 1221 2839 δέ

214 2871 400 2959 ὠμοβοΐνας
421 2871 511 2959 εἶχον
526 2870 684 2960 σμικράς,
705 2875 761 2942 καλ
780 2874 971 2961 προβόλους
987 2872 1051 2942 δύο
1065 2880 1221 2955 λυκιοερ-

213 2974 291 3060 γέας
305 2975 442 3054 ἕκαστος
456 2971 537 3061 εἶχε,
553 2975 606 3042 ἐπὶ
621 2975 658 3042 δὲ
671 2979 746 3063 τῆσι
760 2980 924 3064 κεφαλῇσι
939 2973 1066 3057 κράνεα
1082 2972 1220 3059 χάλκεα·

214 3072 298 3162 πρός
311 3074 348 3144 δέ
358 3089 444 3144 τοῖσι
455 3073 595 3161 κράνεσι
606 3067 676 3144 ῶτά
685 3101 722 3145 τε
732 3077 787 3146 καλ
797 3077 896 3164 κέρεα
907 3080 1038 3162 προσῆν
1052 3071 1131 3163 βοός
1140 3069 1222 3158 χάλ-

213 3199 290 3260 κεα,
306 3176 433 3259 ἐπῆσαν
447 3172 485 3239 δὲ
497 3174 552 3241 καὶ
567 3174 685 3261 λόφοι·
707 3172 766 3255 τὰς
781 3174 818 3243 δέ
831 3172 961 3262 κνήμας
977 3171 1094 3261 ράκεσι
1109 3196 1221 3259 φοινι-

213 3273 318 3339 κέοισι
329 3275 543 3356 κατειλίχατο.
567 3274 605 3340 ἐν
620 3272 770 3343 τούτοισι
779 3286 864 3341 τοῖσι
876 3268 1143 3360 άνδράσιἍρεός
1154 3270 1230 3336 ἐστι.

33 3410 36 3447 5
163 3377 196 3435 77
213 3364 423 3453 χρηστήριον.
454 3370 624 3454 Καβηλέες
642 3369 677 3437 δὲ
694 3373 729 3438 οί
743 3374 910 3457 Μηίονες,
930 3366 1093 3436 Λασόνιοι
1108 3368 1144 3434 δὲ
1161 3389 1222 3432 κα-

213 3464 386 3549 λεύμενοι,
399 3459 461 3549 τῆν
471 3461 578 3553 αύτῆν
587 3472 697 3548 Κίλιξι
708 3467 797 3554 εἶχον
808 3462 945 3552 σκευῆν,
958 3459 1020 3551 τῆν
1031 3459 1107 3547 ἐγῶ,
1119 3457 1221 3529 ἐπεάν
