2588 3926
209 242 272 304 336
588 246 840 304 HERODOTI

208 409 313 488 ρίοισί
325 405 392 471 έστι
408 402 448 472 τὰ
463 414 541 472 θεία
556 411 626 472 τῶν
641 404 863 490 πρηγμάτων,
877 411 908 472 εί
920 408 975 473 καί
988 406 1063 473 τότε
1080 411 1145 493 τῆς
1163 403 1228 474 αδ-

208 510 266 589 τής
284 499 408 590 ἡμέρης
425 508 680 589 συμπίπτοντος.
699 511 760 572 τοῦ
773 529 809 571 τε
829 506 867 572 ἐν
879 511 1065 593 Πλαταιῇσι
1085 508 1146 573 καὶ
1165 510 1227 573 τοῦ

98 653 102 661 -
209 605 246 672 έν
259 604 407 693 Μυκάλη
418 607 596 689 μέλλοντος
608 609 746 672 ἔσεσθαι
761 602 931 689 τρώματος
942 602 1036 691 φήμη
1046 619 1136 672 τοῖσι
1145 604 1224 675 Ἕλ-

209 711 284 790 λησι
300 714 384 770 τοτσι
395 702 502 790 ταύτη
516 704 702 787 ἐσαπίκετο,
719 699 803 770 ὥστε
816 708 989 788 θαρσῆσαί
996 727 1031 769 τε
1042 698 1107 789 τήν
1117 724 1223 792 στρα-

208 800 283 885 τιήν
306 806 417 890 πολλῷ
436 806 565 886 μᾶλλον
582 802 637 868 καὶ
662 801 794 868 ἐθέλειν
816 799 1076 886 προθυμότερον
1089 806 1221 870 ’κινδυ-

140 913 189 967 101
207 899 329 966 νεύειν.
353 900 418 967 Καὶ
430 897 507 966 τάδε
518 899 636 982 ἕτερον
648 903 811 966 συνέπεσε
825 897 1021 986 γενόμενον,
1036 900 1221 988 Δήμητρος

207 1000 343 1082 τεμένεα
355 993 556 1082 Ἐλευσινίης
566 995 657 1083 παρά
670 993 861 1084 άμφοτέρας
871 995 931 1077 τάς
941 997 1113 1087 συμβολάς
1121 999 1219 1067 εἶναι.

208 1100 263 1166 καὶ
276 1094 341 1183 γάρ
353 1093 394 1182 δή
409 1097 446 1163 έν
460 1103 499 1185 τή
511 1101 690 1165 Πλαταιίδι
701 1094 782 1184 παρ’
796 1094 878 1165 αὐτὸ
891 1095 928 1163 τὸ
940 1097 1140 1184 Δημήτριον
1152 1098 1221 1182 έγί-

208 1221 300 1280 νετο,
318 1192 361 1273 ὡς
378 1197 433 1262 καί
450 1195 616 1283 πρότερόν
632 1221 689 1281 μοι
706 1206 849 1285 εἴρηται,
865 1193 886 1284 ἡ
900 1196 999 1284 μάχη,
1015 1198 1069 1264 καὶ
1086 1198 1124 1264 ἐν
1135 1202 1220 1264 Μυ-

208 1296 293 1383 κάλη
309 1301 422 1383 ἔμελλε
440 1293 598 1375 ὡσαύτως
615 1302 764 1366 ἔσεσθαι,
793 1302 968 1384 γεγονέναι
983 1301 1019 1366 δέ
1037 1302 1138 1384 νίκην
1152 1303 1220 1364 τῶν

208 1391 289 1481 μετά
299 1399 500 1463 Παυσανίεω
509 1392 681 1482 Ἑλλήνων
695 1393 808 1483 ὀρθῶς
825 1415 886 1481 σφι
899 1394 921 1484 ή
933 1397 1026 1484 φήμη
1037 1399 1218 1483 συνέβαινε

208 1497 365 1562 ἐλθοῦσα.
386 1491 423 1560 τδ
442 1493 505 1579 μέν
519 1492 585 1580 γάρ
601 1496 640 1562 έν
658 1502 842 1584 Πλαταιῇσι
856 1500 948 1582 πρωῒ
960 1500 1007 1563 ἔτι
1020 1501 1078 1580 τῆς
1090 1491 1217 1581 ἡμέρης

209 1595 352 1676 ἐγίνετο,
367 1590 404 1658 τὰ
421 1594 457 1659 δὲ
473 1596 510 1659 ἐν
526 1593 676 1681 Μυκάλη
690 1596 764 1678 τιερλ
783 1598 905 1680 δείλην.
927 1590 979 1661 ὅτι
996 1591 1033 1659 δέ
1043 1598 1102 1677 τῆς
1115 1587 1218 1675 αὐτῆς

207 1687 331 1775 ἡμέρης
348 1692 527 1777 συνέβαινε
541 1697 698 1776 γίνεσθαι
716 1692 822 1779 μηνός
838 1717 874 1760 τε
888 1697 949 1759 τοῦ
968 1688 1089 1775 αὐτοῦ,
1106 1689 1217 1779 χρόνφ

208 1784 250 1856 οὐ
263 1795 375 1881 πολλῷ
386 1808 446 1873 σφι
458 1786 605 1874 ὕστερον
616 1792 700 1878 δήλα
716 1787 997 1875 ἀναμανθάνουσι
1009 1791 1152 1874 ἐγένετο.
1175 1780 1217 1874 ἦν

209 1887 244 1954 δὲ
259 1884 406 1973 άρρωδίη
424 1906 486 1972 σφι
500 1890 583 1974 πρὶν
596 1885 658 1975 τήν
673 1888 788 1976 φήμην
804 1891 1039 1974 ἐσαπικέσθαι,
1055 1885 1130 1954 οὔτι
1142 1887 1216 1971 περί

208 1987 322 2071 σφέων
336 1983 448 2052 αὐτῶν
464 1985 570 2073 οὕτω,
587 1985 632 2066 ὡς
646 1995 714 2054 τῶν
724 1986 910 2074 Ἑλλήνων,
926 1985 971 2075 μή
986 1989 1062 2074 περὶ
1072 1991 1215 2076 Μαρδο·

207 2090 268 2176 νίφ
282 2091 403 2171 πταίση
416 2082 436 2172 ἡ
447 2083 571 2162 Ἑλλάς.
598 2082 642 2162 ὡς
655 2083 801 2171 μέντοιή
817 2082 951 2172 κληδὼν
966 2081 1051 2171 αὕτη
1066 2104 1129 2170 σφι
1145 2086 1216 2152 έσέ·
1269 2114 1270 2189 χ

207 2210 327 2271 πτατο,
345 2185 474 2271 μᾶλλόν
485 2212 516 2253 τι
531 2186 587 2252 καὶ
601 2185 783 2273 ταχύτερον
797 2183 860 2272 τήν
873 2185 1044 2273 πρόσοδον
1060 2186 1216 2251 ἐποιεῦν-

207 2312 254 2353 το.
277 2288 311 2354 oc
323 2285 385 2371 μέν
399 2282 439 2371 δή
452 2281 611 2370 Ἕλληνες
626 2287 681 2352 καὶ
696 2289 730 2352 οί
742 2283 908 2372 βάρβαροι
924 2287 1089 2350 ἔσπενδον
1104 2283 1138 2359 ές
1156 2277 1217 2366 τήν

206 2384 332 2470 μάχην,
354 2382 399 2461 οδς
413 2402 474 2466 σφι
489 2384 545 2449 καί
562 2387 599 2450 αί
618 2389 715 2470 νῆσοι
735 2385 789 2451 καί
812 2380 829 2449 ὁ
847 2380 1087 2467 Ἑλλήσποντος
1108 2379 1217 2446 ἄεθλα
1268 2376 1269 2435 λ

207 2485 393 2569 προεκέετο.

139 2601 189 2656 ιω
293 2588 386 2650 Τοῖσι
401 2585 463 2668 μέν
477 2609 543 2650 νυν
554 2581 763 2669 Ἀθηναίοισι
780 2584 835 2651 καὶ
845 2596 930 2650 τοῖσι
944 2583 1119 2667 προσεχέσι
1133 2578 1216 2647 τοά-
1267 2604 1268 2659 ι

205 2701 291 2752 τοισι
307 2685 535 2770 τεταγμένοισι
550 2686 647 2769 μέχρι
664 2706 728 2749 κου
741 2687 809 2748 τῶν
825 2678 990 2768 ἡμισέων,
1011 2675 1031 2764 ἡ
1048 2675 1127 2755 ὁδός
1147 2680 1216 2763 έγί-

205 2807 281 2850 νετο
295 2780 368 2850 κατ’
384 2782 538 2867 αίγιαλόυ
552 2807 588 2850 τε
605 2783 661 2849 καί
675 2779 801 2848 άπεδον
815 2786 943 2867 χῶρον,
957 2789 1043 2846 τοῖσι
1055 2777 1093 2842 δὲ
1106 2783 1215 2843 Λακε-

206 2885 406 2967 δαιμονίοισι
421 2884 476 2948 καὶ
491 2894 576 2949 τοῖσι
591 2881 706 2965 έπεξής
724 2878 872 2946 τούτοισι
887 2877 1116 2961 τεταγμένοισι
1130 2869 1214 2940 κατά
1266 2894 1267 2897 ’

205 3006 240 3047 τε
254 2978 427 3066 χαράδρην
440 2982 496 3047 καί
510 2976 622 3066 οὔρεα.
646 2980 684 3045 έν
700 2968 727 3067 ςδ
744 2977 781 3044 δδ
797 2979 831 3045 οί
843 2971 1104 3057 Λακεδαιμόνιοι
1118 2969 1215 3054 περι-

205 3080 315 3166 ήίσαν,
331 3070 425 3148 οὗτοι
440 3084 474 3146 οί
487 3079 539 3149 ἐπὶ
553 3085 599 3168 τῷ
615 3079 715 3168 ἕτέρφ
728 3077 819 3163 κέρεί
832 3081 903 3160 [ἔτι]
918 3073 973 3141 καὶ
984 3069 1025 3158 δή
1039 3070 1211 3157 ἐμάχοντο.
1265 3140 1266 3167 χ

204 3180 266 3255 ἕως
282 3180 343 3263 μέν
354 3204 421 3244 νυν
435 3191 520 3245 τοῖσι
531 3181 680 3266 Πέρσησι
696 3177 799 3264 ὄρθια
815 3170 859 3262 ήν
872 3171 913 3242 τά
929 3176 1043 3260 γέρρα,
1058 3167 1213 3257 ήμύνον·

204 3268 243 3340 τό
260 3299 295 3340 τε
310 3276 365 3341 καὶ
380 3270 480 3341 οὐδὲν
497 3280 639 3343 ἔλασσον
660 3275 750 3362 εἰχον
764 3282 803 3362 τή
820 3275 924 3362 μάχη,
948 3273 1068 3339 ἐπείτε
1087 3268 1125 3337 δὲ
1147 3275 1213 3337 τῶν

202 3367 391 3453 Ἀθηναίων
405 3373 542 3437 καὶτῶν
560 3378 750 3460 προσεχέων
765 3371 782 3441 ὁ
801 3370 955 3461 στρατὸς,
976 3366 1063 3447 ὅκως
1077 3370 1213 3436 ἑωυτῶν
1264 3362 1265 3413 ²

204 3470 339 3549 λὲνλῐᾱί
354 3466 392 3532 v&
408 3473 507 3551 ἔργον
521 3471 575 3537 καὶ
590 3472 634 3558 μή
648 3479 939 3559 Λακεδαιμονίων,
957 3470 1213 3553 παρακελευσά-
