2618 3928
337 254 424 311 LIB.
456 255 514 310 VII.
548 252 646 309 ΟΑΡ.
678 254 852 311 Iol-104.
1039 248 1099 311 165

10 480 12 487 s
92 441 132 503 γε
149 418 279 501 δίζημαι
292 420 399 489 εἰκοσι
413 408 498 479 εἶναι
512 406 687 488 ἀντάξιον·
715 410 771 476 καί
786 405 875 477 οὕτω
891 409 954 495 μὲν
967 403 1097 495 ὀρθοῖτ’

43 566 50 580 .
94 508 171 606 ἀνῖὅ
186 511 285 598 λόγος
300 506 319 577 ό
333 505 424 596 παρά
441 513 502 575 σεδ
519 509 698 594 εἰρημένος.
723 511 753 574 εἰ
766 505 803 573 δὲ
816 511 965 573 τοιοῦτοί
974 531 1010 573 τε
1023 504 1099 574 ἐόν-

10 690 11 703 ,
94 634 147 689 τες
158 610 213 676 καί
223 606 375 694 μεγάθεα
386 609 550 691 τοσοῦτοι,
565 601 640 672 ὅσοι
651 602 695 671 σά
705 628 741 670 τε
752 605 808 671 καί
818 609 854 671 οδ
860 601 940 691 παρ’
954 605 1009 689 ἐμὲ
1021 629 1098 689 φοι-

10 764 12 767 .
93 715 173 781 τοῖσι
189 706 359 795 Ἑλλήνων
373 708 406 785 ἐς
418 704 557 791 λόγους,
573 701 706 791 αὐχέετε
716 709 867 791 τοσοῦτο,
882 702 958 791 όρα,
973 701 1018 790 μὴ
1033 703 1099 790 μά-

10 856 11 891 ,
93 833 155 894 την
170 804 297 892 κόμπος
312 802 442 890 ὁλόγος
455 794 585 882 οδτοςὸ
597 804 769 890 εἰρημένος
780 812 841 889 εἰη.
864 805 933 871 ἐπεὶ
944 805 1026 889 φέρε
1037 804 1098 871 ἰδω

10 900 12 957 3
93 906 193 973 παντί
208 911 253 995 τῷ
270 903 392 973 οἰκότι·
414 911 482 984 κοῖς
500 893 542 970 ἀν
556 908 715 970 δυναίατο
729 895 863 988 χίλιοιῆ
878 902 933 968 καὶ
947 894 1097 987 μόριοιῆ

94 1004 149 1073 καὶ
162 1001 454 1090 πεντακισμύριοι,
471 1000 582 1078 ἐόντες
597 1025 635 1085 γε
650 997 824 1084 έλεάθεροι
840 997 962 1076 πάντες
976 992 1098 1082 ὁμοίως

10 1154 12 1171 ,
93 1103 149 1171 καλ
164 1098 209 1188 μὴ
227 1098 287 1169 ὑπ’
305 1097 378 1180 ένδς
396 1100 589 1186 ἐρχόμενοι,
604 1105 733 1190 στρατῷ
747 1100 873 1189 τοσῷδε
886 1092 1096 1181 ἀντιστῆναις

10 1226 11 1273 1
93 1202 167 1270 ἐπεί
174 1224 225 1269 τοι
235 1205 376 1279 πλεῦνες
386 1201 462 1287 περὶ
475 1201 536 1268 ένα
546 1200 688 1267 ἕκαστον
700 1198 868 1285 γινόμεθα
877 1192 899 1282 ἢ
908 1203 1007 1282 χίλιοι
1019 1195 1095 1262 ἐόν-

92 1324 161 1367 των
176 1300 314 1367 ἐκείνων
326 1304 425 1371 πέντε
437 1298 607 1385 χιλιάδων.
628 1293 695 1365 ὑπὸ
709 1295 772 1383 μέν
784 1291 852 1382 γάρ
865 1291 940 1372 ένδς
954 1290 1096 1381 ἀρχόμε-

10 1462 11 1469 ,
93 1408 148 1466 νοι
163 1393 247 1465 κατά
261 1395 390 1484 τρόπον
401 1394 462 1466 τόν
474 1393 638 1484 ἡμέτερον
650 1391 793 1482 γενοίατ’
811 1390 855 1462 άν
872 1397 1096 1481 δειμαίνοντες

92 1503 214 1567 τοῦτον
228 1497 282 1565 καὶ
295 1495 387 1584 παρὰ
401 1492 463 1582 τὴν
474 1498 609 1564 ἑωυτῶν
622 1491 730 1580 φάσιν
743 1488 927 1578 ἀμείνονες,
943 1492 997 1561 καί
1011 1499 1096 1558 ἰοιεα

93 1593 355 1685 ἀναγκαζόμενοι
382 1594 515 1684 μάστιγι
541 1597 574 1673 ές
598 1600 745 1672 πλεῦνας
772 1592 949 1671 ἐλάσσονες
975 1590 1095 1677 ἰόντες,

94 1693 262 1780 ἀνειμένοι
273 1696 353 1772 δὲές
363 1690 400 1762 τδ
412 1692 598 1779 ἐλεύθερον
610 1689 673 1761 οάκ
683 1688 729 1760 ἀν
738 1694 885 1760 ποιέοιεν
896 1689 1025 1759 τούτων
1037 1686 1097 1755 οά-

93 1800 217 1885 δέτερα.
241 1796 347 1864 δοκέω
362 1797 400 1863 δέ
419 1801 524 1882 ἐγωγε
538 1796 594 1863 καὶ
610 1790 839 1871 ἀνισωθέντας
858 1791 984 1879 πλήθεϊ
999 1797 1096 1876 χαλε-

10 1926 12 1989 3
92 1901 162 1972 πῶς
172 1889 384 1979 ἀνἝλληυας
395 1894 543 1981 Πέρσησι
553 1892 711 1979 μούνοισι
721 1890 895 1980 μάχεσθαι.
918 1886 1001 1958 ἀλλά
1012 1887 1092 1972 παρ’
1119 1904 1124 1911 ”

10 1992 12 2037 ³
91 1988 173 2078 ἡμῖν
186 1989 286 2059 τοῦτό
302 1992 386 2075 ἐστι,
403 1988 441 2059 τὸ
452 1987 496 2059 σδ
507 1992 624 2077 λέγεις,
642 1996 711 2060 ἐστι
724 2016 764 2076 γε
777 1993 892 2077 μέντοι
902 1985 944 2056 οὐ
958 1982 1094 2073 πολλόν,

92 2085 177 2158 ἀλλά
192 2086 347 2155 σπάνιον.
371 2091 432 2156 εἰσί
445 2086 511 2177 γάρ
525 2091 685 2176 Περσέων
694 2096 763 2158 τόν
777 2090 866 2176 ἐμάν
881 2085 1097 2173 αἰχμοφόρων

10 2248 12 2291 i
92 2193 127 2254 οἳ
138 2186 338 2273 ἐθελήσουσι
355 2182 524 2275 Ἑλλήνων
544 2183 686 2273 ἀνδράσι
707 2189 795 2274 τρισί
814 2183 901 2273 ὁμοῦ
920 2183 1095 2271 μάχεσθαι,

10 2296 12 2349 ἐ
91 2290 159 2353 τάν
176 2279 219 2351 σδ
232 2279 299 2351 ἐάν
312 2281 449 2371 άπειρος
465 2281 571 2354 πολλά
587 2288 773 2374 φλυηρέεις.
801 2282 894 2373 Πρὸς
906 2290 1011 2353 ταῦτα
1022 2291 1096 2368 Δη-
1111 2301 1161 2354 104

47 2380 52 2387 ’
91 2380 236 2468 μάρητος
246 2383 351 2468 λέγει’
368 2374 408 2450 Ὦ
419 2388 568 2470 βασιλεῦ,
580 2378 730 2469 ἀρχῆθεν
739 2377 941 2468 ἠπιστάμην,
951 2378 1001 2450 ότι
1012 2376 1095 2464 ἀλη-

90 2487 169 2567 θείη
182 2481 360 2566 χρεόμενος
375 2479 417 2549 οὐ
435 2488 516 2569 φίλα
531 2508 583 2552 τοι
597 2482 695 2568 ἐρέω,
712 2478 756 2549 σύ
771 2481 807 2550 δὲ
819 2484 889 2550 ἐπεὶ
903 2478 1095 2570 ἠνάγκασας

91 2580 202 2666 λέγειν
215 2585 284 2646 τῶν
299 2581 413 2666 λόγων
425 2579 506 2660 τοὺς
519 2578 784 2668 ἀληθεστάτους,
806 2586 922 2667 ἰλεγον
935 2579 976 2648 τά
993 2579 1094 2666 κατη-

91 2702 193 2745 κοντα
205 2677 442 2766 Σπαρτιήτῃσι.
465 2686 572 2748 καίτοι
588 2678 633 2758 ὦς
647 2676 711 2765 ἐγιδ
722 2678 877 2766 τυγχάνω
887 2677 928 2747 τά
940 2685 1006 2747 νῦν
1015 2678 1094 2747 τάδε

91 2771 255 2858 ἐστοργάς
272 2775 438 2864 ἐκείνους,
453 2773 553 2855 αὐτὸς
567 2777 709 2863 μάλιστα
725 2779 921 2863 ἐξεπίστεαι,
943 2778 977 2844 οἳ
989 2801 1030 2862 με
1044 2800 1095 2842 τι-

91 2871 161 2958 μήν
175 2893 211 2938 τε
224 2872 280 2938 καὶ
288 2874 388 2958 γέρεα
399 2869 600 2960 ἀπελόμενοι
617 2874 767 2963 πατράλα
781 2874 902 2945 ἀπολίν
914 2901 950 2942 τε
961 2877 1016 2943 καὶ
1027 2899 1095 2960 φν-

10 3002 12 3061 ,
89 2970 177 3059 γάδα
193 2969 410 3056 πεποιήκασι,
424 2969 532 3059 πατὴρ
547 2976 584 3042 δὲ
599 2971 618 3043 ὁ
634 2971 692 3053 σδς
707 2971 955 3059 ἀποδεξάμενος
971 2977 1047 3061 βίον
1060 2973 1097 3039 τέ

10 3074 12 3157 s
90 3096 146 3157 μοι
161 3072 218 3138 καὶ
232 3066 327 3137 οἰκον
342 3071 474 3139 δέδωκε.
494 3067 557 3139 οάκ
572 3065 621 3140 άν
637 3071 727 3150 οἰκός
745 3075 813 3140 ἐστι
828 3069 936 3159 ἀνδρα
950 3068 1010 3139 τὸν
1027 3066 1095 3135 σεδ·

10 3164 12 3173 ’
90 3196 202 3258 φρονα
219 3167 358 3239 εάνοιαυ
373 3174 582 3259 φαινομένην
598 3174 819 3259 διωθέεσθαι,
845 3168 929 3239 ἀλλά
945 3168 1095 3253 στέργειν

89 3270 240 3354 μάλιστα.
264 3265 328 3354 ἐγω
340 3269 378 3336 δὲ
391 3266 470 3336 οὔτε
481 3271 561 3337 δέκα
575 3267 718 3354 ἀνδράσι
729 3268 910 3358 ὑπίσχομαι
920 3262 989 3343 οἶός
1001 3289 1037 3331 τε
1049 3259 1095 3329 εἰ·

89 3393 147 3434 ναι
160 3368 327 3454 μάχεσθαι
342 3366 421 3435 οὔτε
436 3371 557 3455 δυοῖσι,
573 3369 660 3437 ἑκάυ
669 3389 705 3436 τε
718 3367 803 3437 εἰναι
817 3363 892 3435 οὐδ’
909 3361 953 3430 ἀν
966 3384 1095 3449 μουνο-

82 3467 242 3553 ,μαχέοιμι
281 3472 311 3536 εί
326 3466 363 3536 δὲ
383 3464 547 3554 ἀναγκαίη
569 3463 655 3556 εἰηνῖ
675 3470 777 3555 μέγας
792 3493 842 3543 τις
862 3462 880 3532 ὁ
900 3456 1094 3545 ἐποτρύνων
