2566 3934
328 266 413 324 ΗΒ.
443 269 462 325 1.
498 266 596 327 cAP.
630 272 805 330 194-198.
1007 262 1068 342 105

86 420 243 511 βάλλοντες
254 426 420 518 ἀλλήλους
430 429 609 509 ἐξωνέοντο
622 425 682 509 τάς
692 428 981 516 καλλιστευούσας,
994 424 1069 497 όσοι

88 528 114 596 δέ
121 536 176 596 τοῦ
185 529 293 619 δήμου
310 538 411 603 έσκον
422 535 593 619 ἐπίγαμοι,
615 523 711 601 οὗτοι
723 531 760 600 δὲ
772 535 877 611 είδεος
892 534 955 620 μὲν
966 529 1068 601 οὐδὲν

87 628 197 696 ἐδέοντο
206 638 369 719 χρηστοῦ,
387 637 422 700 οί
430 628 462 699 δ’
475 627 520 699 ἀν
529 629 682 720 χρήματά
692 657 728 700 τε
738 630 793 700 καὶ
803 635 971 717 αἰσχίονας
980 655 1066 717 παρ-

87 727 396 816 θίνουςέλάμβανον.
423 725 542 816 ἀςγάρ
554 726 594 817 δή
607 725 919 818 διεξέλθοιόκῆρυξ
930 729 1069 798 πωλέων

86 822 130 904 ιύς
144 825 367 909 εὐειδεστάτας
383 836 453 899 τῶν
469 831 670 918 παρθένων,
692 826 809 913 ἀνίστη
827 824 871 897 ἀν
889 826 952 918 τήν
962 826 1069 915 ἀμορ-

87 925 231 1014 φεστότην
250 924 274 1015 ἦ
292 939 325 997 εί
337 954 388 1007 τις
404 925 534 1002 αὐτέων
545 932 692 1014 ἔμπηρος
700 920 761 1015 ἦν,
784 929 840 995 καὶ
850 927 976 1015 ταύτην
990 923 1070 995 ἀνε-

86 1024 225 1114 κήρνσσε,
248 1024 340 1106 ὅστις
353 1028 466 1096 ἐθέλοι
484 1026 659 1113 ἐλάχιστον
666 1032 809 1114 χρυσίον
820 1024 935 1113 λαβούν
951 1046 1069 1095 συνοι-

86 1123 155 1191 νέειν
165 1122 263 1215 αὐτῇ,
289 1128 322 1204 ἐς
340 1121 360 1192 ὃ
375 1129 422 1214 τῷ
437 1120 475 1191 τό
488 1123 661 1210 ἐλάχιστον
677 1121 891 1217 ὑπισταμένῳ
907 1126 1070 1210 προσεκέ-

87 1246 139 1288 ετο·
171 1220 207 1291 τό
239 1225 277 1292 δέ
312 1219 356 1292 ἀν
388 1229 528 1310 χρυσίον
555 1226 682 1310 ἐγίνετο
717 1221 783 1294 ἀπό
818 1230 887 1293 τῶν
912 1223 1069 1293 εὐειδέων

86 1324 259 1411 παρθένων,
290 1325 347 1391 καὶ
368 1319 457 1418 ούτω
484 1326 521 1391 αλ
541 1319 706 1411 εὔμορφοι
733 1321 792 1402 τάς
819 1319 993 1410 ἀμόρφους
1013 1324 1069 1389 καί
1107 1331 1114 1342 “

86 1418 229 1508 ἐμπήρους
250 1423 453 1502 ἐξεδίδοσαν.
483 1422 642 1489 ἐκδοῦναι
668 1420 704 1488 δέ
726 1417 788 1509 τήν
809 1424 936 1489 ἑωυτοῦ
955 1431 1068 1507 θυγα-

86 1516 158 1604 τέρι,
186 1518 270 1611 ότεςσ
299 1518 457 1607 βούλοιτο
484 1521 639 1607 ἕκαστος,
672 1514 736 1587 οὐκ
757 1521 849 1606 ἐξῆν,
882 1515 961 1586 οὐδὲ
983 1516 1067 1587 ἀνευ

87 1614 224 1704 ἐγγυητέω
241 1615 477 1704 ἀπαγαγέσθαι
494 1614 557 1705 τήν
574 1619 749 1706 παρθένον
764 1617 967 1706 πριάμενον,
989 1614 1064 1686 ἀλλ’

35 1798 36 1807 ,
87 1712 220 1802 ἐγγυητὰς
234 1722 323 1804 χρῆν
340 1714 590 1803 καταστήσαντα
612 1708 637 1803 ή
653 1712 721 1803 μὴν
738 1716 953 1806 συνοικήσειν
970 1713 1065 1806 αὐτῇ,

35 1812 36 1823 ³
88 1810 153 1882 οὕτω
171 1812 379 1903 ἀπάγεσθαι·
402 1820 432 1905 εί
450 1814 488 1882 δέ
505 1810 548 1900 μή
562 1820 806 1902 συμφεροίατο,
830 1812 1014 1903 ἀποφέρειν
1027 1814 1065 1882 τό
1176 1846 1179 1849 ’

87 1920 198 1994 ιρνσίου
218 1916 329 1983 ἐκέετο
352 1912 464 2000 νόμος.
498 1914 575 1998 ἐξῆν
596 1913 633 1981 δέ
654 1916 710 1981 καὶ
737 1914 770 1995 ἐξ
792 1911 893 2001 ἀλλης
922 1913 1066 1984 ἐλθόντα

87 2008 175 2098 κόμης
189 2008 250 2080 τόν
265 2010 479 2099 βουλόμενον
496 2008 671 2080 ὠνέεσθαι.
697 2006 794 2096 ὁμέν
810 2038 876 2080 νυν
893 2012 1068 2089 κάλλιστος

87 2106 166 2193 νόμος
185 2102 286 2189 οὗτός
309 2128 371 2197 σφι
391 2101 455 2197 ἦν,
476 2106 520 2177 οὐ
539 2111 655 2196 μέντοι
671 2114 738 2175 νῦν
756 2134 794 2194 γε
813 2112 975 2195 διετέλεσε
992 2107 1068 2195 έιδν,

87 2198 148 2274 ἄλλο
158 2210 232 2276 δέτι
244 2207 444 2296 ἐξευρήκασι
461 2209 580 2275 νεωστὶ
597 2207 775 2292 γενέσθαι,
796 2208 853 2273 ἵνα
864 2203 909 2293 μή
921 2202 1069 2273 ἀδικοῖεν

87 2297 166 2384 αὐτός
174 2304 251 2394 μηδ’
265 2308 301 2385 ἐς
311 2307 428 2392 ἑτέρην
438 2304 539 2373 πόλιν
549 2302 705 2391 ἀγωνται.
735 2305 842 2371 ἐπείτε
853 2301 919 2392 γάρ
930 2299 1068 2383 ἁλόντες

88 2401 284 2494 ἐκαύθησαν
304 2402 700 2493 καδοίκοφθορήθογσαν,
723 2409 787 2483 πᾶς
809 2430 859 2483 τις
878 2409 940 2472 τοῦ
957 2402 1066 2492 δήμου

86 2507 317 2589 βίουσπανίξων
327 2504 571 2594 καταπορνεύει
581 2502 622 2572 τά
632 2503 741 2591 θήλεα
751 2506 861 2572 τέκνα.
874 2546 877 2550 »
898 2503 1066 2591 Δεύτερος
1079 2523 1126 2579 197

86 2601 213 2696 δλσοφίή
230 2604 291 2675 όδε
305 2601 406 2682 ἀλλος
416 2623 478 2691 σφι
493 2601 598 2690 νόμος
609 2605 795 2689 κατέστηκε.
818 2600 898 2682 τούς
916 2601 1066 2690 κάμνον-

85 2721 128 2778 τις
144 2704 174 2784 ἐς
191 2701 255 2792 τήν
277 2698 405 2791 ἀγορήν
422 2703 640 2788 ἐκφορέουσι·
663 2697 704 2767 οὐ
714 2697 780 2788 γάρ
799 2698 839 2787 δή
849 2704 1002 2789 χρέονται
1013 2707 1066 2788 λή-

85 2816 182 2883 τροίσι·
203 2804 401 2892 προσιόντες
419 2796 469 2872 όν
480 2799 571 2891 πρός
586 2799 647 2871 τόν
663 2801 835 2888 κάμνοντα
853 2801 1066 2890 συμβουλεύ-

86 2920 144 2971 ννσι
160 2907 233 2993 περὶ
252 2911 311 2993 τῆς
327 2903 472 2991 νούσου,
495 2913 528 2973 ελ
544 2928 596 2983 τις
613 2906 670 2972 καὶ
684 2898 787 2982 αὐτὸς
802 2908 935 2972 τοιοῦτο
959 2907 1066 2971 ἐπαθε

85 2993 175 3071 οιολον
198 3003 303 3093 ἐχειό
330 3005 471 3094 κόμνων
495 3032 516 3091 η
503 2998 644 3073 ἀλλον
666 3001 733 3073 εἶδε
754 3002 928 3073 παθόντα
960 3008 1064 3070 ταῦτα

84 3100 255 3223 προσιόντες
276 3102 547 3195 συμβουλεύουσι
562 3104 618 3171 κοιλ
634 3098 915 3189 παραινέουσι,”
891 3120 979 3170 ασσα
1001 3098 1066 3169 αὐ-

84 3219 126 3274 ῑθλ
133 3198 266 3289 ποιήσας
282 3204 422 3289 ἐξέφυγε
438 3199 559 3289 ὁμοίην
575 3208 703 3270 νούσου
721 3195 742 3288 ἢ
762 3198 866 3270 ἀλλον
881 3197 947 3269 εἶδε
958 3203 1066 3286 ἐκφυ-

85 3290 173 3375 ἐόντα
196 3307 272 3391 σιγῇ
284 3300 320 3370 δὲ
330 3297 595 3389 παρεξελθεῖν
561 3326 622 3368 τον
639 3297 813 3384 κάμνοντα
823 3295 867 3365 οὐ
876 3317 939 3384 σφι
950 3300 1064 3377 ἔξεστι,

86 3395 146 3479 τήν
164 3394 205 3466 δν
227 3396 457 3489 ἐπείρηται,“
433 3424 553 3488 ηντινα
564 3405 691 3467 νούσου
703 3401 777 3483 ἔχει
826 3396 937 3479 Ταφαὶ
953 3391 992 3454 δέ
1005 3406 1066 3469 σφι
1076 3397 1128 3450 198

86 3487 243 3585 δίμέλιτι,
272 3498 457 3587 θρήνοιδέ
477 3496 705 3585 παραπλήσιοι
727 3508 813 3561 τοῖσι
837 3493 928 3556 ἐνΑ
928 3478 1065 3568 ἐνῦπῖφ
