2588 3926
345 280 431 336 ΗΒ.
463 280 510 334 ΙΧ.
544 279 643 336 CAP.
673 284 815 339 83—38.
1023 273 1087 338 329

80 440 287 527 Αἰγινητέων
314 437 382 503 ἐστὶ
409 432 531 502 αύτόθι
557 432 758 520 καλεόμενος
782 436 906 521 τάφος,
936 433 997 504 τόν
1019 435 1084 524 έγοδ

41 607 45 616 ,
79 533 196 605 ἀκούω
206 538 260 603 καλ
270 534 350 602 δέκα
361 538 446 599 έτεσι
456 530 599 615 ύστερον
609 529 690 618 μετά
701 538 805 599 ταῦτα
815 534 1007 619 δεηθέντων
1017 542 1084 602 τῶν

79 636 287 721 Αἰγινητέων
301 638 404 719 χῶσαι
416 630 572 716 Κλεάδην
587 628 648 698 τόν
663 628 855 700 Αὐτοδίκου
871 630 980 719 ἀνδρα
991 641 1084 700 Πλα-

79 741 188 821 ταιέα,
206 735 383 819 πρόξεινον
398 732 495 800 ἐόντα
510 729 632 798 αὐτῶν.

158 832 217 911 Ὡς
237 829 268 899 δ’
288 830 353 918 ἀρα
374 837 508 911 ἔθαψαν
527 825 606 907 τούς
626 825 767 915 νεκρούς
789 830 826 895 έν
846 836 1030 917 Πλαταιῇσι
1050 835 1084 898 οί
1096 847 1134 904 86

82 929 255 1017 Ἕλληνες,
276 926 394 996 αὐτίκα
410 927 688 1014 βουλευομένοισί
700 944 761 1009 σφι
779 924 891 993 ἐδόκεε
906 925 1083 1013 στρατεύε-

80 1036 164 1096 σθαι
178 1027 232 1096 ἐπὶ
245 1022 304 1105 τάς
319 1025 434 1114 Θήβας
448 1028 503 1095 καὶ
523 1026 680 1106 ἐξαιτέειν
695 1020 808 1090 αὐτόν
827 1020 906 1104 τούς
920 1029 1084 1111 μηδίσαν-

50 1121 53 1125 ’
80 1152 154 1209 τας,
171 1127 208 1193 έν
222 1122 381 1211 πρώτοισι
396 1126 433 1192 δὲ
447 1120 560 1192 αύτιόν
578 1124 800 1209 Τιμηγενίδην
815 1125 870 1190 καλ
881 1119 1082 1209 Ἀτταγῖνον,

79 1230 116 1291 οδ
127 1219 301 1309 ἀρχηγέται
316 1220 380 1290 ἀνά
397 1222 551 1311 πρώτους
564 1213 669 1308 ἦσαν,
684 1216 728 1307 ἡν
744 1221 780 1288 δὲ
796 1218 840 1307 μὴ
856 1222 1020 1307 ἐκδιδῶσι,
1037 1220 1081 1307 μὴ

80 1317 326 1388 ἀπανίστασθαι
338 1318 403 1388 ἀπό
414 1327 471 1406 τῆς
483 1319 599 1397 πόλιος
610 1317 775 1404 πρότερον
789 1314 810 1405 ἡ
825 1321 966 1399 ἐξέλωσι.
992 1315 1035 1397 ὡς
1047 1322 1086 1387 δέ

79 1440 141 1508 σφι
156 1421 259 1488 ταῦτα
275 1422 382 1507 ἔδοξε,
398 1419 486 1488 οὕτω
501 1418 541 1508 δὴ
558 1421 717 1509 ἑνδεκάτη
728 1417 838 1508 ἡμέρη
849 1418 913 1488 ἀπό
928 1429 985 1509 τῆς
996 1441 1083 1506 συμ-

79 1525 181 1607 βολῆς
195 1516 391 1605 ἀπικόμενοι
402 1520 618 1605 ἐπολιόρκεον
629 1524 807 1608 Θηβαίους,
823 1519 1016 1598 κελεύοντες
1027 1522 1082 1587 έκ-

79 1620 211 1687 διδόναι
230 1616 309 1698 τούς
328 1617 469 1707 ἀνδρας·
500 1616 542 1687 ού
557 1620 776 1707 βουλομένων
791 1618 827 1685 δὲ
843 1624 911 1685 τῶν
926 1624 1082 1706 Θηβαίων

49 1798 54 1803 .
80 1714 249 1785 ἐκδιδόναι
260 1715 331 1805 ,τήν
347 1744 381 1787 τε
402 1725 466 1805 γῆν
486 1715 599 1786 αὐτῶν
614 1724 758 1803 ἔταμνον
778 1718 832 1783 καὶ
853 1720 1083 1806 προσέβαλλον

79 1811 163 1901 πρὸς
179 1812 214 1880 τό
230 1828 342 1899 τεῖχος.
363 1817 429 1882 Καλ
440 1810 482 1882 ού
492 1813 557 1901 γάρ
572 1815 736 1884 ἐπαύοντο
748 1813 931 1901 σινόμενοι,
951 1821 1081 1904 είκοστῇ
1096 1828 1133 1884 87

6 1964 9 1967 x
79 1912 185 2000 ἡμέρη
200 1918 288 1992 ἔλεξε
301 1928 387 1985 τοῖσι
404 1922 579 2003 Θηβαίοισι
597 1919 815 2003 Τιμηγενίδης
829 1912 925 1983 τόδε·
943 1911 1083 2005 ’Ἁνδρες

80 2019 237 2098 Θηβαῖοι,
253 2009 365 2098 ἐπειδὴ
378 2009 466 2080 ούτω
481 2015 632 2082 δέδοκται
648 2028 733 2082 τοῖσι
741 2011 887 2100 Ἕλλησι,
901 2012 945 2102 μὴ
961 2011 1083 2099 πρότε-

80 2134 143 2198 ρον
153 2106 381 2195 ἀπαναστῆναι
392 2107 974 2200 πολιορκέονταςὴέξέλωσιΘὴβαςὴ
981 2107 1083 2198 ἡμέας

80 2203 210 2274 αύτοϊσι
224 2212 417 2296 παραδῶτε,
432 2217 498 2278 νύν
516 2202 564 2277 ἀν
577 2206 690 2296 ἡμέων
705 2212 833 2277 έίνεκεν
847 2215 889 2296 γῆ
905 2205 926 2296 ἡ
941 2215 1084 2294 Βοιωτίη

80 2305 170 2373 πλέω
190 2303 234 2392 μὴ
256 2303 450 2399 ἀναπλὴση,
476 2305 550 2377 ἀλλ’
574 2314 604 2377 εί
622 2307 685 2394 μέν
704 2308 882 2396 χρημάτων
898 2313 1084 2395 χρηίζοντες

81 2401 255 2492 πρόσχημα
268 2403 371 2493 ἡμέας
385 2408 601 2494 ἐξαιτέονται,
615 2406 766 2495 χρήματά
778 2427 839 2493 σφι
851 2410 962 2492 δῶμεν
976 2406 1013 2474 ἐκ
1023 2411 1085 2472 τοῦ

80 2511 199 2570 κοινοῦ
216 2503 296 2591 (σύν
307 2504 433 2606 γὰρτῷ
449 2514 553 2596 κοινῷ
567 2509 623 2575 καὶ
637 2509 854 2593 ἐμηδίσαμεν,
870 2502 949 2574 ούδὲ
962 2510 1084 2593 μοῦνοι

80 2599 203 2689 ἡμεῖς),
236 2609 268 2672 εί
286 2605 323 2672 δέ
343 2601 457 2692 ἡμέων
484 2601 636 2689 ἀληθέως
664 2603 818 2688 δεόμενοι
839 2605 1084 2691 πολιορκέουσι,

81 2696 173 2787 ἡμεῖς
185 2697 288 2788 ἡμέας
303 2701 427 2782 αὐτούς
441 2706 473 2781 ἐς
490 2698 683 2787 ἀντιλογίην
697 2702 891 2787 παρέξομεν,
921 2699 1037 2787 Κάρτα
1051 2723 1086 2766 τε

82 2803 173 2879 ἔδοξε
188 2793 228 2868 εὖ
238 2802 348 2888 λέγειν
358 2804 414 2871 καλ
428 2804 462 2880 ές
475 2799 607 2887 καιρόν,
623 2796 743 2867 αὐτίκα
752 2824 789 2866 τε
799 2796 1085 2885 ἐπεκηρυκεύοντο

82 2897 166 2988 πρός
182 2907 380 2988 Παυσανίην
403 2906 437 2969 οί
455 2908 597 2989 Θηβαῖοι
618 2903 792 2979 ἐθέλοντες
815 2897 985 2968 ἐκδιδόναι
1006 2894 1086 2975 τούς

81 2996 215 3084 ἀνδρας.
233 2996 292 3077 Ὡς
308 2999 345 3066 δὲ
357 2995 576 3085 ὡμολόγησαν
587 3000 640 3066 έπλ
650 2996 809 3085 τούτοισι,
824 2995 1011 3085 Ἀτταγῖνος
1021 2999 1084 3081 μέν
1099 3012 1136 3067 88

82 3096 289 3185 ἐκδιδρήσκει
303 3099 340 3165 έκ
350 3102 411 3165 τοῦ
422 3094 550 3184 ἄστεος,
567 3102 686 3177 παῖδας
702 3098 739 3167 δέ
753 3095 860 3166 αύτού
875 3095 1086 3185 ἀπαχθέντας

80 3200 275 3281 Παυσανίης
289 3191 434 3264 ἀπέλυσε
447 3202 505 3282 τῆς
518 3200 639 3282 αἰτίης,
663 3194 730 3283 φάς
743 3203 804 3265 τοῦ
821 3200 990 3284 μηδισμοῦ
1008 3209 1087 3263 παῖ-

82 3302 141 3376 δας
155 3293 256 3364 οὐδέν
270 3292 355 3362 εἶναι
369 3300 565 3382 μεταιτίους.
587 3292 667 3374 τούς
682 3294 719 3363 δὲ
729 3293 853 3373 ἀλλους
865 3293 993 3382 ἀνδρας
1007 3293 1104 3389 τούς.

83 3395 236 3475 ἐξέδοσαν
248 3397 282 3462 οί
288 3401 442 3482 Θηβαῖοι,
457 3396 492 3462 οί
502 3394 565 3480 μὲν
579 3391 717 3462 ἐδόκεον
730 3389 919 3480 ἀντιλογίης
933 3419 969 3461 τε
979 3390 1087 3480 κνρὴ-

82 3513 154 3562 σειν
168 3496 226 3562 καὶ
243 3490 287 3580 δὴ
303 3492 689 3581 χρήμασι-ἐπεποίθεσαν
703 3493 927 3560 διωθέεσθαι·
954 3488 973 3559 ὁ
989 3490 1025 3557 δὲ
1044 3486 1088 3568 ὡς
