2588 3926
226 247 287 310 294
602 254 850 312 HERODOTI

227 414 263 481 δὲ
274 413 307 489 ές
321 409 383 497 τὴν
392 415 577 480 Πλαταιίδα
587 418 663 498 γῆν,
681 409 770 495 παρά
782 409 842 479 τόν
854 410 1006 480 Ἀσωπόν
1016 414 1171 501 ποταμὸν
1180 444 1221 484 τε·

227 511 401 596 ταγμένον.
426 506 468 578 ού
479 514 592 596 μέντοι
603 509 641 578 τό
654 536 694 596 γε
706 524 810 596 τεῦχος
825 517 965 580 τοσοῦτο
980 515 1140 602 ἐποιέετο,
1158 513 1220 583 ἄλλ’
1236 532 1237 535 ’

229 605 273 687 άς
284 608 336 675 ἐπί
347 609 427 675 δέκα
436 612 592 687 σταδίους
602 608 745 694 μάλιστά
756 634 798 697 κγ
807 612 961 696 μέτωπον
970 612 1121 681 ἕκαστον.
1139 614 1220 701 ἐχόν

228 732 295 774 των
312 709 349 774 δὲ
368 704 429 774 τδν
448 706 557 775 πόνον
578 713 698 775 τοῦτον
720 712 788 774 τῶν
806 706 990 795 βαρβάρων
1009 706 1219 797 Ἀτταγίνοςό

228 807 413 892 Φρύνωνος
436 802 523 892 άνὴρ
546 811 692 893 Θηβαῖος
719 807 1060 893 παρασκευασάμενος
1079 808 1221 895 μεγάλως

228 904 341 973 ἐκάλεε
360 905 413 973 ἐπὶ
433 907 537 984 ξείνια
553 900 658 971 αὐτόν
675 928 711 971 τε
730 904 931 989 Μαρδόνιον
947 907 1003 972 καί
1022 905 1223 991 πεντήκοντα

228 1004 385 1085 Περσέων
401 999 480 1081 τούς
494 1001 752 1089 λογιμωτάτους,
766 1002 946 1087 κληθέντες
957 1003 994 1069 δέ
1008 993 1105 1070 οῦτοι
1117 1004 1224 1070 εἷπον

45 1152 52 1177 2
182 1118 213 1171 16
230 1123 276 1166 το.
307 1092 350 1186 ἦν
365 1100 402 1167 δὲ
421 1097 459 1166 τὸ
478 1098 618 1168 δειπνδν
636 1100 838 1186 ποιεύμενον
857 1101 895 1167 ἐν
910 1099 1048 1189 Θήβῃσι.
1083 1101 1175 1170 Τάδε
1195 1105 1226 1169 δέ

227 1194 290 1283 ἤδη
304 1194 345 1264 τά
356 1200 509 1266 ἐπίλοιπα
519 1195 647 1287 ἤκουον
658 1198 888 1283 Θερσάνδρου,
903 1194 1028 1284 ἀνδρός
1040 1199 1104 1285 μέν
1116 1196 1223 1286 Ὀργο

227 1304 361 1383 μευίον,
376 1303 517 1384 λογίμου
531 1298 567 1366 δὲ
585 1300 618 1377 ἐς
630 1293 671 1364 τά
685 1304 799 1383 πρῶτα
811 1299 851 1366 ἐν
862 1295 1054 1387 Ὀρχομενῷ.
1080 1303 1145 1385 ἔφη
1161 1294 1225 1366 δὲδ
1264 1346 1265 1369 ι

228 1399 440 1485 Θέρσανδρος
453 1405 620 1486 κληθῆναι
640 1398 695 1466 καὶ
714 1395 816 1476 αὐτὸς
830 1394 896 1465 ύπό
915 1396 1108 1484 Ἀτταγίνου
1123 1399 1177 1466 ἐπὶ
1192 1395 1226 1465 τό
1265 1400 1267 1477 ζ

228 1502 366 1565 δείπνου
379 1504 495 1583 τοῦτο,
515 1504 683 1584 κληθῆναι
699 1497 736 1566 δὲ
756 1501 812 1566 καὶ
829 1504 987 1585 Θηβαίων
1000 1495 1127 1584 ἄνδρας
1147 1521 1228 1566 πεν·
1267 1510 1268 1515 ’

226 1594 370 1679 τήκοντα
380 1600 439 1662 καί
446 1614 560 1680 σφεων
571 1593 612 1663 ού
622 1599 720 1682 χωρίς
730 1600 905 1684 ἑκατέρους
915 1606 1036 1685 κλίναι,
1047 1594 1227 1683 άλλάΠέρ-
1269 1618 1270 1647 ¹

188 1732 192 1737 ·
227 1712 293 1778 σην
303 1716 339 1759 τε
349 1691 405 1760 καὶ
415 1698 565 1780 Θηβαίου
578 1696 615 1761 έν
629 1699 726 1783 κλίνῃ
741 1694 870 1783 ἑκάστῃ.
894 1692 938 1774 ὡς
952 1697 989 1764 δὲ
1006 1692 1071 1762 άπὸ
1088 1698 1226 1763 δείπνου
1270 1672 1271 1697 ¹

226 1783 330 1878 ἦσαν,
349 1790 574 1861 διαπινόντων
587 1789 649 1860 τόν
664 1796 799 1880 Πέρσην
812 1790 873 1861 τόν
891 1790 1072 1879 ὁμόκλινον
1085 1788 1246 1872 Ἐλλάδα,
1272 1780 1274 1855 ἰ

225 1895 381 1975 γλῶσσαν
396 1891 486 1958 ίέυτα
501 1900 650 1979 εἴρεσθαι
664 1888 769 1960 αῦτδν
782 1889 952 1971 ὁποδαπός
967 1893 1052 1978 ἐστι,
1075 1887 1178 1969 αῦτδς
1193 1891 1226 1957 δέ
1274 1890 1276 1967 ζ

225 1986 474 2076 ὑποκρίνασθαι
491 1989 535 2071 ὡς
549 2001 600 2079 είη
613 1990 828 2079 Ὀρχομένιος.
857 1988 918 2059 τόν
933 1994 970 2059 δὲ
985 1996 1105 2059 είπελν·
1143 1986 1227 2057 Ἐπεὶ

225 2094 292 2155 νῦν
309 2085 531 2175 ὁμοτράπεζός
544 2091 582 2157 τέ
593 2091 719 2176 μοικαὶ
734 2086 944 2175 ὁμόσπονδος
958 2090 1081 2174 ἐγένεο,
1096 2084 1225 2173 μνρμό

226 2185 313 2252 σννά
329 2211 380 2252 τοι
394 2184 529 2273 γνώμης
542 2192 599 2272 τῆς
614 2190 693 2274 ἐμῆς
707 2189 947 2255 καταλιπέσθαι
964 2186 1087 2271 ἐθέλω,
1103 2187 1163 2251 ἵνα
1174 2184 1229 2250 καί

224 2281 387 2372 προειδὼς
402 2281 502 2362 αὐτὸς
513 2287 589 2371 περὶ
605 2291 754 2353 σεωυτοῦ
764 2285 991 2373 βουλεύεσθαι
1002 2288 1076 2371 ἔχῃς
1086 2280 1127 2349 τά
1140 2301 1230 2367 συμ-

225 2383 380 2468 φέροντα.
396 2378 477 2468 ὁρᾷς
487 2380 627 2459 τούτους
637 2378 717 2460 τοῦς
728 2381 1089 2467 δαινυμένουςΠέρσας
1099 2375 1231 2447 καὶτὸν

225 2475 368 2564 στρατόν
388 2473 447 2544 τὸν
462 2480 617 2562 ἐλίπομεν
632 2479 685 2545 ἐπὶ
704 2484 749 2568 τῷ
767 2484 902 2567 ποταμῷ
919 2475 1231 2565 στρατοπεδευόμε-

223 2599 302 2657 νονς
317 2574 447 2643 τούτων
455 2574 593 2644 πάντων
601 2572 698 2658 ὄψεαι
705 2573 821 2663 ὀλίγου
831 2573 922 2655 τινός
931 2574 1058 2662 χρόνον
1065 2569 1235 2643 διελθόν.

223 2696 278 2751 τος
292 2668 426 2757 όλίγονς
446 2671 539 2753 τινάς
555 2670 634 2752 τούς
650 2675 937 2760 περιγενομένους.
978 2669 1090 2739 Ταῦτά
1104 2695 1142 2737 τε
1157 2667 1231 2756 ἅμα

222 2766 281 2836 τόν
288 2771 424 2858 Πέρσην
434 2775 545 2858 λέγειν
554 2774 610 2840 καὶ
620 2773 766 2858 μετιέναι
777 2771 883 2840 πολλά
896 2778 964 2839 τάν
975 2767 1143 2857 δακρύων.
1163 2765 1232 2836 αῦ-

221 2863 277 2943 τός
295 2866 330 2934 δὲ
345 2868 531 2954 θαυμάσας
543 2867 604 2937 τόν
618 2868 721 2953 λόγον
736 2875 841 2938 εἰπεῖν
855 2865 939 2954 πρὸς
954 2865 1073 2936 αὐτόν·
1099 2862 1231 2934 Οὐκοῦν

220 2967 406 3059 Μαρδονίῳ
416 2994 452 3036 τε
462 2975 565 3038 ταῦτα
574 2969 681 3053 χρεόν
692 2973 760 3038 ἐστι
770 2972 881 3056 λέγειν
891 2970 946 3038 καί
956 2980 1042 3035 τοῖσι
1052 2963 1124 3052 μετ’
1138 2967 1230 3033 ἐκεῖ·

219 3091 282 3133 νον
297 3068 333 3133 ἐν
348 3076 425 3156 αίνῃ
440 3071 532 3136 ἐοῦσι
545 3072 712 3157 Περσέων.
749 3068 817 3138 Τὸν
831 3074 867 3137 δὲ
880 3066 962 3157 μετά
979 3073 1082 3137 ταῦτα
1100 3072 1230 3135 εἰπεῖν·

218 3166 330 3247 Ξελνε,
352 3163 417 3231 ότι
433 3168 499 3232 δέει
519 3169 678 3250 γενέσθαι
694 3170 731 3236 έκ
750 3174 812 3236 τοῦ
825 3174 928 3252 θεοῦ,
950 3163 1123 3253 ἀμήχανον
1136 3161 1228 3232 άπο-

218 3265 336 3347 τρέψαι
350 3259 539 3354 άνθρύπμ·
569 3263 649 3334 ούδέ
669 3265 734 3354 γὰρ
755 3265 855 3335 πιστά
872 3270 1007 3354 λέγουσι
1023 3265 1133 3332 ἐθέλει
1149 3267 1226 3330 πεί-

217 3366 343 3432 θεσθαι
365 3355 482 3439 υύδείς.
515 3368 620 3430 ταῦτα
638 3366 675 3432 δὲ
692 3369 851 3451 Περσέων
871 3365 987 3452 συχνοί
1006 3362 1231 3447 ἐπιστάμενοι

216 3453 367 3534 ἑπόμεθα
388 3452 552 3547 άναγκαίγγ
573 3463 789 3549 ἐνδεδεμένοι.
823 3466 957 3549 ἐχθίστη
972 3462 1009 3528 δέ
1031 3456 1138 3544 ὀδύνη
1154 3459 1232 3527 ἐστὶ
