<?xml version="1.0" encoding="UTF-8"?>
<!DOCTYPE html PUBLIC "-//W3C//DTD XHTML 1.0 Transitional//EN"
    "http://www.w3.org/TR/xhtml1/DTD/xhtml1-transitional.dtd">
<html xmlns="http://www.w3.org/1999/xhtml" xml:lang="en" lang="en">
 <head>
  <title>
</title>
<meta http-equiv="Content-Type" content="text/html;charset=utf-8" />
  <meta name='ocr-system' content='tesseract 3.04.00' />
  <meta name='ocr-capabilities' content='ocr_page ocr_carea ocr_par ocr_line ocrx_word'/>
</head>
<body>
  <div class='ocr_page' id='page_1' title='image "./historiarumlibr03herogoog_0671.png"; bbox 0 0 2606 3920; ppageno 0'>
   <div class='ocr_carea' id='block_1_1' title="bbox 214 208 844 287">
    <p class='ocr_par' dir='ltr' id='par_1_1' title="bbox 214 208 844 287">
     <span class='ocr_line' id='line_1_1' title="bbox 214 208 844 287; baseline -0.011 0"><span class='ocrx_word' id='word_1_1' title='bbox 214 225 277 287; x_wconf 70' lang='grc' dir='ltr'><strong><em>σοι</em></strong></span> <span class='ocrx_word' id='word_1_2' title='bbox 589 208 844 283; x_wconf 70' lang='grc' dir='ltr'><strong><em>ονοοοοοι</em></strong></span> 
     </span>
    </p>
   </div>
   <div class='ocr_carea' id='block_1_2' title="bbox 165 380 1283 3530">
    <p class='ocr_par' dir='ltr' id='par_1_2' title="bbox 213 380 1234 1159">
     <span class='ocr_line' id='line_1_2' title="bbox 214 380 1234 476; baseline -0.003 -23"><span class='ocrx_word' id='word_1_3' title='bbox 214 385 344 454; x_wconf 74' lang='grc' dir='ltr'><strong><em>αὐτοῖσι</em></strong></span> <span class='ocrx_word' id='word_1_4' title='bbox 355 390 592 471; x_wconf 90' lang='grc' dir='ltr'><strong><em>δειμαίνοντες,</em></strong></span> <span class='ocrx_word' id='word_1_5' title='bbox 605 380 650 462; x_wconf 80' lang='grc' dir='ltr'><strong><em>ἀς</em></strong></span> <span class='ocrx_word' id='word_1_6' title='bbox 660 386 736 469; x_wconf 82' lang='grc' dir='ltr'><strong><em>περί</em></strong></span> <span class='ocrx_word' id='word_1_7' title='bbox 746 383 1050 476; x_wconf 75' lang='grc' dir='ltr'><strong><em>τῇΠελοποννήσῳ.</em></strong></span> <span class='ocrx_word' id='word_1_8' title='bbox 1068 387 1152 464; x_wconf 87' lang='grc' dir='ltr'><strong><em>τέως</em></strong></span> <span class='ocrx_word' id='word_1_9' title='bbox 1162 387 1234 470; x_wconf 64' lang='grc' dir='ltr'><strong><em>μὲν</em></strong></span> 
     </span>
     <span class='ocr_line' id='line_1_3' title="bbox 214 478 1231 569; baseline 0 -19"><span class='ocrx_word' id='word_1_10' title='bbox 214 479 255 568; x_wconf 81' lang='grc' dir='ltr'><strong><em>δὴ</em></strong></span> <span class='ocrx_word' id='word_1_11' title='bbox 276 480 389 551; x_wconf 79' lang='grc' dir='ltr'><strong><em>αὐτῶν</em></strong></span> <span class='ocrx_word' id='word_1_12' title='bbox 414 479 500 568; x_wconf 77' lang='grc' dir='ltr'><strong><em>ἀνὴρ</em></strong></span> <span class='ocrx_word' id='word_1_13' title='bbox 522 478 621 569; x_wconf 81' lang='grc' dir='ltr'><strong><em>ἀνδρί</em></strong></span> <span class='ocrx_word' id='word_1_14' title='bbox 644 478 815 568; x_wconf 81' lang='grc' dir='ltr'><strong><em>παραστάς</em></strong></span> <span class='ocrx_word' id='word_1_15' title='bbox 835 487 912 569; x_wconf 75' lang='grc' dir='ltr'><strong><em>σιγῇ</em></strong></span> <span class='ocrx_word' id='word_1_16' title='bbox 937 480 1041 567; x_wconf 88' lang='grc' dir='ltr'><strong><em>λόγον</em></strong></span> <span class='ocrx_word' id='word_1_17' title='bbox 1061 481 1231 569; x_wconf 82' lang='grc' dir='ltr'><strong><em>ἐποιέετο,</em></strong></span> 
     </span>
     <span class='ocr_line' id='line_1_4' title="bbox 213 574 1230 666; baseline 0 -19"><span class='ocrx_word' id='word_1_18' title='bbox 213 585 337 665; x_wconf 79' lang='grc' dir='ltr'><strong><em>θώνμα</em></strong></span> <span class='ocrx_word' id='word_1_19' title='bbox 351 580 546 665; x_wconf 77' lang='grc' dir='ltr'><strong><em>ποιεύμενοι</em></strong></span> <span class='ocrx_word' id='word_1_20' title='bbox 563 574 626 665; x_wconf 75' lang='grc' dir='ltr'><strong><em>τὴν</em></strong></span> <span class='ocrx_word' id='word_1_21' title='bbox 642 576 864 666; x_wconf 74' lang='grc' dir='ltr'><strong><em>Εὐρυβιάδεω</em></strong></span> <span class='ocrx_word' id='word_1_22' title='bbox 878 576 1059 665; x_wconf 89' lang='grc' dir='ltr'><strong><em>ἀβουλίην,</em></strong></span> <span class='ocrx_word' id='word_1_23' title='bbox 1076 581 1174 656; x_wconf 91' lang='grc' dir='ltr'><strong><em>τέλος</em></strong></span> <span class='ocrx_word' id='word_1_24' title='bbox 1191 579 1230 647; x_wconf 73' lang='grc' dir='ltr'><strong><em>δέ</em></strong></span> 
     </span>
     <span class='ocr_line' id='line_1_5' title="bbox 214 672 1226 763; baseline 0.001 -20"><span class='ocrx_word' id='word_1_25' title='bbox 214 675 373 763; x_wconf 73' lang='grc' dir='ltr'><strong><em>ἐξερράγη</em></strong></span> <span class='ocrx_word' id='word_1_26' title='bbox 386 679 419 756; x_wconf 88' lang='grc' dir='ltr'><strong><em>ές</em></strong></span> <span class='ocrx_word' id='word_1_27' title='bbox 429 674 466 745; x_wconf 89' lang='grc' dir='ltr'>τό</span> <span class='ocrx_word' id='word_1_28' title='bbox 479 679 591 763; x_wconf 86' lang='grc' dir='ltr'><strong><em>μέσον.</em></strong></span> <span class='ocrx_word' id='word_1_29' title='bbox 614 676 778 762; x_wconf 86' lang='grc' dir='ltr'><strong><em>σύλλογός</em></strong></span> <span class='ocrx_word' id='word_1_30' title='bbox 790 700 826 742; x_wconf 86' lang='grc' dir='ltr'><strong><em>τε</em></strong></span> <span class='ocrx_word' id='word_1_31' title='bbox 837 672 878 760; x_wconf 81' lang='grc' dir='ltr'><strong><em>δὴ</em></strong></span> <span class='ocrx_word' id='word_1_32' title='bbox 890 678 1032 762; x_wconf 87' lang='grc' dir='ltr'><strong><em>ἐγίνετο,</em></strong></span> <span class='ocrx_word' id='word_1_33' title='bbox 1046 678 1102 744; x_wconf 81' lang='grc' dir='ltr'><strong><em>καὶ</em></strong></span> <span class='ocrx_word' id='word_1_34' title='bbox 1112 674 1226 744; x_wconf 84' lang='grc' dir='ltr'><strong><em>πολλά</em></strong></span> 
     </span>
     <span class='ocr_line' id='line_1_6' title="bbox 214 773 1226 867; baseline -0.003 -20"><span class='ocrx_word' id='word_1_35' title='bbox 214 780 342 863; x_wconf 85' lang='grc' dir='ltr'><strong><em>ἐλέγετο</em></strong></span> <span class='ocrx_word' id='word_1_36' title='bbox 358 780 515 867; x_wconf 76' lang='grc' dir='ltr'><strong><em>περὶτῶν</em></strong></span> <span class='ocrx_word' id='word_1_37' title='bbox 530 776 659 864; x_wconf 77' lang='grc' dir='ltr'><strong><em>αύτών,</em></strong></span> <span class='ocrx_word' id='word_1_38' title='bbox 673 782 709 846; x_wconf 87' lang='grc' dir='ltr'><strong><em>οί</em></strong></span> <span class='ocrx_word' id='word_1_39' title='bbox 719 777 799 865; x_wconf 72' lang='grc' dir='ltr'><strong><em>μὲν,</em></strong></span> <span class='ocrx_word' id='word_1_40' title='bbox 817 773 862 855; x_wconf 81' lang='grc' dir='ltr'><strong><em>ὡς</em></strong></span> <span class='ocrx_word' id='word_1_41' title='bbox 876 779 910 855; x_wconf 89' lang='grc' dir='ltr'><strong><em>ές</em></strong></span> <span class='ocrx_word' id='word_1_42' title='bbox 922 774 984 864; x_wconf 77' lang='grc' dir='ltr'><strong><em>την</em></strong></span> <span class='ocrx_word' id='word_1_43' title='bbox 998 777 1226 864; x_wconf 86' lang='grc' dir='ltr'><strong><em>Πελοπόννη-</em></strong></span> 
     </span>
     <span class='ocr_line' id='line_1_7' title="bbox 214 873 1224 963; baseline -0.002 -20"><span class='ocrx_word' id='word_1_44' title='bbox 214 897 276 944; x_wconf 91' lang='grc' dir='ltr'><strong><em>σον</em></strong></span> <span class='ocrx_word' id='word_1_45' title='bbox 290 873 399 961; x_wconf 80' lang='grc' dir='ltr'><strong><em>χρεών</em></strong></span> <span class='ocrx_word' id='word_1_46' title='bbox 413 885 464 962; x_wconf 87' lang='grc' dir='ltr'><strong><em>είη</em></strong></span> <span class='ocrx_word' id='word_1_47' title='bbox 479 873 672 963; x_wconf 75' lang='grc' dir='ltr'><strong><em>ἀποπλώριν</em></strong></span> <span class='ocrx_word' id='word_1_48' title='bbox 688 877 832 962; x_wconf 76' lang='grc' dir='ltr'><strong><em>καὶπερὶ</em></strong></span> <span class='ocrx_word' id='word_1_49' title='bbox 847 876 975 961; x_wconf 77' lang='grc' dir='ltr'><strong><em>ἐκείνης</em></strong></span> <span class='ocrx_word' id='word_1_50' title='bbox 991 874 1224 960; x_wconf 75' lang='grc' dir='ltr'><strong><em>κινδυνεύειν,</em></strong></span> 
     </span>
     <span class='ocr_line' id='line_1_8' title="bbox 213 970 1224 1063; baseline -0.004 -20"><span class='ocrx_word' id='word_1_51' title='bbox 213 977 297 1063; x_wconf 76' lang='grc' dir='ltr'><strong><em>μηδὲ</em></strong></span> <span class='ocrx_word' id='word_1_52' title='bbox 312 972 378 1059; x_wconf 79' lang='grc' dir='ltr'><strong><em>πρὸ</em></strong></span> <span class='ocrx_word' id='word_1_53' title='bbox 392 974 502 1060; x_wconf 90' lang='grc' dir='ltr'><strong><em>χώρης</em></strong></span> <span class='ocrx_word' id='word_1_54' title='bbox 518 975 726 1060; x_wconf 76' lang='grc' dir='ltr'><strong><em>δοριαλώτου</em></strong></span> <span class='ocrx_word' id='word_1_55' title='bbox 739 976 901 1061; x_wconf 88' lang='grc' dir='ltr'><strong><em>μένοντας</em></strong></span> <span class='ocrx_word' id='word_1_56' title='bbox 914 972 1099 1061; x_wconf 74' lang='grc' dir='ltr'><strong><em>μάχεσθαι,</em></strong></span> <span class='ocrx_word' id='word_1_57' title='bbox 1116 970 1224 1059; x_wconf 84' lang='grc' dir='ltr'><strong><em>Ἀθη-</em></strong></span> 
     </span>
     <span class='ocr_line' id='line_1_9' title="bbox 213 1067 1224 1159; baseline -0.003 -19"><span class='ocrx_word' id='word_1_58' title='bbox 213 1087 302 1141; x_wconf 79' lang='grc' dir='ltr'><strong><em>ναίοι</em></strong></span> <span class='ocrx_word' id='word_1_59' title='bbox 314 1073 349 1142; x_wconf 79' lang='grc' dir='ltr'><strong><em>δέ</em></strong></span> <span class='ocrx_word' id='word_1_60' title='bbox 356 1074 411 1140; x_wconf 82' lang='grc' dir='ltr'><strong><em>καὶ</em></strong></span> <span class='ocrx_word' id='word_1_61' title='bbox 419 1078 594 1159; x_wconf 77' lang='grc' dir='ltr'><strong><em>Αἰγινῆται</em></strong></span> <span class='ocrx_word' id='word_1_62' title='bbox 605 1077 660 1142; x_wconf 79' lang='grc' dir='ltr'><strong><em>καί</em></strong></span> <span class='ocrx_word' id='word_1_63' title='bbox 666 1073 839 1159; x_wconf 87' lang='grc' dir='ltr'><strong><em>Μεγαρέες</em></strong></span> <span class='ocrx_word' id='word_1_64' title='bbox 850 1068 956 1139; x_wconf 80' lang='grc' dir='ltr'><strong><em>αὐτοῦ</em></strong></span> <span class='ocrx_word' id='word_1_65' title='bbox 961 1074 1123 1158; x_wconf 81' lang='grc' dir='ltr'><strong><em>μένοντας</em></strong></span> <span class='ocrx_word' id='word_1_66' title='bbox 1130 1067 1224 1156; x_wconf 85' lang='grc' dir='ltr'><strong><em>ἀμύ-</em></strong></span> 
     </span>
    </p>

    <p class='ocr_par' dir='ltr' id='par_1_3' title="bbox 166 1168 1283 1949">
     <span class='ocr_line' id='line_1_10' title="bbox 166 1168 1283 1260; baseline 0.001 -20"><span class='ocrx_word' id='word_1_67' title='bbox 166 1192 199 1247; x_wconf 78' lang='grc'><strong><em>15</em></strong></span> <span class='ocrx_word' id='word_1_68' title='bbox 214 1182 349 1240; x_wconf 78' lang='grc' dir='ltr'><strong><em>νασθαι.</em></strong></span> <span class='ocrx_word' id='word_1_69' title='bbox 380 1170 546 1241; x_wconf 78' lang='grc' dir='ltr'><strong><em>Ἐνθαῦτα</em></strong></span> <span class='ocrx_word' id='word_1_70' title='bbox 561 1175 801 1260; x_wconf 70' lang='grc' dir='ltr'><strong><em>Θεμιστοκλέης</em></strong></span> <span class='ocrx_word' id='word_1_71' title='bbox 818 1168 862 1250; x_wconf 80' lang='grc' dir='ltr'><strong><em>ὦς</em></strong></span> <span class='ocrx_word' id='word_1_72' title='bbox 883 1172 1021 1239; x_wconf 74' lang='grc' dir='ltr'><strong><em>ἑσσοῦτο</em></strong></span> <span class='ocrx_word' id='word_1_73' title='bbox 1041 1178 1082 1260; x_wconf 73' lang='grc' dir='ltr'><strong><em>τῇ</em></strong></span> <span class='ocrx_word' id='word_1_74' title='bbox 1099 1170 1224 1258; x_wconf 78' lang='grc' dir='ltr'><strong><em>γνώμη</em></strong></span> <span class='ocrx_word' id='word_1_75' title='bbox 1282 1238 1283 1241; x_wconf 74' lang='grc'><strong><em>,</em></strong></span> 
     </span>
     <span class='ocr_line' id='line_1_11' title="bbox 213 1267 1223 1357; baseline -0.003 -20"><span class='ocrx_word' id='word_1_76' title='bbox 213 1267 279 1337; x_wconf 81' lang='grc' dir='ltr'><strong><em>ὑπὸ</em></strong></span> <span class='ocrx_word' id='word_1_77' title='bbox 293 1277 362 1338; x_wconf 79' lang='grc' dir='ltr'><strong><em>τῶν</em></strong></span> <span class='ocrx_word' id='word_1_78' title='bbox 376 1277 676 1357; x_wconf 79' lang='grc' dir='ltr'><strong><em>Πελοποννησίων,</em></strong></span> <span class='ocrx_word' id='word_1_79' title='bbox 691 1267 809 1339; x_wconf 76' lang='grc' dir='ltr'><strong><em>λαθών</em></strong></span> <span class='ocrx_word' id='word_1_80' title='bbox 825 1271 986 1356; x_wconf 79' lang='grc' dir='ltr'><strong><em>ἐξέρχεται</em></strong></span> <span class='ocrx_word' id='word_1_81' title='bbox 1000 1272 1036 1338; x_wconf 83' lang='grc' dir='ltr'><strong><em>ἐκ</em></strong></span> <span class='ocrx_word' id='word_1_82' title='bbox 1052 1274 1114 1337; x_wconf 80' lang='grc' dir='ltr'><strong><em>τοῦ</em></strong></span> <span class='ocrx_word' id='word_1_83' title='bbox 1134 1288 1223 1335; x_wconf 89' lang='grc' dir='ltr'><strong><em>συν-</em></strong></span> 
     </span>
     <span class='ocr_line' id='line_1_12' title="bbox 214 1363 1220 1456; baseline -0.002 -20"><span class='ocrx_word' id='word_1_84' title='bbox 214 1373 346 1456; x_wconf 88' lang='grc' dir='ltr'><strong><em>εδρίου,</em></strong></span> <span class='ocrx_word' id='word_1_85' title='bbox 361 1367 509 1450; x_wconf 76' lang='grc' dir='ltr'><strong><em>ἐξελθών</em></strong></span> <span class='ocrx_word' id='word_1_86' title='bbox 519 1371 556 1438; x_wconf 74' lang='grc' dir='ltr'><strong><em>δέ</em></strong></span> <span class='ocrx_word' id='word_1_87' title='bbox 566 1372 687 1456; x_wconf 81' lang='grc' dir='ltr'><strong><em>πέμπει</em></strong></span> <span class='ocrx_word' id='word_1_88' title='bbox 701 1372 734 1447; x_wconf 85' lang='grc' dir='ltr'><strong><em>ἐς</em></strong></span> <span class='ocrx_word' id='word_1_89' title='bbox 747 1365 785 1436; x_wconf 81' lang='grc' dir='ltr'><strong><em>τὸ</em></strong></span> <span class='ocrx_word' id='word_1_90' title='bbox 797 1367 1022 1454; x_wconf 78' lang='grc' dir='ltr'><strong><em>στρατόπεδον</em></strong></span> <span class='ocrx_word' id='word_1_91' title='bbox 1035 1363 1072 1435; x_wconf 81' lang='grc' dir='ltr'><strong><em>τὰ</em></strong></span> <span class='ocrx_word' id='word_1_92' title='bbox 1084 1366 1220 1453; x_wconf 73' lang='grc' dir='ltr'><strong><em>Μήδων</em></strong></span> 
     </span>
     <span class='ocr_line' id='line_1_13' title="bbox 214 1460 1220 1556; baseline -0.002 -24"><span class='ocrx_word' id='word_1_93' title='bbox 214 1464 321 1553; x_wconf 81' lang='grc' dir='ltr'><strong><em>ἄνδρα</em></strong></span> <span class='ocrx_word' id='word_1_94' title='bbox 336 1473 452 1556; x_wconf 77' lang='grc' dir='ltr'><strong><em>πλοίω,</em></strong></span> <span class='ocrx_word' id='word_1_95' title='bbox 470 1467 700 1554; x_wconf 76' lang='grc' dir='ltr'><strong><em>ἐντειλάμενος</em></strong></span> <span class='ocrx_word' id='word_1_96' title='bbox 714 1463 754 1534; x_wconf 90' lang='grc' dir='ltr'><strong><em>τά</em></strong></span> <span class='ocrx_word' id='word_1_97' title='bbox 770 1467 880 1552; x_wconf 85' lang='grc' dir='ltr'><strong><em>λέγειν</em></strong></span> <span class='ocrx_word' id='word_1_98' title='bbox 892 1463 1011 1553; x_wconf 74' lang='grc' dir='ltr'><strong><em>χρεών,</em></strong></span> <span class='ocrx_word' id='word_1_99' title='bbox 1028 1471 1074 1554; x_wconf 76' lang='grc' dir='ltr'><strong><em>τῷ</em></strong></span> <span class='ocrx_word' id='word_1_100' title='bbox 1085 1460 1220 1550; x_wconf 77' lang='grc' dir='ltr'><strong><em>οὕνομα</em></strong></span> 
     </span>
     <span class='ocr_line' id='line_1_14' title="bbox 213 1555 1219 1652; baseline -0.001 -22"><span class='ocrx_word' id='word_1_101' title='bbox 213 1566 276 1650; x_wconf 77' lang='grc' dir='ltr'><strong><em>μέν</em></strong></span> <span class='ocrx_word' id='word_1_102' title='bbox 289 1555 334 1649; x_wconf 82' lang='grc' dir='ltr'><strong><em>ἦν</em></strong></span> <span class='ocrx_word' id='word_1_103' title='bbox 346 1570 523 1651; x_wconf 86' lang='grc' dir='ltr'><strong><em>Σίκιννος,</em></strong></span> <span class='ocrx_word' id='word_1_104' title='bbox 541 1568 668 1652; x_wconf 75' lang='grc' dir='ltr'><strong><em>οἰκέτης</em></strong></span> <span class='ocrx_word' id='word_1_105' title='bbox 679 1565 716 1633; x_wconf 82' lang='grc' dir='ltr'><strong><em>δέ</em></strong></span> <span class='ocrx_word' id='word_1_106' title='bbox 728 1568 782 1633; x_wconf 87' lang='grc' dir='ltr'><strong><em>καὶ</em></strong></span> <span class='ocrx_word' id='word_1_107' title='bbox 792 1562 1005 1650; x_wconf 78' lang='grc' dir='ltr'><strong><em>παιδαγωγὸς</em></strong></span> <span class='ocrx_word' id='word_1_108' title='bbox 1013 1556 1058 1650; x_wconf 82' lang='grc' dir='ltr'><strong><em>ἦν</em></strong></span> <span class='ocrx_word' id='word_1_109' title='bbox 1071 1569 1140 1631; x_wconf 80' lang='grc' dir='ltr'><strong><em>τάν</em></strong></span> <span class='ocrx_word' id='word_1_110' title='bbox 1151 1570 1219 1630; x_wconf 81' lang='grc' dir='ltr'><strong><em>Θε-</em></strong></span> 
     </span>
     <span class='ocr_line' id='line_1_15' title="bbox 213 1662 1218 1753; baseline -0.003 -22"><span class='ocrx_word' id='word_1_111' title='bbox 213 1667 406 1751; x_wconf 88' lang='grc' dir='ltr'><strong><em>μιστοκλέος</em></strong></span> <span class='ocrx_word' id='word_1_112' title='bbox 427 1669 572 1751; x_wconf 84' lang='grc' dir='ltr'><strong><em>παίδων,</em></strong></span> <span class='ocrx_word' id='word_1_113' title='bbox 594 1662 654 1732; x_wconf 83' lang='grc' dir='ltr'><strong><em>τάν</em></strong></span> <span class='ocrx_word' id='word_1_114' title='bbox 670 1662 710 1751; x_wconf 82' lang='grc' dir='ltr'><strong><em>δὴ</em></strong></span> <span class='ocrx_word' id='word_1_115' title='bbox 733 1663 875 1753; x_wconf 79' lang='grc' dir='ltr'><strong><em>ὕστερον</em></strong></span> <span class='ocrx_word' id='word_1_116' title='bbox 894 1664 1025 1732; x_wconf 86' lang='grc' dir='ltr'><strong><em>τούτων</em></strong></span> <span class='ocrx_word' id='word_1_117' title='bbox 1045 1669 1114 1730; x_wconf 82' lang='grc' dir='ltr'><strong><em>τών</em></strong></span> <span class='ocrx_word' id='word_1_118' title='bbox 1129 1685 1218 1747; x_wconf 82' lang='grc' dir='ltr'><strong><em>πρη-</em></strong></span> 
     </span>
     <span class='ocr_line' id='line_1_16' title="bbox 212 1759 1216 1850; baseline -0.003 -22"><span class='ocrx_word' id='word_1_119' title='bbox 212 1760 349 1848; x_wconf 86' lang='grc' dir='ltr'><strong><em>γμάτων</em></strong></span> <span class='ocrx_word' id='word_1_120' title='bbox 360 1767 601 1850; x_wconf 79' lang='grc' dir='ltr'><strong><em>Θεμιστοκλέης</em></strong></span> <span class='ocrx_word' id='word_1_121' title='bbox 608 1765 751 1833; x_wconf 83' lang='grc' dir='ltr'><strong><em>Θεσπιέα</em></strong></span> <span class='ocrx_word' id='word_1_122' title='bbox 760 1789 796 1830; x_wconf 90' lang='grc' dir='ltr'><strong><em>τε</em></strong></span> <span class='ocrx_word' id='word_1_123' title='bbox 807 1765 951 1849; x_wconf 88' lang='grc' dir='ltr'><strong><em>ἐποίησε,</em></strong></span> <span class='ocrx_word' id='word_1_124' title='bbox 964 1759 1008 1841; x_wconf 79' lang='grc' dir='ltr'><strong><em>ὡς</em></strong></span> <span class='ocrx_word' id='word_1_125' title='bbox 1019 1763 1216 1830; x_wconf 81' lang='grc' dir='ltr'><strong><em>ἐπεδέκοντο</em></strong></span> 
     </span>
     <span class='ocr_line' id='line_1_17' title="bbox 213 1857 1215 1949; baseline -0.002 -24"><span class='ocrx_word' id='word_1_126' title='bbox 213 1863 247 1927; x_wconf 71' lang='lat' dir='ltr'><strong><em>ol</em></strong></span> <span class='ocrx_word' id='word_1_127' title='bbox 256 1862 413 1940; x_wconf 79' lang='grc' dir='ltr'><strong><em>Θεσπιέες</em></strong></span> <span class='ocrx_word' id='word_1_128' title='bbox 422 1860 597 1948; x_wconf 82' lang='grc' dir='ltr'><strong><em>πολιήτας,</em></strong></span> <span class='ocrx_word' id='word_1_129' title='bbox 609 1864 664 1929; x_wconf 76' lang='grc' dir='ltr'><strong><em>καί</em></strong></span> <span class='ocrx_word' id='word_1_130' title='bbox 674 1862 818 1949; x_wconf 86' lang='grc' dir='ltr'><strong><em>χρήμασι</em></strong></span> <span class='ocrx_word' id='word_1_131' title='bbox 830 1859 955 1947; x_wconf 79' lang='grc' dir='ltr'><strong><em>ὄλβιον.</em></strong></span> <span class='ocrx_word' id='word_1_132' title='bbox 979 1857 1015 1939; x_wconf 81' lang='grc' dir='ltr'><strong><em>ὃς</em></strong></span> <span class='ocrx_word' id='word_1_133' title='bbox 1025 1858 1100 1927; x_wconf 87' lang='grc' dir='ltr'><strong><em>τότε</em></strong></span> <span class='ocrx_word' id='word_1_134' title='bbox 1109 1859 1215 1946; x_wconf 73' lang='grc' dir='ltr'><strong><em>πλοίῳ</em></strong></span> 
     </span>
    </p>

    <p class='ocr_par' dir='ltr' id='par_1_4' title="bbox 186 1956 1281 3037">
     <span class='ocr_line' id='line_1_18' title="bbox 186 1956 1214 2047; baseline -0.002 -21"><span class='ocrx_word' id='word_1_135' title='bbox 186 1986 196 2003; x_wconf 70' lang='grc'><em>“</em></span> <span class='ocrx_word' id='word_1_136' title='bbox 214 1956 415 2045; x_wconf 87' lang='grc' dir='ltr'><strong><em>ἀπικόμενος</em></strong></span> <span class='ocrx_word' id='word_1_137' title='bbox 429 1967 521 2047; x_wconf 80' lang='grc' dir='ltr'><strong><em>ἔλεγε</em></strong></span> <span class='ocrx_word' id='word_1_138' title='bbox 536 1958 620 2046; x_wconf 84' lang='grc' dir='ltr'><strong><em>πρὸς</em></strong></span> <span class='ocrx_word' id='word_1_139' title='bbox 636 1958 715 2039; x_wconf 84' lang='grc' dir='ltr'><strong><em>τούς</em></strong></span> <span class='ocrx_word' id='word_1_140' title='bbox 731 1957 937 2047; x_wconf 85' lang='grc' dir='ltr'><strong><em>στρατηγούς</em></strong></span> <span class='ocrx_word' id='word_1_141' title='bbox 950 1967 1019 2028; x_wconf 81' lang='grc' dir='ltr'><strong><em>τῶν</em></strong></span> <span class='ocrx_word' id='word_1_142' title='bbox 1033 1956 1214 2046; x_wconf 87' lang='grc' dir='ltr'><strong><em>βαρβάρων</em></strong></span> 
     </span>
     <span class='ocr_line' id='line_1_19' title="bbox 212 2057 1214 2150; baseline 0.003 -25"><span class='ocrx_word' id='word_1_143' title='bbox 212 2058 306 2126; x_wconf 86' lang='grc' dir='ltr'><strong><em>τάδε·</em></strong></span> <span class='ocrx_word' id='word_1_144' title='bbox 320 2057 470 2147; x_wconf 82' lang='grc' dir='ltr'><strong><em>Ἕπεμψέ</em></strong></span> <span class='ocrx_word' id='word_1_145' title='bbox 477 2087 519 2148; x_wconf 90' lang='grc' dir='ltr'><strong><em>με</em></strong></span> <span class='ocrx_word' id='word_1_146' title='bbox 530 2059 740 2148; x_wconf 84' lang='grc' dir='ltr'><strong><em>στρατηγόςὸ</em></strong></span> <span class='ocrx_word' id='word_1_147' title='bbox 754 2060 943 2148; x_wconf 72' lang='grc' dir='ltr'><strong><em>Ἀθηναίων</em></strong></span> <span class='ocrx_word' id='word_1_148' title='bbox 953 2062 1065 2150; x_wconf 77' lang='grc' dir='ltr'><strong><em>λάθρη</em></strong></span> <span class='ocrx_word' id='word_1_149' title='bbox 1075 2067 1144 2129; x_wconf 77' lang='grc' dir='ltr'><strong><em>τῶν</em></strong></span> <span class='ocrx_word' id='word_1_150' title='bbox 1154 2059 1214 2128; x_wconf 81' lang='grc' dir='ltr'><strong><em>ἀλ-</em></strong></span> 
     </span>
     <span class='ocr_line' id='line_1_20' title="bbox 212 2154 1214 2247; baseline -0.001 -24"><span class='ocrx_word' id='word_1_151' title='bbox 212 2165 281 2223; x_wconf 90' lang='grc' dir='ltr'><strong><em>λων</em></strong></span> <span class='ocrx_word' id='word_1_152' title='bbox 296 2154 465 2244; x_wconf 81' lang='grc' dir='ltr'><strong><em>Ἑλλήνων</em></strong></span> <span class='ocrx_word' id='word_1_153' title='bbox 484 2159 656 2247; x_wconf 78' lang='grc' dir='ltr'><strong><em>(τυγχάνει</em></strong></span> <span class='ocrx_word' id='word_1_154' title='bbox 671 2158 735 2245; x_wconf 88' lang='grc' dir='ltr'><strong><em>γάρ</em></strong></span> <span class='ocrx_word' id='word_1_155' title='bbox 758 2161 913 2247; x_wconf 81' lang='grc' dir='ltr'><strong><em>φρονέων</em></strong></span> <span class='ocrx_word' id='word_1_156' title='bbox 931 2158 973 2227; x_wconf 88' lang='grc' dir='ltr'><strong><em>τά</em></strong></span> <span class='ocrx_word' id='word_1_157' title='bbox 987 2162 1140 2247; x_wconf 81' lang='grc' dir='ltr'><strong><em>βασιλέος</em></strong></span> <span class='ocrx_word' id='word_1_158' title='bbox 1160 2159 1214 2223; x_wconf 77' lang='grc' dir='ltr'><strong><em>καί</em></strong></span> 
     </span>
     <span class='ocr_line' id='line_1_21' title="bbox 211 2251 1281 2347; baseline 0.002 -26"><span class='ocrx_word' id='word_1_159' title='bbox 211 2253 417 2342; x_wconf 86' lang='grc' dir='ltr'><strong><em>βουλόμενος</em></strong></span> <span class='ocrx_word' id='word_1_160' title='bbox 432 2264 561 2341; x_wconf 86' lang='grc' dir='ltr'><strong><em>μᾶλλον</em></strong></span> <span class='ocrx_word' id='word_1_161' title='bbox 580 2256 620 2324; x_wconf 82' lang='grc' dir='ltr'><strong><em>τά</em></strong></span> <span class='ocrx_word' id='word_1_162' title='bbox 644 2256 787 2345; x_wconf 82' lang='grc' dir='ltr'><strong><em>ὑμέτερα</em></strong></span> <span class='ocrx_word' id='word_1_163' title='bbox 809 2259 1001 2347; x_wconf 77' lang='grc' dir='ltr'><strong><em>κατύπερθε</em></strong></span> <span class='ocrx_word' id='word_1_164' title='bbox 1017 2264 1173 2344; x_wconf 79' lang='grc' dir='ltr'><strong><em>γίνεσθαι</em></strong></span> <span class='ocrx_word' id='word_1_165' title='bbox 1191 2251 1213 2342; x_wconf 78' lang='grc' dir='ltr'><em>ἢ</em></span> <span class='ocrx_word' id='word_1_166' title='bbox 1280 2280 1281 2285; x_wconf 70' lang='grc'>’</span> 
     </span>
     <span class='ocr_line' id='line_1_22' title="bbox 211 2351 1280 2448; baseline 0.008 -29"><span class='ocrx_word' id='word_1_167' title='bbox 211 2351 251 2420; x_wconf 87' lang='grc' dir='ltr'><strong><em>τά</em></strong></span> <span class='ocrx_word' id='word_1_168' title='bbox 269 2359 338 2421; x_wconf 73' lang='grc' dir='ltr'><strong><em>τῶν</em></strong></span> <span class='ocrx_word' id='word_1_169' title='bbox 352 2352 522 2442; x_wconf 81' lang='grc' dir='ltr'><strong><em>Ἑλλήνων</em></strong></span> <span class='ocrx_word' id='word_1_170' title='bbox 531 2358 723 2448; x_wconf 86' lang='grc' dir='ltr'><strong><em>πρήγματα)</em></strong></span> <span class='ocrx_word' id='word_1_171' title='bbox 738 2359 929 2446; x_wconf 88' lang='grc' dir='ltr'><strong><em>φράσοντα,</em></strong></span> <span class='ocrx_word' id='word_1_172' title='bbox 951 2357 1003 2427; x_wconf 84' lang='grc' dir='ltr'><strong><em>ὅτι</em></strong></span> <span class='ocrx_word' id='word_1_173' title='bbox 1017 2356 1213 2445; x_wconf 78' lang='grc' dir='ltr'><strong><em>οίἝλληνες</em></strong></span> <span class='ocrx_word' id='word_1_174' title='bbox 1279 2352 1280 2355; x_wconf 21' lang='lat'>¹</span> 
     </span>
     <span class='ocr_line' id='line_1_23' title="bbox 212 2449 1211 2546; baseline 0.005 -28"><span class='ocrx_word' id='word_1_175' title='bbox 212 2449 363 2537; x_wconf 82' lang='grc' dir='ltr'><strong><em>δρησμὸν</em></strong></span> <span class='ocrx_word' id='word_1_176' title='bbox 376 2455 597 2539; x_wconf 82' lang='grc' dir='ltr'><strong><em>βουλεύονται</em></strong></span> <span class='ocrx_word' id='word_1_177' title='bbox 611 2457 919 2546; x_wconf 89' lang='grc' dir='ltr'><strong><em>καταρρωδηκότες,</em></strong></span> <span class='ocrx_word' id='word_1_178' title='bbox 934 2459 989 2525; x_wconf 78' lang='grc' dir='ltr'><strong><em>καί</em></strong></span> <span class='ocrx_word' id='word_1_179' title='bbox 1002 2464 1068 2524; x_wconf 80' lang='grc' dir='ltr'><strong><em>νῦν</em></strong></span> <span class='ocrx_word' id='word_1_180' title='bbox 1078 2458 1211 2541; x_wconf 81' lang='grc' dir='ltr'><strong><em>παρέχει</em></strong></span> 
     </span>
     <span class='ocr_line' id='line_1_24' title="bbox 211 2546 1210 2642; baseline 0.002 -25"><span class='ocrx_word' id='word_1_181' title='bbox 211 2550 390 2618; x_wconf 88' lang='grc' dir='ltr'><strong><em>κάλλιστον</em></strong></span> <span class='ocrx_word' id='word_1_182' title='bbox 404 2548 507 2637; x_wconf 77' lang='grc' dir='ltr'><strong><em>ὑμέας</em></strong></span> <span class='ocrx_word' id='word_1_183' title='bbox 527 2560 627 2641; x_wconf 79' lang='grc' dir='ltr'><strong><em>ἔργον</em></strong></span> <span class='ocrx_word' id='word_1_184' title='bbox 642 2554 802 2625; x_wconf 80' lang='grc' dir='ltr'><strong><em>ἁπάντων</em></strong></span> <span class='ocrx_word' id='word_1_185' title='bbox 824 2554 1082 2642; x_wconf 74' lang='grc' dir='ltr'><strong><em>ἐξεργάσασθαι,</em></strong></span> <span class='ocrx_word' id='word_1_186' title='bbox 1103 2546 1147 2639; x_wconf 79' lang='grc' dir='ltr'><strong><em>ἢν</em></strong></span> <span class='ocrx_word' id='word_1_187' title='bbox 1166 2551 1210 2639; x_wconf 80' lang='grc' dir='ltr'><strong><em>μή</em></strong></span> 
     </span>
     <span class='ocr_line' id='line_1_25' title="bbox 211 2647 1279 2741; baseline 0.003 -25"><span class='ocrx_word' id='word_1_188' title='bbox 211 2654 378 2737; x_wconf 86' lang='grc' dir='ltr'><strong><em>περιίδητε</em></strong></span> <span class='ocrx_word' id='word_1_189' title='bbox 395 2653 596 2738; x_wconf 85' lang='grc' dir='ltr'><strong><em>διαδράντας</em></strong></span> <span class='ocrx_word' id='word_1_190' title='bbox 611 2652 743 2735; x_wconf 85' lang='grc' dir='ltr'><strong><em>αύτούς.</em></strong></span> <span class='ocrx_word' id='word_1_191' title='bbox 768 2654 845 2723; x_wconf 83' lang='grc' dir='ltr'><strong><em>ούτε</em></strong></span> <span class='ocrx_word' id='word_1_192' title='bbox 864 2652 929 2741; x_wconf 88' lang='grc' dir='ltr'><strong><em>γάρ</em></strong></span> <span class='ocrx_word' id='word_1_193' title='bbox 946 2651 1116 2740; x_wconf 88' lang='grc' dir='ltr'><strong><em>ἀλλήλοισι</em></strong></span> <span class='ocrx_word' id='word_1_194' title='bbox 1130 2647 1213 2737; x_wconf 84' lang='grc' dir='ltr'><strong><em>ὁμο-</em></strong></span> <span class='ocrx_word' id='word_1_195' title='bbox 1278 2700 1279 2735; x_wconf 49' lang='lat'>4</span> 
     </span>
     <span class='ocr_line' id='line_1_26' title="bbox 211 2747 1278 2853; baseline 0.005 -38"><span class='ocrx_word' id='word_1_196' title='bbox 211 2748 395 2853; x_wconf 66' lang='grc' dir='ltr'><strong><em>φρογέουσι</em></strong></span> <span class='ocrx_word' id='word_1_197' title='bbox 405 2747 477 2817; x_wconf 76' lang='grc' dir='ltr'><strong><em>οὔτ’</em></strong></span> <span class='ocrx_word' id='word_1_198' title='bbox 493 2757 540 2819; x_wconf 77' lang='grc' dir='ltr'><strong><em>ἐτι</em></strong></span> <span class='ocrx_word' id='word_1_199' title='bbox 551 2750 803 2840; x_wconf 77' lang='grc' dir='ltr'><strong><em>ἀντιστήσονται</em></strong></span> <span class='ocrx_word' id='word_1_200' title='bbox 817 2751 909 2840; x_wconf 83' lang='grc' dir='ltr'><strong><em>ὑμῖν,</em></strong></span> <span class='ocrx_word' id='word_1_201' title='bbox 924 2747 1008 2839; x_wconf 80' lang='grc' dir='ltr'><strong><em>πρὸς</em></strong></span> <span class='ocrx_word' id='word_1_202' title='bbox 1019 2748 1164 2827; x_wconf 76' lang='grc' dir='ltr'><strong><em>ἑωυτούς</em></strong></span> <span class='ocrx_word' id='word_1_203' title='bbox 1176 2773 1212 2816; x_wconf 84' lang='grc' dir='ltr'><strong><em>τε</em></strong></span> <span class='ocrx_word' id='word_1_204' title='bbox 1277 2786 1278 2793; x_wconf 43' lang='lat'>¹</span> 
     </span>
     <span class='ocr_line' id='line_1_27' title="bbox 211 2844 1212 2938; baseline 0.002 -26"><span class='ocrx_word' id='word_1_205' title='bbox 211 2848 314 2932; x_wconf 82' lang='grc' dir='ltr'><strong><em>σφέας</em></strong></span> <span class='ocrx_word' id='word_1_206' title='bbox 329 2844 456 2928; x_wconf 75' lang='grc' dir='ltr'><strong><em>ὄψεσθε</em></strong></span> <span class='ocrx_word' id='word_1_207' title='bbox 476 2854 724 2938; x_wconf 80' lang='grc' dir='ltr'><strong><em>ναυμαχέοντας</em></strong></span> <span class='ocrx_word' id='word_1_208' title='bbox 740 2848 819 2930; x_wconf 80' lang='grc' dir='ltr'><strong><em>τούς</em></strong></span> <span class='ocrx_word' id='word_1_209' title='bbox 833 2848 873 2917; x_wconf 85' lang='grc' dir='ltr'><strong><em>τά</em></strong></span> <span class='ocrx_word' id='word_1_210' title='bbox 887 2848 1030 2937; x_wconf 79' lang='grc' dir='ltr'><strong><em>ὑμέτερα</em></strong></span> <span class='ocrx_word' id='word_1_211' title='bbox 1046 2849 1212 2938; x_wconf 82' lang='grc' dir='ltr'><strong><em>φρονέον-</em></strong></span> 
     </span>
     <span class='ocr_line' id='line_1_28' title="bbox 210 2942 1212 3037; baseline 0.001 -25"><span class='ocrx_word' id='word_1_212' title='bbox 210 2970 268 3023; x_wconf 85' lang='grc' dir='ltr'><strong><em>τας</em></strong></span> <span class='ocrx_word' id='word_1_213' title='bbox 287 2946 343 3012; x_wconf 84' lang='grc' dir='ltr'><strong><em>καὶ</em></strong></span> <span class='ocrx_word' id='word_1_214' title='bbox 363 2942 442 3025; x_wconf 80' lang='grc' dir='ltr'><strong><em>τούς</em></strong></span> <span class='ocrx_word' id='word_1_215' title='bbox 461 2948 517 3033; x_wconf 83' lang='grc' dir='ltr'><strong><em>μη.</em></strong></span> <span class='ocrx_word' id='word_1_216' title='bbox 557 2947 594 3018; x_wconf 87' lang='lat'><strong><em>‘0</em></strong></span> <span class='ocrx_word' id='word_1_217' title='bbox 614 2952 677 3037; x_wconf 77' lang='grc' dir='ltr'><strong><em>μὲν</em></strong></span> <span class='ocrx_word' id='word_1_218' title='bbox 696 2947 801 3017; x_wconf 85' lang='grc' dir='ltr'><strong><em>ταῦτά</em></strong></span> <span class='ocrx_word' id='word_1_219' title='bbox 820 2969 881 3033; x_wconf 88' lang='grc' dir='ltr'><strong><em>σφι</em></strong></span> <span class='ocrx_word' id='word_1_220' title='bbox 895 2946 1044 3033; x_wconf 81' lang='grc' dir='ltr'><strong><em>σημήνας</em></strong></span> <span class='ocrx_word' id='word_1_221' title='bbox 1061 2942 1212 3014; x_wconf 80' lang='grc' dir='ltr'><strong><em>ἐκποδών</em></strong></span> 
     </span>
    </p>

    <p class='ocr_par' dir='ltr' id='par_1_5' title="bbox 165 3040 1212 3530">
     <span class='ocr_line' id='line_1_29' title="bbox 165 3040 1211 3131; baseline -0.002 -20"><span class='ocrx_word' id='word_1_222' title='bbox 165 3066 197 3121; x_wconf 76' lang='lat'><strong><em>76</em></strong></span> <span class='ocrx_word' id='word_1_223' title='bbox 213 3040 456 3131; x_wconf 85' lang='grc' dir='ltr'><strong><em>ἀπαλλάσσετο,</em></strong></span> <span class='ocrx_word' id='word_1_224' title='bbox 471 3059 557 3114; x_wconf 77' lang='grc' dir='ltr'><strong><em>τοῖσι</em></strong></span> <span class='ocrx_word' id='word_1_225' title='bbox 574 3048 610 3115; x_wconf 76' lang='grc' dir='ltr'><strong><em>δέ</em></strong></span> <span class='ocrx_word' id='word_1_226' title='bbox 625 3046 669 3127; x_wconf 81' lang='grc' dir='ltr'><strong><em>ὡς</em></strong></span> <span class='ocrx_word' id='word_1_227' title='bbox 683 3043 781 3115; x_wconf 83' lang='grc' dir='ltr'><strong><em>πιστά</em></strong></span> <span class='ocrx_word' id='word_1_228' title='bbox 799 3048 924 3131; x_wconf 83' lang='grc' dir='ltr'><strong><em>έγίνετο</em></strong></span> <span class='ocrx_word' id='word_1_229' title='bbox 939 3041 980 3111; x_wconf 86' lang='grc' dir='ltr'><strong><em>τά</em></strong></span> <span class='ocrx_word' id='word_1_230' title='bbox 995 3040 1211 3129; x_wconf 67' lang='grc' dir='ltr'><strong><em>ἀγγελθέντα,</em></strong></span> 
     </span>
     <span class='ocr_line' id='line_1_30' title="bbox 210 3138 1212 3233; baseline -0.002 -25"><span class='ocrx_word' id='word_1_231' title='bbox 210 3147 308 3209; x_wconf 81' lang='grc' dir='ltr'><strong><em>τοῦτο</em></strong></span> <span class='ocrx_word' id='word_1_232' title='bbox 322 3140 384 3226; x_wconf 75' lang='grc' dir='ltr'><strong><em>μὲν</em></strong></span> <span class='ocrx_word' id='word_1_233' title='bbox 396 3142 429 3220; x_wconf 91' lang='grc' dir='ltr'><strong><em>ἐς</em></strong></span> <span class='ocrx_word' id='word_1_234' title='bbox 443 3139 506 3228; x_wconf 78' lang='grc' dir='ltr'><strong><em>την</em></strong></span> <span class='ocrx_word' id='word_1_235' title='bbox 516 3148 636 3230; x_wconf 73' lang='grc' dir='ltr'><strong><em>νησῖδα</em></strong></span> <span class='ocrx_word' id='word_1_236' title='bbox 653 3142 714 3233; x_wconf 77' lang='grc' dir='ltr'><strong><em>τὴν</em></strong></span> <span class='ocrx_word' id='word_1_237' title='bbox 729 3141 950 3229; x_wconf 79' lang='grc' dir='ltr'><strong><em>Ψυττάλειαν,</em></strong></span> <span class='ocrx_word' id='word_1_238' title='bbox 964 3138 1087 3228; x_wconf 77' lang='grc' dir='ltr'><strong><em>μεταξύ</em></strong></span> <span class='ocrx_word' id='word_1_239' title='bbox 1097 3148 1212 3208; x_wconf 86' lang='grc' dir='ltr'><strong><em>Σαλα-</em></strong></span> 
     </span>
     <span class='ocr_line' id='line_1_31' title="bbox 210 3239 1211 3333; baseline -0.007 -22"><span class='ocrx_word' id='word_1_240' title='bbox 210 3243 306 3330; x_wconf 81' lang='grc' dir='ltr'><strong><em>μῐνός</em></strong></span> <span class='ocrx_word' id='word_1_241' title='bbox 315 3268 350 3310; x_wconf 87' lang='grc' dir='ltr'><strong><em>τε</em></strong></span> <span class='ocrx_word' id='word_1_242' title='bbox 361 3245 518 3329; x_wconf 84' lang='grc' dir='ltr'><strong><em>κειμένην</em></strong></span> <span class='ocrx_word' id='word_1_243' title='bbox 529 3248 584 3314; x_wconf 82' lang='grc' dir='ltr'><strong><em>καὶ</em></strong></span> <span class='ocrx_word' id='word_1_244' title='bbox 594 3253 652 3332; x_wconf 78' lang='grc' dir='ltr'><strong><em>τῆς</em></strong></span> <span class='ocrx_word' id='word_1_245' title='bbox 661 3243 813 3333; x_wconf 77' lang='grc' dir='ltr'><strong><em>ἠπείρου,</em></strong></span> <span class='ocrx_word' id='word_1_246' title='bbox 824 3241 970 3322; x_wconf 79' lang='grc' dir='ltr'><strong><em>πολλούς</em></strong></span> <span class='ocrx_word' id='word_1_247' title='bbox 980 3246 1048 3310; x_wconf 78' lang='grc' dir='ltr'><strong><em>τῶν</em></strong></span> <span class='ocrx_word' id='word_1_248' title='bbox 1055 3239 1211 3326; x_wconf 86' lang='grc' dir='ltr'><strong><em>Περσέων</em></strong></span> 
     </span>
     <span class='ocr_line' id='line_1_32' title="bbox 209 3339 1211 3433; baseline -0.003 -24"><span class='ocrx_word' id='word_1_249' title='bbox 209 3341 433 3431; x_wconf 73' lang='grc' dir='ltr'><strong><em>ἀπεβίβασεν,</em></strong></span> <span class='ocrx_word' id='word_1_250' title='bbox 458 3352 557 3414; x_wconf 84' lang='grc' dir='ltr'><strong><em>τοῦτο</em></strong></span> <span class='ocrx_word' id='word_1_251' title='bbox 582 3348 634 3432; x_wconf 75' lang='grc' dir='ltr'><strong><em>δέ,</em></strong></span> <span class='ocrx_word' id='word_1_252' title='bbox 664 3344 777 3433; x_wconf 74' lang='grc' dir='ltr'><strong><em>ἐπειδὴ</em></strong></span> <span class='ocrx_word' id='word_1_253' title='bbox 799 3347 948 3431; x_wconf 82' lang='grc' dir='ltr'><strong><em>έγίνοντο</em></strong></span> <span class='ocrx_word' id='word_1_254' title='bbox 967 3344 1065 3429; x_wconf 85' lang='grc' dir='ltr'><strong><em>μέσαι</em></strong></span> <span class='ocrx_word' id='word_1_255' title='bbox 1081 3339 1211 3426; x_wconf 88' lang='grc' dir='ltr'><strong><em>νύκτες,</em></strong></span> 
     </span>
     <span class='ocr_line' id='line_1_33' title="bbox 210 3436 1211 3530; baseline 0 -26"><span class='ocrx_word' id='word_1_256' title='bbox 210 3437 337 3525; x_wconf 79' lang='grc' dir='ltr'><strong><em>ἀνῆγον</em></strong></span> <span class='ocrx_word' id='word_1_257' title='bbox 351 3443 414 3527; x_wconf 74' lang='grc' dir='ltr'><strong><em>μέν</em></strong></span> <span class='ocrx_word' id='word_1_258' title='bbox 428 3440 465 3511; x_wconf 84' lang='grc' dir='ltr'>τό</span> <span class='ocrx_word' id='word_1_259' title='bbox 477 3439 535 3511; x_wconf 90' lang='grc' dir='ltr'><strong><em>ἀπ’</em></strong></span> <span class='ocrx_word' id='word_1_260' title='bbox 550 3445 689 3529; x_wconf 74' lang='grc' dir='ltr'><strong><em>ἑσπέρης</em></strong></span> <span class='ocrx_word' id='word_1_261' title='bbox 703 3445 801 3530; x_wconf 86' lang='grc' dir='ltr'><strong><em>κέρας</em></strong></span> <span class='ocrx_word' id='word_1_262' title='bbox 815 3441 1039 3527; x_wconf 85' lang='grc' dir='ltr'><strong><em>κυκλούμενοι</em></strong></span> <span class='ocrx_word' id='word_1_263' title='bbox 1052 3437 1136 3524; x_wconf 81' lang='grc' dir='ltr'><strong><em>πρὸς</em></strong></span> <span class='ocrx_word' id='word_1_264' title='bbox 1148 3436 1211 3525; x_wconf 75' lang='grc' dir='ltr'><strong><em>τὴν</em></strong></span> 
     </span>
    </p>
   </div>
   <div class='ocr_carea' id='block_1_3' title="bbox 0 0 1308 3920">
    <p class='ocr_par' dir='ltr' id='par_1_6' title="bbox 0 0 1308 3920">
     <span class='ocr_line' id='line_1_34' title="bbox 0 0 1308 3920; baseline 0 3"><span class='ocrx_word' id='word_1_265' title='bbox 0 0 1308 3920; x_wconf 95' lang='lat' dir='ltr'><strong><em> </em></strong></span> 
     </span>
    </p>
   </div>
  </div>
 </body>
</html>
