2536 3934
201 263 225 326 ο
503 328 505 331 ,
577 255 826 314 ammom

204 419 307 507 εἰναι,
329 414 434 507 ἤγαγε
452 413 514 484 τόν
528 414 645 500 Γύγην
663 413 698 492 ἐς
711 409 750 480 τό
767 420 908 497 οἰκημα,
930 408 986 475 καὶ
999 402 1080 492 μετὰ
1089 407 1199 493 4ταῦτα

204 517 323 589 αύτίκα
338 524 450 606 παρῆν
463 518 519 585 καὶ
534 511 554 602 ἡ
570 514 675 601 γυνη·
704 514 913 580 ἐσελθοῦσαν
928 510 966 576 δέ
980 510 1036 575 καί
1048 515 1201 577 τιθεῖσαν

205 617 246 687 τό
262 621 377 705 εἵματα
391 611 555 703 ἐθηέετοδ
569 613 691 699 Γύγης.
724 606 770 689 ώς
789 610 826 676 δὲ
845 604 928 676 κατά
945 604 1056 673 νώτου
1070 605 1201 689 ἐγένετο

207 715 322 802 ἰούσης
333 720 391 801 τῆς
400 709 560 801 γυναικός
570 713 603 789 ἐς
614 707 677 796 τὴν
691 715 817 795 κοίτην,
832 702 980 783 ὑπεκδύς
994 702 1113 790 ἐχώρεε
1128 702 1200 780 ἔξω.

207 810 296 901 καὶὴ
311 811 398 900 γυνὴ
417 815 520 900 ἐπορᾷ
536 835 595 895 μιν
611 807 752 888 ἐξιόντα.
778 810 937 892 μαθοῦσα
951 803 988 871 δε
1002 797 1039 868 τό
1056 797 1202 884 ποιηθὲν

207 916 247 981 ἐκ
258 918 319 979 τοῦ
339 906 462 998 ἀνδρὸς
482 906 559 976 οῦτε
574 905 722 994 ἀνέβωσε
759 910 976 990 αἰσχυνθεῖσα
1015 897 1093 968 οῦτε
1110 898 1203 1002 ἔδοξε
1247 912 1248 963 ξ

207 1013 357 1098 μαθέειν,
375 1011 412 1077 ἐν
424 1006 495 1098 νόω
511 1012 633 1093 ἔχουσα
646 1010 799 1073 τίσεσθαι
808 999 869 1069 τόν
878 999 1094 1084 Κανδαύλην·
1111 991 1203 1081 παρὰ

207 1106 272 1196 γὰρ
294 1120 380 1175 τοῖσι
399 1109 556 1190 Λυδοῖσι,
583 1100 703 1188 σχεδόν
725 1102 762 1169 δὲ
781 1103 838 1169 καί
856 1096 946 1186 παρὰ
964 1111 1052 1166 τοῖσι
1073 1093 1204 1183 ἄλλοισι
1248 1176 1249 1185 ¹

207 1204 423 1295 βαρβάροισι,
448 1204 504 1269 καὶ
528 1200 636 1287 ἀνδρα
661 1198 813 1286 ὀφθῆναι
832 1195 965 1285 γυμνόν
986 1199 1020 1275 ἐς
1040 1193 1203 1282 αἰσχύνην
1248 1202 1249 1237 ³

160 1325 193 1381 11
204 1304 355 1394 μεγάλην
365 1304 469 1390 φέρει,
498 1300 581 1370 Τότε
592 1302 655 1387 μὲν
665 1299 705 1387 δη
718 1298 807 1367 οῦτω
820 1297 921 1368 ούδδν
932 1297 1107 1386 δηλώσασα
1115 1291 1203 1381 ἡσυ-

206 1411 281 1491 χίην
295 1400 375 1488 εἶχε·
404 1397 449 1480 ώς
463 1401 500 1469 δὲ
513 1397 619 1489 ἡμέρη
632 1401 768 1488 τύχιστιι
782 1399 951 1487 ἐγεγόνεε,
966 1405 1036 1471 τών
1048 1398 1203 1466 οἰκετέων
1249 1436 1250 1453 2

206 1500 286 1581 τοῦς
300 1499 443 1587 μάλιστα
455 1496 526 1588 ῦρα
538 1497 677 1581 πιστούς
687 1500 807 1582 ἐόντας·
814 1503 930 1592 ἑωειτῇ,
944 1503 1094 1589 ἐτοίμονς
1104 1522 1201 1586 ποιη-
1249 1494 1250 1499 ’

208 1702 426 1789 πρηχθέντων
440 1701 636 1768 ἐπίστασθαι
664 1695 746 1791 ἦλθε
775 1702 991 1787 καλεόμενος·
1020 1701 1124 1770 ἐώθεε
1137 1697 1203 1789 γὰρ
1250 1722 1251 1727 ’

208 1805 265 1871 καί
278 1799 427 1889 πρόσθε,
451 1796 537 1879 ὅκως
551 1798 578 1888 ἡ
591 1808 742 1889 βασίλεια
758 1803 887 1885 καλέοι,
908 1806 1039 1885 φοιτᾶν.
1073 1797 1119 1879 ώς
1132 1801 1169 1868 δὲ
1184 1795 1202 1868 ὁ

206 1899 320 1985 Γύγης
330 1895 476 1983 ἀπίκετο,
489 1903 580 1986 ἔλεγε
592 1898 615 1987 ἡ
626 1897 713 1987 γυνὴ
727 1899 823 1967 τάδε·
837 1905 916 1967 Νῦν
930 1925 982 1967 τοι
999 1904 1095 1968 δυοῖν
1109 1897 1204 1968 ὁδοῖν
1251 1962 1252 1989 ,

208 1998 439 2086 παρεουσέων,
456 1998 568 2085 Γύγη,
586 2002 704 2085 δίδωμι
724 1999 870 2085 αἵρεσιν,
893 1994 1053 2086 ὁκοτέρην
1066 1998 1205 2085 βούλεαι
1251 2016 1252 2025 ’

208 2101 409 2187 τραπέσθαι·
425 2093 448 2184 ἢ
459 2097 523 2186 γὰρ
534 2100 737 2186 Κανδαύλην
746 2096 943 2179 ἀποκτείνας
957 2102 1016 2193 ἐμέ
1026 2102 1128 2169 τεκαὶ
1141 2097 1205 2186 την

206 2203 385 2286 Ιβασιληίην
399 2202 452 2283 ἔχε
464 2197 527 2285 την
540 2202 675 2282 Λυδών,
691 2193 830 2283 ἢιιύτόν
840 2216 878 2264 σε
888 2196 1006 2264 αύτίκα
1020 2195 1109 2264 οῦτω
1119 2194 1206 2263 ἀπο-

186 2291 188 2295 ’
208 2295 372 2383 θνήσκειν
394 2301 460 2381 δεῖ,
482 2293 526 2372 ώς
547 2290 591 2361 ἀν
610 2291 656 2379 μὴ
676 2293 786 2360 πάντα
805 2293 1007 2380 πευθόμενος
1020 2293 1207 2382 Κανδαύλη

210 2400 271 2463 τοῦ
284 2400 405 2461 λοιποῦ
426 2395 499 2479 ἰδης
512 2390 552 2459 τά
567 2392 614 2479 μη’
629 2411 667 2458 σε
683 2395 741 2459 δεῖ.
776 2387 845 2460 ἀλλ’
859 2389 934 2480 ἤτοι
950 2392 1080 2461 ἐκεῖνόν
1093 2418 1132 2479 γε
1144 2391 1208 2460 τόν

211 2498 314 2560 ταῦτα
334 2489 564 2578 βουλεύσαντα
585 2494 636 2558 δεῖ
657 2485 887 2576 ἀπόλλυσθαι,
907 2485 981 2578 η”σδ
996 2488 1057 2559 τόν
1071 2493 1127 2578 ἐμὲ
1142 2516 1208 2575 γυ-

211 2589 302 2680 μνὴν
316 2588 534 2675 θηησάμενον
555 2593 610 2658 καί
625 2588 812 2676 ποιήσαντα
827 2586 869 2657 οῦ
883 2589 1093 2676 νομιζόμενα.
1119 2585 1155 2655 Ὁ
1170 2589 1209 2657 δὲ

211 2691 323 2776 Γύγης
339 2689 419 2766 τέως
430 2690 493 2775 μὲν
522 2684 719 2777 ἀπεθώμαζε
743 2687 783 2757 τά
799 2689 974 2777 λεγόμενα,
990 2690 1072 2778 μετὰ
1089 2691 1126 2758 δὲ
1139 2692 1209 2758 ἰκέ-

211 2812 287 2856 τενε
297 2783 343 2870 μη’
353 2811 413 2871 μιν
423 2781 587 2875 ἀναγκαίη
598 2789 707 2856 ἐνδεῖν
718 2791 885 2876 διακρῖναι
898 2790 1057 2877 τοιαύτην
1067 2792 1207 2877 αἵρεσιν.

213 2883 276 2953 ούκ
294 2875 343 2951 ών
363 2880 404 2971 δὴ
426 2891 557 2972 ἔπειθε,
578 2881 647 2954 ἀλλ’
664 2882 735 2972 ώρα
755 2883 942 2973 ἀναγκαίην
956 2884 1107 2972 ἀληθέως
1122 2907 1211 2970 προ-

213 2989 369 3071 κειμένην
381 2981 475 3073 ἣτόν
488 2986 653 3073 δεσπότην
664 2983 851 3058 ἀπολλύναι
864 2982 887 3073 ἢ
903 2983 1008 3055 αύτόν
1018 2981 1077 3052 ὑπ’
1096 2981 1211 3052 ἀλλων

214 3082 443 3153 ἀπόλλυσθαι·
471 3087 615 3171 αἰρέεται
640 3082 741 3166 αύτδς
767 3099 939 3175 περιεῖναι.
978 3084 1141 3173 ἐπειρώτα
1165 3084 1210 3173 ,δὴ

213 3187 321 3270 λέγων
342 3183 437 3253 τόδε·
466 3182 558 3253 Ἐπεί
575 3210 617 3273 με
636 3181 832 3271 ἀναγκάζεις
855 3181 1023 3269 δεσπότην
1040 3180 1102 3252 τόν
1128 3181 1212 3270 ἐμόν

213 3287 356 3349 κτείνειν
378 3279 441 3350 ούκ
460 3284 637 3368 ἐθέλοντα,
661 3284 743 3370 φέρε
763 3279 915 3368 ἀκούσω,
936 3284 1006 3373 τίω·
1020 3283 1076 3351 καί
1097 3281 1212 3373 τρόπῳ

215 3379 463 3467 ἐπιχειρήσομεν
479 3377 578 3472 αύτῷ.
596 3376 649 3448 Ἢ
667 3383 704 3450 δὲ
725 3377 943 3468 ὑπολαβοῦσα
966 3386 1048 3467 ἔφη·
1074 3380 1129 3449 Ἐκ
1148 3388 1212 3448 τοῦ

215 3474 319 3547 αὐτοῦ
332 3480 395 3565 μὲν
408 3486 533 3569 χωρίου
546 3477 567 3569 ἡ
582 3477 668 3570 ὁρμὴ
681 3485 797 3569 ἐσται,
819 3479 905 3551 ὅθεν
926 3506 989 3570 περ
1010 3484 1065 3552 καλ
1085 3483 1212 3562 ἐκεῖνος
