2622 3928
382 237 546 299 LIB·V1.
581 238 678 295 CAP.
712 244 836 300 0-14.
1069 243 1112 307 05

103 401 192 486 ζόνι,
205 400 419 516 παρεχομένῳ
429 398 507 475 νέας
519 408 617 483 τρεῖς,
632 397 866 483 ἐπιτρέψαντες
875 398 1030 489 ἡμέας’
988 406 1113 488 αυτοάς

104 508 238 587 ἔχομεν·
261 524 279 566 0
266 494 333 566 ‘66
347 491 584 585 παραλαβῶν
566 498 669 582 ημέας
682 504 878 583 λυμαίνεται
888 503 1047 594 λάμησι’
1027 535 1097 629 ανη

104 601 267 685 κέστοισι,
288 601 344 667 καί
366 595 406 685 (λη
424 598 541 667 πολλοὶ
556 596 618 683 μέν
634 594 746 684 ἡμέων
766 599 799 677 ές
813 599 960 682 νούσους
979 608 1113 675 πεπτῶ-

104 716 198 783 κασι,
219 700 338 766 πολλοὶ
358 695 394 764 66
411 699 557 776 ἐπίδοξοι
571 692 678 765 τῶυτό
696 704 795 765 τοῦτο
813 722 854 768 πε
855 706 1048 775 ίσεσθαί
1006 719 1034 786 [ε
1035 712 1110 792 ίσι]·

104 796 171 883 πρό
191 821 227 864 τε
246 793 379 862 606666
399 800 467 862 τῶν
487 799 602 861 κακῶν
621 791 702 880 ἡμῖν
721 820 760 880 γε
777 800 920 883 κρέσσον
939 799 1024 870 662‘
1010 809 1111 871 οτιῶυ

105 896 186 965 ἀλλο
201 903 327 964 παθεῖν
341 895 425 981 ἐστὶ,
440 890 544 961 καλ
508 918 571 978 την
585 897 774 979 μέλλουσαν
795 897 989 985 δουληίην*
970 914 1111 987 υπομεί-
1177 938 1194 965 ι

104 1021 179 1081 ναι,
192 991 215 1080 6
228 1019 278 1073 τις
291 997 399 1079 ἐσται,
413 987 577 1078 μῶλλον”
555 1018 575 1078 η
588 997 628 1079 66
639 991 811 1082 παρεούσῃ
822 998 1032 1082 συνέχεσθαι.
1049 1001 1112 1084 φέ-

106 1119 196 1183 ρετε,
212 1098 274 1161 τοῦ
289 1096 412 1160 λοιποῦ
426 1086 470 1177 μη
488 1089 688 1176 πειθόμεθα
705 1087 819 1159 αὐτοῦ.
855 1100 967 1163 Ταῦτα
985 1099 1110 1181 ἔλεξαν,
1170 1123 1173 1135 ·

105 1194 159 1261 κοιλ
175 1188 256 1278 μετά
270 1196 373 1259 ταῦτα
390 1186 508 1257 αὐτίκα
519 1194 699 1257 πείθεσθαι
713 1185 823 1267 οὐδεὶς
835 1187 950 1278 ἤθελε,
966 1188 1040 1260 ἀλλ’
1057 1186 1110 1259 οἶα

106 1287 385 1377 στρατιη,σκηνάς
394 1314 430 1356 τε
441 1287 722 1374 πηξάμενοιέντη
732 1284 824 1377 6666
835 1289 1110 1378 ἐσκιητροφέοντο

106 1392 161 1457 καί
174 1391 343 1475 ἐσβαίνειν
357 1381 420 1455 066
434 1387 615 1454 ἐθέλεσκον
625 1386 659 1463 ἐς
671 1381 731 1462 τάς
744 1385 822 1463 νέας
837 1382 911 1454 060²
928 1388 1111 1476 ἀναπειρᾶ-

106 1502 197 1560 σθαι.
240 1486 424 1568 Μαθόντες
441 1489 477 1555 δέ
497 1492 601 1554 ταῦτα
621 1484 784 1571 γινόμενα
799 1487 835 1554 έκ
849 1493 918 1555 τῶν
936 1485 1058 1558 Ἰῶνων
1079 1493 1113 1557 σί
1126 1500 1161 1555 10

26 1630 33 1661 ι
105 1590 282 1677 στρατηγοὶ
302 1595 370 1656 τῶν
384 1592 477 1673 Σαμί
476 1611 540 1673 ων,
562 1587 712 1654 ἐνθαῦτα
732 1582 773 1671 66
795 1582 874 1673 παρ’
891 1587 1034 1667 Αἰάκεος
1050 1594 1112 1655 τοῦ

14 1728 17 1733 -
105 1692 325 1765 Συλοσῶντος
349 1687 499 1763 ἐκείνους
518 1679 599 1762 τούς
615 1682 781 1770 πρότερον
801 1688 926 1769 ἔπεμπε
946 1683 1106 1772 λόγους
1091 1711 1110 1754 0

106 1787 233 1873 Αίάκης
247 1783 458 1854 κελευόντων
474 1787 543 1850 τῶν
555 1782 733 1869 Περσέων,
749 1779 908 1866 δεόμενός
924 1802 1039 1868 σφεων
1055 1785 1112 1852 έκ-

37 1937 47 1965 .
105 1895 215 1954 λιπεῖν
226 1880 288 1969 666
298 1878 421 1949 Ἰάνων
433 1885 666 1966 συμμαχίην,ο
648 1876 810 1964 οίΣάμιοι
821 1868 870 1945 ῶν
881 1874 1033 1964 ὁρέοντες
1044 1876 1112 1965 ἅμα

14 1998 28 2016 ’
89 1995 93 2003 “
106 1982 168 2071 μὲν
182 1982 306 2049 ἐοῦσαν
317 1976 453 2063 ἀταξίην
465 1974 593 2063 πολλὴν
605 1977 641 2044 ἐκ
652 1982 720 2043 τῶν
731 1972 855 2042 Ἰῶνωυ
866 1975 1019 2043 ἐδέκοντο
1032 1971 1112 2055 τούς

106 2081 245 2168 λόγους,
261 2076 328 2164 ἅμα
344 2079 379 2145 δέ
394 2078 611 2163 κατεφαίνετό
622 2096 683 2162 σφι
697 2073 782 2145 εἶναι
797 2072 947 2143 6666666
961 2101 1001 2143 66
990 2072 1111 2162 βασι-

4 2250 6 2255 ,
105 2185 180 2260 λέος
194 2179 370 2266 πρήγματα
387 2175 647 2265 ὑπερβαλέσθαι,
664 2170 704 2245 εὖ
718 2202 753 2244 τε
770 2177 995 2263 ἐπιστάμενοι,
1012 2175 1066 2263 ῶς,
1082 2181 1112 2245 εί

4 2310 7 2343 .
107 2279 162 2348 καὶ
171 2275 210 2347 τό
221 2275 349 2363 παρεόν
360 2273 523 2345 ναυτικὸν
533 2273 776 2363 ὑπερβαλοίατο
787 2282 1017 2364 τοῦΔαρείου,
1028 2273 1110 2343 ἀλλο

109 2397 167 2463 σφι
185 2379 344 2466 παρέσται
360 2374 617 2463 πενταπλήσιον.
640 2374 830 2462 προφάσιος
848 2367 897 2444 ῶν
912 2373 1110 2463 ἐπιλαβόμε-

5 2498 7 2503 ’
106 2501 172 2561 νοι,
187 2477 261 2544 ἐπεί
274 2503 310 2544 τε
322 2476 458 2562 τάχιστα
470 2472 561 2544 εἶδον
570 2471 651 2553 τούς
655 2472 775 2552 Ἴωνας
785 2470 1014 2562 ἀρνευμένους
1026 2471 1111 2542 εἶναι

5 2608 7 2655 f
106 2566 284 2668 χρηστοάς,
302 2583 340 2646 έν
356 2583 469 2665 κέρδει
478 2580 651 2647 ἐποιεῦντο
666 2583 880 2666 περιποιῆσαι
894 2574 935 2645 66
951 2601 987 2643 τε
1000 2570 1056 2661 ίρά
1070 2568 1111 2639 66

5 2668 7 2689 ¹
107 2672 370 2764 σφέτερακαλτα
380 2679 458 2744 ίόια
481 2673 590 2744 ὁδέΑ
557 2675 702 2763 Αίάκης,
717 2672 798 2764 παρ’
813 2701 891 2744 οτευ
901 2700 980 2752 τους
990 2673 1112 2758 λογους

12 2781 16 2802 “
108 2777 272 2860 ἐδέκοντο,
288 2787 364 2852 παῖς
376 2767 474 2860 μὲν
450 2801 504 2896 ην
497 2778 729 2855 Συλοσῶντος
741 2800 803 2844 606
788 2774 972 2861 Αἰάκεος,
986 2774 1112 2895 πάραν-

107 2872 217 2952 νοςέ
180 2856 297 2941 6666
308 2871 458 2960 Σάμου“
441 2872 507 2942 οπό
519 2899 580 2942 606
566 2881 768 2997 Μιλησίου
778 2872 1018 2965 Ἀρισταγόρεω
1029 2868 1113 2942 ἀπε-

107 2974 245 3059 στέρητο
260 2969 323 3059 666
337 2969 443 3060 ἀρχὴν
456 2973 541 3041 κατά
552 2996 614 3059 περ
627 2979 661 3043 οί
671 2972 766 3045 ἀλλοι
780 2980 838 3062 τῆς
848 2970 973 3059 Ἰωνίης
985 2971 1112 3061 πάραν-

106 3096 170 3141 νοι.
197 3062 320 3139 Τότε
292 3095 342 3139 ων
359 3073 429 3139 ἐπεὶ
440 3073 612 3141 έπέπλωον
629 3076 664 3143 οί
672 3079 883 3159 Φοίνικες,ο
864 3071 913 3140 οί
913 3066 1052 3149 Ίωνες’
1033 3094 1113 3137 αντ-
1128 3091 1162 3143 14

7 3158 10 3189 ¹
106 3169 301 3255 αυηγονκαὶ
312 3166 565 3251 αὐτολτάςνέας
576 3174 741 3260 ἐπλκέρας.
757 3169 801 3249 ῶς
812 3171 914 3239 δὲκαὶ
925 3167 1029 3259 ἀγχοῦ
1040 3168 1114 3256 ἐγέ-

106 3290 205 3334 νοντο
226 3268 282 3335 καλ
298 3271 503 3356 συνέμισγον
522 3268 712 3359 ἀλλήλοισι,
732 3266 770 3338 66
788 3271 949 3338 ἐνθεῦτεν
965 3263 1028 3335 οὐκ
1049 3268 1113 3351 616

107 3361 269 3450 ἀτρεκέως
285 3365 494 3457 συγγράψαι,
513 3371 645 3448 οἵτινες
661 3376 730 3437 τῶν
740 3367 863 3439 Ἰάνων
880 3361 1073 3456 ἐγένοντο”
1050 3388 1113 3431 66-
1243 3452 1248 3460 ι

107 3468 184 3548 ὃρες
200 3461 335 3533 κακοὶ”
312 3491 350 3616 ηΙ
356 3464 480 3553 ἀγαθοί
501 3471 540 3537 έν
557 3476 597 3559 66
612 3475 779 3558 ναυμαχίη
799 3469 919 3554 ταάτη
947 3462 1112 3551 ἀλλήλους

193 3573 294 3614 mon.
