2566 3934
221 227 283 297 114
528 276 532 285 ,
573 215 838 295 ὀεοοοοτι
912 230 920 237 ·

151 411 203 464 215
302 398 520 483 Μασσαγέται
537 395 572 464 δέ
594 394 721 482 έσθῆτύ
737 421 773 463 τε
790 390 910 481 ὁμοίην
926 400 964 483 τῇ
981 400 1140 485 Σκυθικῇ
1157 420 1223 482 φο-

219 496 332 577 ρέουσι
345 496 401 563 καλ
417 498 547 563 δίαιταν
569 500 699 581 έχουσι,
719 492 856 563 ἱππόται
871 496 910 561 δέ
928 498 991 562 είσι
1010 496 1066 563 καὶ
1082 491 1223 563 ύυιπποι

219 589 434 681 (ἀμφοτέρων
453 590 519 683 γὰρ
539 594 727 681 μετέχουσι)
749 592 813 662 καί
825 590 955 673 τοξόται
979 618 1015 661 τε
1036 594 1090 662 καλ
1105 598 1219 679 αίχμο-

218 686 338 781 φόροι,
359 693 498 781 σαγάρις
520 698 709 779 νομίζοντες
726 699 823 781 ἔχειν.
855 699 968 784 χρυσῷ
989 691 1025 761 δὲ
1040 694 1095 761 καλ
1111 697 1223 784 χαλκῷ

216 787 257 858 τδι
281 789 391 859 πύντα
411 795 581 880 χρέονται·
609 788 673 859 ὅσα
689 792 752 879 μὲν
772 788 838 880 γὰρ
861 793 895 871 ές
915 788 1033 878 αἰχμὰς
1049 792 1105 858 καλ
1126 788 1223 875 ύρδις

216 893 272 960 καὶ
286 890 440 980 σαγάρις,
456 898 566 983 χαλκῷ
579 887 620 960 τδι
635 890 745 960 πάντα
758 893 927 979 χρέονται,
945 889 1007 959 ὅσα
1021 893 1057 959 δέ
1074 891 1149 976 περὶ
1163 913 1223 956 κε·

217 987 329 1078 φαλὴν
344 995 399 1060 καὶ
421 998 586 1081 ζωστῆρας
602 991 658 1058 καλ
672 996 952 1078 μασχαλιστῆρας,
972 994 1084 1078 χρυσῷ
1098 985 1223 1072 κοσμέ-

217 1114 320 1157 ονται.
351 1086 396 1168 ὡς
416 1089 448 1157 δ’
467 1088 577 1168 αὕτως
596 1096 664 1157 τῶν
681 1091 793 1157 ἵππων
807 1086 848 1155 τδι
869 1090 931 1174 μὲν
950 1084 1078 1176 περὶτὰ
1099 1087 1222 1171 στέρνα

215 1190 374 1275 χαλκέους
387 1186 547 1310 θύρηκας
561 1188 801 1277 περιβάλλουσι
807 1239 817 1274 ,
835 1186 876 1256 τδι
887 1187 927 1256 δὲ
944 1188 1019 1277 περί
1029 1182 1108 1264 τούς
1123 1191 1221 1273 χαλι-

216 1283 298 1367 υούς
320 1289 376 1356 καὶ
401 1284 519 1374 στόμια
544 1288 599 1356 καί
621 1288 755 1375 φάλαρα
777 1293 898 1409 χρυσρδ.
933 1285 1058 1376 σιδήρῳ
1078 1283 1114 1351 δέ
1140 1279 1217 1349 οὐδ’

216 1384 352 1478 ἀργύρῳ
381 1387 531 1475 χρέονται
560 1384 677 1455 ούδέν·
726 1384 807 1455 οὐδὲ
835 1386 899 1476 γύρ
931 1406 989 1474 σφι
1019 1390 1087 1453 ἔστι
1117 1384 1153 1451 έν
1177 1389 1220 1471 τῇ

147 1504 201 1561 216
214 1484 321 1574 χιόρη,
343 1482 361 1554 ὁ
380 1489 416 1554 δ
400 1483 559 1574 ὲχρυσδς
580 1487 664 1555 666‘
649 1513 667 1555 ο
682 1485 803 1573 χαλκδς
818 1485 965 1566 ἄπλετος.
1008 1485 1155 1572 Νόμοισι
1180 1483 1219 1550 δὲ

214 1587 367 1673 χρέονται
383 1588 554 1654 τοιοισίδε·
583 1599 728 1673 γυναῖκα
748 1586 810 1672 μὲν
825 1585 980 1672 γαμέει“
960 1601 1111 1668 εκαστος,
1132 1580 1219 1648 ταύ-

214 1700 289 1772 τησι
301 1682 337 1750 δὲ
351 1683 501 1750 ἐπίκοινα
511 1685 672 1772 χρέονται.
693 1681 730 1752 τδ
742 1681 807 1803 6169
820 1682 961 1762 Σκύθας
972 1679 1075 1770 φασλ“
1067 1687 1219 1766 Ελληνες

216 1783 352 1866 ποιέειν,
367 1805 409 1848 ου
398 1777 557 1851 ’Σκύθαι
571 1788 622 1853 είσ
621 1785 634 1851 6
649 1786 683 1852 ί
649 1806 872 1869 ποιευντες
885 1778 969 1851 ἀλλὰ
980 1779 1217 1866 Μασσαγέται·

214 1885 271 1967 τῆς
293 1876 359 1969 γδιρ
384 1880 583 1970 ἐπιθυμήσει
606 1879 767 2003 γυναικός
782 1875 1042 1967 Μασσαγέτης’
1024 1874 1125 1966 ανὴρ,
1153 1872 1218 1944 τόν

216 1985 432 2104 φαρετρεῶνα
446 1976 681 2070 ἀποκρεμάσας
695 1978 760 2069 πρδ
770 1987 828 2068 τῆς
839 1977 966 2066 ἁμάξης
976 1984 1124 2065 μίσγεται
1135 1969 1218 2043 ἅδε-

214 2082 267 2157 οἷς.
300 2070 402 2164 ούρος
422 2079 459 2148 δὲ
472 2076 602 2169 ἡλικίης
616 2101 677 2169 σφι
693 2081 868 2171 προκέεται
888 2077 987 2156 ἄλλος
1002 2074 1065 2163 μὲν
1086 2069 1216 2152 οὐδείς·

214 2173 316 2246 ἐπεαυ
326 2179 363 2246 δὲ
373 2187 482 2265 γέρων
491 2180 682 2266 γένηται
638 2206 788 2269 καρτα,
771 2177 1035 2267 ολπροσήκοντές
1049 2178 1083 2245 οί
1091 2197 1218 2254 παντες

214 2273 436 2355 συνελθόντες
449 2276 580 2346 θύουσί
590 2303 665 2365 μιν,
687 2279 743 2346 καλ
757 2275 840 2346 ἄλλα
855 2272 1043 2366 πρόβατα“
1020 2303 1089 2365 αμα
1109 2271 1215 2395 αὐτῷ,

213 2372 439 2461 εγήσαντεςδ
419 2371 517 2442 δδτδι
542 2377 623 2497 κρέα
649 2380 917 2463 κατευωχέονται.
950 2374 1140 2463 ταῦταμὲν
1170 2370 1216 2441 τὰ

212 2465 398 2557 ὀλβιώτατά
411 2489 473 2558 σφι
489 2474 699 2595 νενόμισται,
714 2473 775 2544 τδυ
793 2474 829 2544 δὲ
839 2474 953 2568 νούσφ
968 2472 1170 2560 τελευτησαι
1171 2499 1216 2541 τα

212 2594 254 2635 ου
242 2563 534 2658 κατασιτέονται,
558 2568 698 2641 όλλδι
655 2601 698 2663 γη
714 2575 915 2663 κρύπτουσι,
937 2570 1116 2662 συμφορηυ
1132 2594 1217 2640 ποι-

211 2663 363 2784 εύμενρι,
379 2663 430 2735 ὅτι
445 2664 508 2737 οὐκ
522 2672 611 2740 ικετο
629 2668 709 2750 ἐς
674 2696 711 2740 το
730 2679 883 2759 τυθῆναι.
906 2678 1079 2760 σπείρουσι
1095 2668 1191 2739 δὲ’
1148 2696 1234 2740 ου-Ι

210 2763 285 2849 δέν,
305 2758 380 2831 ἀλλ’
397 2761 462 2834 ύπο
475 2769 845 2855 κτηνέαυζύουσικαλί
832 2771 978 2858 ἰχθύαν·
1000 2776 1035 2840 oc
1046 2766 1216 2856 666660-

209 2866 267 2930 υοί
283 2880 343 2982 σφι
363 2864 400 2932 έκ
416 2890 477 2934 του
462 2864 630 2956 Ἀρόξεοι
650 2876 811 2957 ποταμοῦ
821 2875 1070 2956 παραγίνονται.
1102 2875 1219 2953 γαλα-

209 2960 366 3029 κτοπόται
381 2964 421 3031 δέ
432 2968 503 3034 τίσι.
535 2973 630 3035 θεῶν
651 2966 688 3036 δὲ
706 2973 836 3055 μοῦνον
850 2966 947 3056 ἥλιον
964 2971 1135 3055 σέβονται,
1160 2976 1214 3061 τῷ

207 3056 365 3127 θύουσι”
350 3083 480 3141 ιππους.
503 3063 606 3151 νόμος
623 3057 779 3146 δέοντος
794 3073 851 3190 τῆς
866 3072 1003 3154 θυσίης·
1030 3071 1098 3132 τῶν
1112 3072 1215 3136 θεῶν
1268 3118 1269 3121 ¹

207 3178 252 3250 τφ
238 3160 404 3252 ταχίστῳ
417 3159 554 3231 πάντων
568 3168 636 3232 τῶν
652 3165 838 3251 θνητῶν
803 3193 840 3236 το
855 3166 1009 3254 τύχιστον
1022 3164 1208 3239 δατέονται
