<?xml version="1.0" encoding="UTF-8"?>
<!DOCTYPE html PUBLIC "-//W3C//DTD XHTML 1.0 Transitional//EN"
    "http://www.w3.org/TR/xhtml1/DTD/xhtml1-transitional.dtd">
<html xmlns="http://www.w3.org/1999/xhtml" xml:lang="en" lang="en">
 <head>
  <title>
</title>
<meta http-equiv="Content-Type" content="text/html;charset=utf-8" />
  <meta name='ocr-system' content='tesseract 3.04.00' />
  <meta name='ocr-capabilities' content='ocr_page ocr_carea ocr_par ocr_line ocrx_word'/>
</head>
<body>
  <div class='ocr_page' id='page_1' title='image "./historiarumlibr03herogoog_0396.png"; bbox 0 0 2606 3930; ppageno 0'>
   <div class='ocr_carea' id='block_1_1' title="bbox 497 185 1132 241">
    <p class='ocr_par' dir='ltr' id='par_1_1' title="bbox 497 185 1132 241">
     <span class='ocr_line' id='line_1_1' title="bbox 497 185 1132 241; baseline -0.011 -4"><span class='ocrx_word' id='word_1_1' title='bbox 497 185 726 237; x_wconf 69' lang='lat' dir='ltr'>praestito.</span> <span class='ocrx_word' id='word_1_2' title='bbox 1115 207 1132 241; x_wconf 85' lang='lat' dir='ltr'>v</span> 
     </span>
    </p>
   </div>
   <div class='ocr_carea' id='block_1_2' title="bbox 79 315 1165 3364">
    <p class='ocr_par' dir='ltr' id='par_1_2' title="bbox 79 315 1165 3364">
     <span class='ocr_line' id='line_1_2' title="bbox 86 315 1130 389; baseline 0.003 -15"><span class='ocrx_word' id='word_1_3' title='bbox 86 325 175 385; x_wconf 78' lang='lat' dir='ltr'>reliqui</span> <span class='ocrx_word' id='word_1_4' title='bbox 195 315 317 385; x_wconf 76' lang='grc' dir='ltr'><strong><em>πάντων,</em></strong></span> <span class='ocrx_word' id='word_1_5' title='bbox 338 325 404 373; x_wconf 87' lang='lat' dir='ltr'>unde</span> <span class='ocrx_word' id='word_1_6' title='bbox 424 324 499 374; x_wconf 85' lang='lat' dir='ltr'>Beklr.</span> <span class='ocrx_word' id='word_1_7' title='bbox 521 326 665 388; x_wconf 87' lang='lat' dir='ltr'>suspicatus</span> <span class='ocrx_word' id='word_1_8' title='bbox 685 334 722 373; x_wconf 87' lang='lat' dir='ltr'>est</span> <span class='ocrx_word' id='word_1_9' title='bbox 739 338 861 381; x_wconf 80' lang='grc' dir='ltr'><strong><em>παντως.</em></strong></span> <span class='ocrx_word' id='word_1_10' title='bbox 874 351 907 362; x_wconf 93' lang='lat'>-</span> <span class='ocrx_word' id='word_1_11' title='bbox 921 342 942 376; x_wconf 89' lang='grc' dir='ltr'>ο.</span> <span class='ocrx_word' id='word_1_12' title='bbox 954 327 997 377; x_wconf 89' lang='grc'>73.</span> <span class='ocrx_word' id='word_1_13' title='bbox 1016 327 1071 376; x_wconf 85' lang='grc' dir='ltr'>Νοο</span> <span class='ocrx_word' id='word_1_14' title='bbox 1090 328 1130 389; x_wconf 63' lang='lat' dir='ltr'>de,</span> 
     </span>
     <span class='ocr_line' id='line_1_3' title="bbox 85 382 1133 459; baseline 0.003 -18"><span class='ocrx_word' id='word_1_15' title='bbox 85 394 187 445; x_wconf 77' lang='lat' dir='ltr'>sevisset</span> <span class='ocrx_word' id='word_1_16' title='bbox 204 389 457 459; x_wconf 79' lang='lat' dir='ltr'>Schweighaeuserus</span> <span class='ocrx_word' id='word_1_17' title='bbox 479 382 549 454; x_wconf 78' lang='grc' dir='ltr'><strong><em>πρός</em></strong></span> <span class='ocrx_word' id='word_1_18' title='bbox 572 393 598 442; x_wconf 93' lang='lat' dir='ltr'>in</span> <span class='ocrx_word' id='word_1_19' title='bbox 622 393 704 442; x_wconf 81' lang='lat' dir='ltr'>verbis</span> <span class='ocrx_word' id='word_1_20' title='bbox 725 384 873 457; x_wconf 77' lang='grc' dir='ltr'><strong><em>ἠπιστέατο</em></strong></span> <span class='ocrx_word' id='word_1_21' title='bbox 901 422 923 431; x_wconf 92' lang='grc'><strong>-</strong></span> <span class='ocrx_word' id='word_1_22' title='bbox 945 384 1133 459; x_wconf 67' lang='grc' dir='ltr'><strong><em>ἐκπεπολεμῶ-</em></strong></span> 
     </span>
     <span class='ocr_line' id='line_1_4' title="bbox 84 459 1132 524; baseline 0.005 -13"><span class='ocrx_word' id='word_1_23' title='bbox 84 459 169 522; x_wconf 80' lang='grc' dir='ltr'><strong><em>σθαι,</em></strong></span> <span class='ocrx_word' id='word_1_24' title='bbox 190 461 213 509; x_wconf 90' lang='lat' dir='ltr'>si</span> <span class='ocrx_word' id='word_1_25' title='bbox 239 476 336 511; x_wconf 87' lang='lat' dir='ltr'>memor</span> <span class='ocrx_word' id='word_1_26' title='bbox 360 461 450 511; x_wconf 88' lang='lat' dir='ltr'>luisset</span> <span class='ocrx_word' id='word_1_27' title='bbox 477 461 530 510; x_wconf 89' lang='lat' dir='ltr'>eins</span> <span class='ocrx_word' id='word_1_28' title='bbox 555 475 630 521; x_wconf 85' lang='lat' dir='ltr'>usus,</span> <span class='ocrx_word' id='word_1_29' title='bbox 655 461 686 510; x_wconf 91' lang='lat' dir='ltr'>de</span> <span class='ocrx_word' id='word_1_30' title='bbox 710 478 760 524; x_wconf 90' lang='lat' dir='ltr'>qno</span> <span class='ocrx_word' id='word_1_31' title='bbox 787 463 852 514; x_wconf 83' lang='lat' dir='ltr'>dixit</span> <span class='ocrx_word' id='word_1_32' title='bbox 869 462 998 518; x_wconf 82' lang='lat' dir='ltr'>Heindorl.</span> <span class='ocrx_word' id='word_1_33' title='bbox 1017 465 1050 515; x_wconf 88' lang='lat' dir='ltr'>ad</span> <span class='ocrx_word' id='word_1_34' title='bbox 1068 465 1132 516; x_wconf 84' lang='lat' dir='ltr'>Plnt.</span> 
     </span>
     <span class='ocr_line' id='line_1_5' title="bbox 85 523 1132 597; baseline 0.008 -20"><span class='ocrx_word' id='word_1_35' title='bbox 85 530 162 597; x_wconf 80' lang='lat' dir='ltr'>Gorg.</span> <span class='ocrx_word' id='word_1_36' title='bbox 180 544 205 594; x_wconf 89' lang='lat' dir='ltr'>p.</span> <span class='ocrx_word' id='word_1_37' title='bbox 223 531 266 581; x_wconf 83' lang='grc'>25.</span> <span class='ocrx_word' id='word_1_38' title='bbox 289 555 325 567; x_wconf 91' lang='grc'><strong>-</strong></span> <span class='ocrx_word' id='word_1_39' title='bbox 348 546 369 579; x_wconf 88' lang='lat' dir='ltr'>o.</span> <span class='ocrx_word' id='word_1_40' title='bbox 395 532 437 581; x_wconf 91' lang='grc'>77.</span> <span class='ocrx_word' id='word_1_41' title='bbox 460 529 509 578; x_wconf 89' lang='lat' dir='ltr'>Vol</span> <span class='ocrx_word' id='word_1_42' title='bbox 530 539 571 578; x_wconf 87' lang='lat' dir='ltr'>ata</span> <span class='ocrx_word' id='word_1_43' title='bbox 595 530 718 595; x_wconf 87' lang='lat' dir='ltr'>scriptura</span> <span class='ocrx_word' id='word_1_44' title='bbox 737 523 765 589; x_wconf 84' lang='grc' dir='ltr'>ές</span> <span class='ocrx_word' id='word_1_45' title='bbox 783 526 870 588; x_wconf 77' lang='grc' dir='ltr'><strong><em>πέδας</em></strong></span> <span class='ocrx_word' id='word_1_46' title='bbox 889 523 1024 595; x_wconf 73' lang='grc' dir='ltr'>δήσαντες</span> <span class='ocrx_word' id='word_1_47' title='bbox 1043 535 1132 585; x_wconf 86' lang='lat' dir='ltr'>merito</span> 
     </span>
     <span class='ocr_line' id='line_1_6' title="bbox 85 544 1133 666; baseline 0.003 -16"><span class='ocrx_word' id='word_1_48' title='bbox 85 602 161 650; x_wconf 85' lang='lat' dir='ltr'>cessit</span> <span class='ocrx_word' id='word_1_49' title='bbox 177 600 210 664; x_wconf 88' lang='lat' dir='ltr'>ei,</span> <span class='ocrx_word' id='word_1_50' title='bbox 227 614 303 663; x_wconf 90' lang='lat' dir='ltr'>qnam</span> <span class='ocrx_word' id='word_1_51' title='bbox 313 599 355 649; x_wconf 86' lang='lat' dir='ltr'>SV</span> <span class='ocrx_word' id='word_1_52' title='bbox 373 599 492 650; x_wconf 79' lang='lat' dir='ltr'>exhibent</span> <span class='ocrx_word' id='word_1_53' title='bbox 510 544 540 648; x_wconf 70' lang='grc' dir='ltr'>έν</span> <span class='ocrx_word' id='word_1_54' title='bbox 558 593 667 656; x_wconf 78' lang='grc' dir='ltr'><strong><em>πέδαις.</em></strong></span> <span class='ocrx_word' id='word_1_55' title='bbox 678 625 714 637; x_wconf 92' lang='lat'><em>-</em></span> <span class='ocrx_word' id='word_1_56' title='bbox 725 617 747 650; x_wconf 89' lang='lat' dir='ltr'>c.</span> <span class='ocrx_word' id='word_1_57' title='bbox 764 599 808 654; x_wconf 84' lang='grc'>30.</span> <span class='ocrx_word' id='word_1_58' title='bbox 827 591 865 666; x_wconf 79' lang='grc' dir='ltr'>δή</span> <span class='ocrx_word' id='word_1_59' title='bbox 881 610 940 666; x_wconf 89' lang='lat' dir='ltr'>post</span> <span class='ocrx_word' id='word_1_60' title='bbox 958 599 1073 652; x_wconf 80' lang='grc' dir='ltr'><strong><em>τοιαῦτα</em></strong></span> <span class='ocrx_word' id='word_1_61' title='bbox 1084 618 1133 653; x_wconf 88' lang='lat' dir='ltr'>non</span> 
     </span>
     <span class='ocr_line' id='line_1_7' title="bbox 81 664 1134 729; baseline 0.001 -10"><span class='ocrx_word' id='word_1_62' title='bbox 81 670 150 719; x_wconf 86' lang='lat' dir='ltr'>male</span> <span class='ocrx_word' id='word_1_63' title='bbox 167 683 217 722; x_wconf 85' lang='lat' dir='ltr'>om.</span> <span class='ocrx_word' id='word_1_64' title='bbox 237 669 281 718; x_wconf 80' lang='lat' dir='ltr'>Fb.</span> <span class='ocrx_word' id='word_1_65' title='bbox 299 696 334 706; x_wconf 92' lang='grc'>-</span> <span class='ocrx_word' id='word_1_66' title='bbox 355 684 378 718; x_wconf 88' lang='lat' dir='ltr'>c.</span> <span class='ocrx_word' id='word_1_67' title='bbox 395 668 438 721; x_wconf 80' lang='lat'>82.</span> <span class='ocrx_word' id='word_1_68' title='bbox 459 664 609 718; x_wconf 77' lang='grc' dir='ltr'><strong><em>ποιέωνται</em></strong></span> <span class='ocrx_word' id='word_1_69' title='bbox 626 669 732 719; x_wconf 87' lang='lat' dir='ltr'>debetur</span> <span class='ocrx_word' id='word_1_70' title='bbox 749 670 929 729; x_wconf 82' lang='lat' dir='ltr'>Valckenario,</span> <span class='ocrx_word' id='word_1_71' title='bbox 947 672 1005 721; x_wconf 87' lang='lat' dir='ltr'>libri</span> <span class='ocrx_word' id='word_1_72' title='bbox 1023 668 1134 722; x_wconf 78' lang='grc' dir='ltr'><strong><em>ποτέον-</em></strong></span> 
     </span>
     <span class='ocr_line' id='line_1_8' title="bbox 85 733 1133 805; baseline 0.002 -17"><span class='ocrx_word' id='word_1_73' title='bbox 85 752 139 789; x_wconf 86' lang='grc' dir='ltr'><strong><em>ται.</em></strong></span> <span class='ocrx_word' id='word_1_74' title='bbox 159 763 190 773; x_wconf 78' lang='lat'><strong>·</strong></span> <span class='ocrx_word' id='word_1_75' title='bbox 209 755 231 789; x_wconf 89' lang='lat' dir='ltr'>c.</span> <span class='ocrx_word' id='word_1_76' title='bbox 252 736 294 788; x_wconf 86' lang='grc'>33.</span> <span class='ocrx_word' id='word_1_77' title='bbox 313 739 408 803; x_wconf 79' lang='lat' dir='ltr'>Recepi</span> <span class='ocrx_word' id='word_1_78' title='bbox 423 738 546 788; x_wconf 74' lang='lat' dir='ltr'>suadente</span> <span class='ocrx_word' id='word_1_79' title='bbox 563 737 643 789; x_wconf 81' lang='lat' dir='ltr'>Eltsio</span> <span class='ocrx_word' id='word_1_80' title='bbox 659 752 685 802; x_wconf 85' lang='lat' dir='ltr'>p.</span> <span class='ocrx_word' id='word_1_81' title='bbox 698 737 749 790; x_wconf 88' lang='grc'>332</span> <span class='ocrx_word' id='word_1_82' title='bbox 767 738 824 790; x_wconf 88' lang='lat' dir='ltr'>libri</span> <span class='ocrx_word' id='word_1_83' title='bbox 840 738 857 789; x_wconf 90' lang='lat' dir='ltr'>S</span> <span class='ocrx_word' id='word_1_84' title='bbox 876 740 1027 805; x_wconf 80' lang='lat' dir='ltr'>scripturam</span> <span class='ocrx_word' id='word_1_85' title='bbox 1043 733 1074 790; x_wconf 84' lang='grc' dir='ltr'>έιι</span> <span class='ocrx_word' id='word_1_86' title='bbox 1088 735 1133 790; x_wconf 92' lang='grc' dir='ltr'><strong><em>το’-</em></strong></span> 
     </span>
     <span class='ocr_line' id='line_1_9' title="bbox 85 801 1134 875; baseline 0.003 -19"><span class='ocrx_word' id='word_1_87' title='bbox 85 821 122 860; x_wconf 80' lang='grc' dir='ltr'><strong><em>τε.</em></strong></span> <span class='ocrx_word' id='word_1_88' title='bbox 159 808 186 854; x_wconf 91' lang='lat' dir='ltr'>ln</span> <span class='ocrx_word' id='word_1_89' title='bbox 207 807 239 856; x_wconf 91' lang='lat' dir='ltr'>iis</span> <span class='ocrx_word' id='word_1_90' title='bbox 263 806 336 863; x_wconf 88' lang='lat' dir='ltr'>locis,</span> <span class='ocrx_word' id='word_1_91' title='bbox 359 808 402 869; x_wconf 90' lang='lat' dir='ltr'>qui</span> <span class='ocrx_word' id='word_1_92' title='bbox 420 806 453 855; x_wconf 84' lang='lat' dir='ltr'>nd</span> <span class='ocrx_word' id='word_1_93' title='bbox 468 806 652 856; x_wconf 81' lang='lat' dir='ltr'>defendendam</span> <span class='ocrx_word' id='word_1_94' title='bbox 672 808 801 873; x_wconf 78' lang='lat' dir='ltr'>vulgatam</span> <span class='ocrx_word' id='word_1_95' title='bbox 818 801 848 858; x_wconf 75' lang='lat' dir='ltr'>ta</span> <span class='ocrx_word' id='word_1_96' title='bbox 869 821 898 857; x_wconf 82' lang='lat' dir='ltr'>ss</span> <span class='ocrx_word' id='word_1_97' title='bbox 915 801 977 859; x_wconf 75' lang='grc' dir='ltr'><strong><em>τότε</em></strong></span> <span class='ocrx_word' id='word_1_98' title='bbox 994 810 1134 875; x_wconf 88' lang='lat' dir='ltr'>comparati</span> 
     </span>
     <span class='ocr_line' id='line_1_10' title="bbox 85 870 1134 942; baseline 0.002 -15"><span class='ocrx_word' id='word_1_99' title='bbox 85 883 152 934; x_wconf 85' lang='lat' dir='ltr'>sunt,</span> <span class='ocrx_word' id='word_1_100' title='bbox 171 875 212 933; x_wconf 90' lang='lat' dir='ltr'>Vl,</span> <span class='ocrx_word' id='word_1_101' title='bbox 233 874 267 926; x_wconf 85' lang='grc'>84</span> <span class='ocrx_word' id='word_1_102' title='bbox 284 883 308 925; x_wconf 91' lang='lat' dir='ltr'>ct</span> <span class='ocrx_word' id='word_1_103' title='bbox 325 876 378 936; x_wconf 86' lang='lat' dir='ltr'>Vll,</span> <span class='ocrx_word' id='word_1_104' title='bbox 395 875 455 934; x_wconf 84' lang='grc'><strong><em>215,</em></strong></span> <span class='ocrx_word' id='word_1_105' title='bbox 472 870 501 923; x_wconf 84' lang='grc' dir='ltr'><em>τὲ</em></span> <span class='ocrx_word' id='word_1_106' title='bbox 519 876 690 942; x_wconf 82' lang='lat' dir='ltr'>coniungendi</span> <span class='ocrx_word' id='word_1_107' title='bbox 710 879 760 927; x_wconf 86' lang='lat' dir='ltr'>vim</span> <span class='ocrx_word' id='word_1_108' title='bbox 779 878 869 936; x_wconf 87' lang='lat' dir='ltr'>habet,</span> <span class='ocrx_word' id='word_1_109' title='bbox 887 893 969 942; x_wconf 87' lang='lat' dir='ltr'>neque</span> <span class='ocrx_word' id='word_1_110' title='bbox 986 879 1134 929; x_wconf 75' lang='lat' dir='ltr'>incredibile</span> 
     </span>
     <span class='ocr_line' id='line_1_11' title="bbox 85 944 1132 1014; baseline 0 -16"><span class='ocrx_word' id='word_1_111' title='bbox 85 953 122 998; x_wconf 85' lang='lat' dir='ltr'>est</span> <span class='ocrx_word' id='word_1_112' title='bbox 138 944 287 994; x_wconf 86' lang='lat' dir='ltr'>insolentius</span> <span class='ocrx_word' id='word_1_113' title='bbox 303 959 384 1011; x_wconf 79' lang='lat' dir='ltr'>genos</span> <span class='ocrx_word' id='word_1_114' title='bbox 405 945 506 995; x_wconf 87' lang='lat' dir='ltr'>dicendi</span> <span class='ocrx_word' id='word_1_115' title='bbox 524 960 539 993; x_wconf 88' lang='lat' dir='ltr'>a</span> <span class='ocrx_word' id='word_1_116' title='bbox 559 944 670 994; x_wconf 87' lang='lat' dir='ltr'>librariis</span> <span class='ocrx_word' id='word_1_117' title='bbox 688 960 735 1010; x_wconf 86' lang='lat' dir='ltr'>per</span> <span class='ocrx_word' id='word_1_118' title='bbox 750 947 878 1014; x_wconf 77' lang='lat' dir='ltr'>glossema</span> <span class='ocrx_word' id='word_1_119' title='bbox 894 948 1049 1012; x_wconf 85' lang='lat' dir='ltr'>explicatum</span> <span class='ocrx_word' id='word_1_120' title='bbox 1067 962 1132 998; x_wconf 88' lang='lat' dir='ltr'>esse.</span> 
     </span>
     <span class='ocr_line' id='line_1_12' title="bbox 86 1011 1133 1081; baseline 0.003 -18"><span class='ocrx_word' id='word_1_121' title='bbox 86 1041 118 1053; x_wconf 91' lang='lat'>-</span> <span class='ocrx_word' id='word_1_122' title='bbox 129 1030 151 1063; x_wconf 89' lang='lat' dir='ltr'>c.</span> <span class='ocrx_word' id='word_1_123' title='bbox 160 1012 205 1068; x_wconf 89' lang='grc'>00.</span> <span class='ocrx_word' id='word_1_124' title='bbox 222 1011 278 1062; x_wconf 77' lang='grc' dir='ltr'><strong><em>τῶν</em></strong></span> <span class='ocrx_word' id='word_1_125' title='bbox 294 1029 345 1065; x_wconf 88' lang='lat' dir='ltr'>om.</span> <span class='ocrx_word' id='word_1_126' title='bbox 357 1011 420 1071; x_wconf 78' lang='lat' dir='ltr'>sas,</span> <span class='ocrx_word' id='word_1_127' title='bbox 439 1015 507 1076; x_wconf 90' lang='lat' dir='ltr'>qnod</span> <span class='ocrx_word' id='word_1_128' title='bbox 524 1014 682 1078; x_wconf 77' lang='lat' dir='ltr'>probandum</span> <span class='ocrx_word' id='word_1_129' title='bbox 700 1015 807 1066; x_wconf 88' lang='lat' dir='ltr'>videtur.</span> <span class='ocrx_word' id='word_1_130' title='bbox 824 1041 859 1053; x_wconf 89' lang='lat'><em>-</em></span> <span class='ocrx_word' id='word_1_131' title='bbox 869 1031 891 1069; x_wconf 92' lang='grc' dir='ltr'>ο.</span> <span class='ocrx_word' id='word_1_132' title='bbox 902 1015 946 1070; x_wconf 87' lang='grc'><strong><em>01.</em></strong></span> <span class='ocrx_word' id='word_1_133' title='bbox 966 1014 1019 1066; x_wconf 77' lang='grc' dir='ltr'>νῦν</span> <span class='ocrx_word' id='word_1_134' title='bbox 1036 1030 1133 1081; x_wconf 73' lang='grc' dir='ltr'><strong><em>πειρη-</em></strong></span> 
     </span>
     <span class='ocr_line' id='line_1_13' title="bbox 84 1073 1133 1202; baseline 0.002 -68"><span class='ocrx_word' id='word_1_135' title='bbox 84 1074 193 1147; x_wconf 74' lang='grc' dir='ltr'><strong><em>σόμεθα</em></strong></span> <span class='ocrx_word' id='word_1_136' title='bbox 217 1096 303 1146; x_wconf 81' lang='grc' dir='ltr'><strong><em>σφεας</em></strong></span> <span class='ocrx_word' id='word_1_137' title='bbox 325 1073 383 1202; x_wconf 58' lang='lat' dir='ltr'>{lm</span> <span class='ocrx_word' id='word_1_138' title='bbox 404 1073 471 1147; x_wconf 80' lang='grc' dir='ltr'><strong><em>ὑμῖν</em></strong></span> <span class='ocrx_word' id='word_1_139' title='bbox 494 1074 660 1145; x_wconf 78' lang='grc' dir='ltr'><strong><em>α’πιιιόμενοι</em></strong></span> <span class='ocrx_word' id='word_1_140' title='bbox 682 1081 817 1134; x_wconf 88' lang='grc' dir='ltr'><strong><em>τίσασθαι</em></strong></span> <span class='ocrx_word' id='word_1_141' title='bbox 835 1086 887 1134; x_wconf 77' lang='lat' dir='ltr'>i&#39;ab</span> <span class='ocrx_word' id='word_1_142' title='bbox 905 1087 985 1152; x_wconf 65' lang='lat' dir='ltr'>vulg„</span> <span class='ocrx_word' id='word_1_143' title='bbox 1008 1088 1054 1138; x_wconf 92' lang='lat' dir='ltr'>scd</span> <span class='ocrx_word' id='word_1_144' title='bbox 1075 1087 1133 1136; x_wconf 70' lang='lat' dir='ltr'>VPr</span> 
     </span>
     <span class='ocr_line' id='line_1_14' title="bbox 85 1143 1133 1217; baseline 0.001 -14"><span class='ocrx_word' id='word_1_145' title='bbox 85 1169 109 1204; x_wconf 85' lang='grc' dir='ltr'>ν.</span> <span class='ocrx_word' id='word_1_146' title='bbox 126 1166 157 1205; x_wconf 90' lang='grc' dir='ltr'>π.</span> <span class='ocrx_word' id='word_1_147' title='bbox 175 1163 224 1214; x_wconf 80' lang='lat' dir='ltr'>sq.</span> <span class='ocrx_word' id='word_1_148' title='bbox 241 1143 269 1207; x_wconf 78' lang='grc' dir='ltr'>ἅ,</span> <span class='ocrx_word' id='word_1_149' title='bbox 286 1145 311 1202; x_wconf 76' lang='lat' dir='ltr'>b.</span> <span class='ocrx_word' id='word_1_150' title='bbox 350 1145 477 1217; x_wconf 79' lang='grc' dir='ltr'><strong><em>ιιέέμενοι</em></strong></span> <span class='ocrx_word' id='word_1_151' title='bbox 493 1150 642 1214; x_wconf 77' lang='grc' dir='ltr'><strong><em>τίσασθαι,</em></strong></span> <span class='ocrx_word' id='word_1_152' title='bbox 667 1168 725 1203; x_wconf 87' lang='lat' dir='ltr'>cnm</span> <span class='ocrx_word' id='word_1_153' title='bbox 746 1155 837 1217; x_wconf 86' lang='lat' dir='ltr'>quibus</span> <span class='ocrx_word' id='word_1_154' title='bbox 860 1156 895 1204; x_wconf 92' lang='lat' dir='ltr'>ita</span> <span class='ocrx_word' id='word_1_155' title='bbox 912 1156 1035 1206; x_wconf 75' lang='lat' dir='ltr'>consentit</span> <span class='ocrx_word' id='word_1_156' title='bbox 1052 1155 1084 1216; x_wconf 88' lang='lat' dir='ltr'>S,</span> <span class='ocrx_word' id='word_1_157' title='bbox 1106 1163 1133 1204; x_wconf 90' lang='lat' dir='ltr'>ut</span> 
     </span>
     <span class='ocr_line' id='line_1_15' title="bbox 84 1219 1133 1342; baseline 0.001 -69"><span class='ocrx_word' id='word_1_158' title='bbox 84 1219 217 1273; x_wconf 77' lang='grc' dir='ltr'><strong><em>τίσασθαι</em></strong></span> <span class='ocrx_word' id='word_1_159' title='bbox 236 1223 341 1278; x_wconf 85' lang='lat' dir='ltr'>omittat.</span> <span class='ocrx_word' id='word_1_160' title='bbox 377 1223 535 1287; x_wconf 80' lang='lat' dir='ltr'><strong>Quamquam</strong></span> <span class='ocrx_word' id='word_1_161' title='bbox 555 1237 604 1273; x_wconf 89' lang='lat' dir='ltr'>uon</span> <span class='ocrx_word' id='word_1_162' title='bbox 622 1231 690 1271; x_wconf 87' lang='lat' dir='ltr'>caret</span> <span class='ocrx_word' id='word_1_163' title='bbox 703 1225 766 1302; x_wconf 41' lang='lat' dir='ltr'>aseri</span> <span class='ocrx_word' id='word_1_164' title='bbox 784 1225 870 1342; x_wconf 74' lang='lat' dir='ltr'>specie</span> <span class='ocrx_word' id='word_1_165' title='bbox 887 1223 960 1274; x_wconf 82' lang='lat' dir='ltr'>Eltsii</span> <span class='ocrx_word' id='word_1_166' title='bbox 977 1240 1003 1291; x_wconf 89' lang='lat' dir='ltr'>p.</span> <span class='ocrx_word' id='word_1_167' title='bbox 1022 1224 1073 1277; x_wconf 88' lang='grc'>332</span> <span class='ocrx_word' id='word_1_168' title='bbox 1091 1240 1133 1274; x_wconf 81' lang='lat' dir='ltr'>sn-</span> 
     </span>
     <span class='ocr_line' id='line_1_16' title="bbox 84 1284 1131 1358; baseline -0.001 -16"><span class='ocrx_word' id='word_1_169' title='bbox 84 1294 163 1358; x_wconf 90' lang='lat' dir='ltr'>spicio</span> <span class='ocrx_word' id='word_1_170' title='bbox 178 1291 330 1341; x_wconf 84' lang='lat' dir='ltr'>Herodotum</span> <span class='ocrx_word' id='word_1_171' title='bbox 346 1293 496 1356; x_wconf 78' lang='lat' dir='ltr'>scripsisse:</span> <span class='ocrx_word' id='word_1_172' title='bbox 516 1307 541 1344; x_wconf 88' lang='grc' dir='ltr'>ν.</span> <span class='ocrx_word' id='word_1_173' title='bbox 560 1305 589 1339; x_wconf 80' lang='grc' dir='ltr'><strong><em>τι.</em></strong></span> <span class='ocrx_word' id='word_1_174' title='bbox 608 1303 680 1354; x_wconf 72' lang='grc' dir='ltr'><strong><em>σφεα</em></strong></span> <span class='ocrx_word' id='word_1_175' title='bbox 699 1307 731 1347; x_wconf 77' lang='grc' dir='ltr'>α,</span> <span class='ocrx_word' id='word_1_176' title='bbox 747 1284 772 1341; x_wconf 85' lang='grc'>0.</span> <span class='ocrx_word' id='word_1_177' title='bbox 813 1305 954 1357; x_wconf 76' lang='lat' dir='ltr'>amparet,</span> <span class='ocrx_word' id='word_1_178' title='bbox 974 1302 1056 1344; x_wconf 88' lang='lat' dir='ltr'>tamen</span> <span class='ocrx_word' id='word_1_179' title='bbox 1075 1309 1131 1342; x_wconf 86' lang='lat' dir='ltr'>cnm</span> 
     </span>
     <span class='ocr_line' id='line_1_17' title="bbox 84 1361 1132 1429; baseline 0 -18"><span class='ocrx_word' id='word_1_180' title='bbox 84 1362 145 1425; x_wconf 89' lang='lat' dir='ltr'>quid</span> <span class='ocrx_word' id='word_1_181' title='bbox 170 1361 329 1411; x_wconf 86' lang='lat' dir='ltr'>statuendum</span> <span class='ocrx_word' id='word_1_182' title='bbox 352 1369 420 1410; x_wconf 90' lang='lat' dir='ltr'>esset</span> <span class='ocrx_word' id='word_1_183' title='bbox 439 1361 501 1410; x_wconf 89' lang='lat' dir='ltr'>mihi</span> <span class='ocrx_word' id='word_1_184' title='bbox 524 1362 635 1411; x_wconf 89' lang='lat' dir='ltr'>nondum</span> <span class='ocrx_word' id='word_1_185' title='bbox 653 1370 795 1422; x_wconf 87' lang='lat' dir='ltr'>constaret,</span> <span class='ocrx_word' id='word_1_186' title='bbox 822 1363 950 1429; x_wconf 73' lang='lat' dir='ltr'>vulgatam</span> <span class='ocrx_word' id='word_1_187' title='bbox 967 1370 1066 1413; x_wconf 87' lang='lat' dir='ltr'>mutare</span> <span class='ocrx_word' id='word_1_188' title='bbox 1082 1377 1132 1412; x_wconf 90' lang='lat' dir='ltr'>non</span> 
     </span>
     <span class='ocr_line' id='line_1_18' title="bbox 84 1430 1131 1496; baseline 0.001 -16"><span class='ocrx_word' id='word_1_189' title='bbox 84 1445 162 1480; x_wconf 86' lang='lat' dir='ltr'>ansus</span> <span class='ocrx_word' id='word_1_190' title='bbox 180 1446 249 1489; x_wconf 89' lang='lat' dir='ltr'>sum,</span> <span class='ocrx_word' id='word_1_191' title='bbox 267 1445 346 1493; x_wconf 91' lang='lat' dir='ltr'>eoque</span> <span class='ocrx_word' id='word_1_192' title='bbox 365 1431 462 1491; x_wconf 88' lang='lat' dir='ltr'>minus,</span> <span class='ocrx_word' id='word_1_193' title='bbox 479 1432 548 1493; x_wconf 93' lang='lat' dir='ltr'>quod</span> <span class='ocrx_word' id='word_1_194' title='bbox 562 1432 665 1480; x_wconf 89' lang='lat' dir='ltr'>minime</span> <span class='ocrx_word' id='word_1_195' title='bbox 683 1431 761 1496; x_wconf 83' lang='lat' dir='ltr'>inepti</span> <span class='ocrx_word' id='word_1_196' title='bbox 777 1430 874 1481; x_wconf 87' lang='lat' dir='ltr'>librarii</span> <span class='ocrx_word' id='word_1_197' title='bbox 890 1447 991 1482; x_wconf 87' lang='lat' dir='ltr'>manum</span> <span class='ocrx_word' id='word_1_198' title='bbox 1010 1432 1077 1482; x_wconf 87' lang='lat' dir='ltr'>olere</span> <span class='ocrx_word' id='word_1_199' title='bbox 1096 1434 1131 1481; x_wconf 85' lang='lat' dir='ltr'>vi·</span> 
     </span>
     <span class='ocr_line' id='line_1_19' title="bbox 85 1490 1129 1565; baseline 0.001 -15"><span class='ocrx_word' id='word_1_200' title='bbox 85 1501 195 1550; x_wconf 85' lang='lat' dir='ltr'>deretur.</span> <span class='ocrx_word' id='word_1_201' title='bbox 230 1499 307 1549; x_wconf 85' lang='lat' dir='ltr'>Panlo</span> <span class='ocrx_word' id='word_1_202' title='bbox 325 1507 384 1565; x_wconf 89' lang='lat' dir='ltr'>post</span> <span class='ocrx_word' id='word_1_203' title='bbox 401 1490 451 1550; x_wconf 84' lang='grc' dir='ltr'><strong><em>τόν</em></strong></span> <span class='ocrx_word' id='word_1_204' title='bbox 468 1502 560 1551; x_wconf 90' lang='lat' dir='ltr'>rectius</span> <span class='ocrx_word' id='word_1_205' title='bbox 576 1501 700 1560; x_wconf 87' lang='lat' dir='ltr'>eiicietur,</span> <span class='ocrx_word' id='word_1_206' title='bbox 715 1515 790 1563; x_wconf 89' lang='lat' dir='ltr'>qnam</span> <span class='ocrx_word' id='word_1_207' title='bbox 809 1515 866 1550; x_wconf 89' lang='lat' dir='ltr'>cum</span> <span class='ocrx_word' id='word_1_208' title='bbox 884 1502 923 1551; x_wconf 82' lang='lat' dir='ltr'>PF</span> <span class='ocrx_word' id='word_1_209' title='bbox 940 1501 1021 1551; x_wconf 83' lang='lat' dir='ltr'>Paris.</span> <span class='ocrx_word' id='word_1_210' title='bbox 1040 1502 1129 1551; x_wconf 83' lang='lat' dir='ltr'>retine</span> 
     </span>
     <span class='ocr_line' id='line_1_20' title="bbox 84 1567 1129 1636; baseline 0.001 -18"><span class='ocrx_word' id='word_1_211' title='bbox 84 1570 159 1621; x_wconf 87' lang='lat' dir='ltr'>bitur.</span> <span class='ocrx_word' id='word_1_212' title='bbox 178 1595 213 1605; x_wconf 89' lang='lat'><em>-</em></span> <span class='ocrx_word' id='word_1_213' title='bbox 229 1584 252 1619; x_wconf 87' lang='grc' dir='ltr'>ο.</span> <span class='ocrx_word' id='word_1_214' title='bbox 269 1567 314 1629; x_wconf 88' lang='grc'>02,</span> <span class='ocrx_word' id='word_1_215' title='bbox 332 1569 348 1620; x_wconf 82' lang='grc'>5</span> <span class='ocrx_word' id='word_1_216' title='bbox 367 1578 431 1618; x_wconf 83' lang='lat' dir='ltr'>extr.</span> <span class='ocrx_word' id='word_1_217' title='bbox 454 1569 552 1619; x_wconf 83' lang='lat' dir='ltr'>Vereor</span> <span class='ocrx_word' id='word_1_218' title='bbox 571 1585 601 1619; x_wconf 89' lang='lat' dir='ltr'>ne</span> <span class='ocrx_word' id='word_1_219' title='bbox 620 1569 737 1635; x_wconf 90' lang='lat' dir='ltr'>cupidius</span> <span class='ocrx_word' id='word_1_220' title='bbox 755 1568 898 1621; x_wconf 87' lang='lat' dir='ltr'>Dindorllus</span> <span class='ocrx_word' id='word_1_221' title='bbox 916 1571 1052 1636; x_wconf 77' lang='lat' dir='ltr'>arripuerit</span> <span class='ocrx_word' id='word_1_222' title='bbox 1068 1570 1129 1619; x_wconf 84' lang='lat' dir='ltr'>Bels-</span> 
     </span>
     <span class='ocr_line' id='line_1_21' title="bbox 86 1629 1132 1707; baseline 0.001 -21"><span class='ocrx_word' id='word_1_223' title='bbox 86 1639 139 1687; x_wconf 79' lang='lat' dir='ltr'>lreri</span> <span class='ocrx_word' id='word_1_224' title='bbox 160 1638 327 1688; x_wconf 86' lang='lat' dir='ltr'>coniecturam</span> <span class='ocrx_word' id='word_1_225' title='bbox 344 1635 436 1707; x_wconf 73' lang='grc' dir='ltr'><strong><em>πολλῷ</em></strong></span> <span class='ocrx_word' id='word_1_226' title='bbox 455 1629 487 1686; x_wconf 84' lang='lat' dir='ltr'>d’</span> <span class='ocrx_word' id='word_1_227' title='bbox 502 1630 542 1687; x_wconf 75' lang='grc' dir='ltr'><strong><em>ἔτι</em></strong></span> <span class='ocrx_word' id='word_1_228' title='bbox 561 1636 672 1696; x_wconf 78' lang='grc' dir='ltr'><strong><em>πλείους</em></strong></span> <span class='ocrx_word' id='word_1_229' title='bbox 692 1639 731 1688; x_wconf 89' lang='lat' dir='ltr'>vel</span> <span class='ocrx_word' id='word_1_230' title='bbox 750 1635 880 1697; x_wconf 67' lang='grc' dir='ltr'><strong><em>πλεῦνας.</em></strong></span> <span class='ocrx_word' id='word_1_231' title='bbox 901 1665 935 1677; x_wconf 93' lang='grc'>-</span> <span class='ocrx_word' id='word_1_232' title='bbox 961 1654 985 1692; x_wconf 87' lang='grc' dir='ltr'>ο.</span> <span class='ocrx_word' id='word_1_233' title='bbox 1004 1639 1063 1691; x_wconf 90' lang='grc'><strong><em>101.</em></strong></span> <span class='ocrx_word' id='word_1_234' title='bbox 1081 1637 1132 1688; x_wconf 78' lang='lat' dir='ltr'>ille-</span> 
     </span>
     <span class='ocr_line' id='line_1_22' title="bbox 85 1699 1132 1773; baseline 0.002 -17"><span class='ocrx_word' id='word_1_235' title='bbox 85 1707 213 1756; x_wconf 90' lang='lat' dir='ltr'>morabilis</span> <span class='ocrx_word' id='word_1_236' title='bbox 232 1715 270 1757; x_wconf 93' lang='lat' dir='ltr'>est</span> <span class='ocrx_word' id='word_1_237' title='bbox 290 1708 415 1772; x_wconf 87' lang='lat' dir='ltr'>scriptura</span> <span class='ocrx_word' id='word_1_238' title='bbox 430 1705 486 1757; x_wconf 87' lang='lat' dir='ltr'>SV:</span> <span class='ocrx_word' id='word_1_239' title='bbox 512 1699 546 1756; x_wconf 73' lang='grc' dir='ltr'><strong><em>τοὶ</em></strong></span> <span class='ocrx_word' id='word_1_240' title='bbox 568 1700 669 1772; x_wconf 78' lang='grc' dir='ltr'><strong><em>ἔσχατα</em></strong></span> <span class='ocrx_word' id='word_1_241' title='bbox 690 1703 909 1772; x_wconf 73' lang='grc' dir='ltr'><strong><em>περινεμομένοο</em></strong></span> <span class='ocrx_word' id='word_1_242' title='bbox 933 1723 980 1773; x_wconf 91' lang='lat' dir='ltr'>pro</span> <span class='ocrx_word' id='word_1_243' title='bbox 1002 1699 1037 1756; x_wconf 77' lang='lat' dir='ltr'>soi</span> <span class='ocrx_word' id='word_1_244' title='bbox 1055 1721 1132 1773; x_wconf 79' lang='grc' dir='ltr'><strong><em>περι·</em></strong></span> 
     </span>
     <span class='ocr_line' id='line_1_23' title="bbox 84 1768 1131 1842; baseline 0.001 -15"><span class='ocrx_word' id='word_1_245' title='bbox 84 1772 184 1841; x_wconf 77' lang='grc' dir='ltr'><strong><em>έσχατα</em></strong></span> <span class='ocrx_word' id='word_1_246' title='bbox 205 1772 367 1839; x_wconf 81' lang='grc' dir='ltr'><strong><em>νεμομένου.</em></strong></span> <span class='ocrx_word' id='word_1_247' title='bbox 402 1776 534 1827; x_wconf 86' lang='lat' dir='ltr'>Libromm</span> <span class='ocrx_word' id='word_1_248' title='bbox 558 1779 647 1826; x_wconf 87' lang='lat' dir='ltr'>vitium</span> <span class='ocrx_word' id='word_1_249' title='bbox 670 1768 720 1824; x_wconf 74' lang='lat' dir='ltr'>oria</span> <span class='ocrx_word' id='word_1_250' title='bbox 744 1770 856 1842; x_wconf 78' lang='grc' dir='ltr'><strong><em>ἔχοντος</em></strong></span> <span class='ocrx_word' id='word_1_251' title='bbox 878 1768 1006 1839; x_wconf 75' lang='grc' dir='ltr'><strong><em>έξήλνσιν</em></strong></span> <span class='ocrx_word' id='word_1_252' title='bbox 1031 1779 1131 1828; x_wconf 87' lang='lat' dir='ltr'>emend.</span> 
     </span>
     <span class='ocr_line' id='line_1_24' title="bbox 86 1836 1132 1912; baseline 0.002 -18"><span class='ocrx_word' id='word_1_253' title='bbox 86 1846 195 1895; x_wconf 87' lang='lat' dir='ltr'>Wessel.</span> <span class='ocrx_word' id='word_1_254' title='bbox 232 1847 259 1895; x_wconf 93' lang='lat' dir='ltr'>ln</span> <span class='ocrx_word' id='word_1_255' title='bbox 276 1847 440 1909; x_wconf 88' lang='lat' dir='ltr'>sequentibus</span> <span class='ocrx_word' id='word_1_256' title='bbox 459 1845 585 1912; x_wconf 79' lang='lat' dir='ltr'>volgatam</span> <span class='ocrx_word' id='word_1_257' title='bbox 606 1837 671 1902; x_wconf 76' lang='grc' dir='ltr'><strong><em>τοὺς</em></strong></span> <span class='ocrx_word' id='word_1_258' title='bbox 690 1838 741 1909; x_wconf 73' lang='grc' dir='ltr'>μὲν</span> <span class='ocrx_word' id='word_1_259' title='bbox 763 1844 819 1895; x_wconf 78' lang='grc' dir='ltr'><strong><em>τῶν</em></strong></span> <span class='ocrx_word' id='word_1_260' title='bbox 837 1843 977 1910; x_wconf 77' lang='grc' dir='ltr'><strong><em>πολεμίων</em></strong></span> <span class='ocrx_word' id='word_1_261' title='bbox 995 1836 1132 1911; x_wconf 67' lang='lat' dir='ltr'>clossope-</span> 
     </span>
     <span class='ocr_line' id='line_1_25' title="bbox 84 1915 1132 1981; baseline 0.001 -18"><span class='ocrx_word' id='word_1_262' title='bbox 84 1928 150 1971; x_wconf 88' lang='grc' dir='ltr'><strong><em>νοος</em></strong></span> <span class='ocrx_word' id='word_1_263' title='bbox 168 1922 320 1964; x_wconf 80' lang='lat' dir='ltr'>comnsntare</span> <span class='ocrx_word' id='word_1_264' title='bbox 338 1929 386 1966; x_wconf 88' lang='lat' dir='ltr'>non</span> <span class='ocrx_word' id='word_1_265' title='bbox 404 1929 482 1965; x_wconf 87' lang='lat' dir='ltr'>susus</span> <span class='ocrx_word' id='word_1_266' title='bbox 503 1930 560 1964; x_wconf 92' lang='lat' dir='ltr'>snm</span> <span class='ocrx_word' id='word_1_267' title='bbox 575 1915 650 1964; x_wconf 90' lang='lat' dir='ltr'>unius</span> <span class='ocrx_word' id='word_1_268' title='bbox 674 1915 693 1964; x_wconf 76' lang='lat' dir='ltr'>F</span> <span class='ocrx_word' id='word_1_269' title='bbox 714 1915 875 1980; x_wconf 85' lang='lat' dir='ltr'>anctoritate,</span> <span class='ocrx_word' id='word_1_270' title='bbox 899 1930 1051 1981; x_wconf 85' lang='lat' dir='ltr'>quamquam</span> <span class='ocrx_word' id='word_1_271' title='bbox 1070 1917 1132 1966; x_wconf 88' lang='lat' dir='ltr'>seri-</span> 
     </span>
     <span class='ocr_line' id='line_1_26' title="bbox 87 1975 1165 2050; baseline 0 -17"><span class='ocrx_word' id='word_1_272' title='bbox 87 1994 162 2050; x_wconf 87' lang='lat' dir='ltr'>ptura</span> <span class='ocrx_word' id='word_1_273' title='bbox 177 1984 232 2032; x_wconf 90' lang='lat' dir='ltr'>eius</span> <span class='ocrx_word' id='word_1_274' title='bbox 248 1975 314 2042; x_wconf 77' lang='lat' dir='ltr'>sotir</span> <span class='ocrx_word' id='word_1_275' title='bbox 328 1977 379 2048; x_wconf 72' lang='grc' dir='ltr'>μὲν</span> <span class='ocrx_word' id='word_1_276' title='bbox 395 1975 587 2046; x_wconf 83' lang='grc' dir='ltr'><strong><em>α’μονομένοος</em></strong></span> <span class='ocrx_word' id='word_1_277' title='bbox 603 1981 659 2032; x_wconf 76' lang='grc' dir='ltr'><strong><em>τῶν</em></strong></span> <span class='ocrx_word' id='word_1_278' title='bbox 674 1980 815 2048; x_wconf 72' lang='grc' dir='ltr'><strong><em>πολεμίων</em></strong></span> <span class='ocrx_word' id='word_1_279' title='bbox 829 1984 919 2048; x_wconf 86' lang='lat' dir='ltr'>habet,</span> <span class='ocrx_word' id='word_1_280' title='bbox 938 2001 988 2048; x_wconf 92' lang='lat' dir='ltr'>quo</span> <span class='ocrx_word' id='word_1_281' title='bbox 1006 1999 1132 2036; x_wconf 88' lang='lat' dir='ltr'>commen·</span> <span class='ocrx_word' id='word_1_282' title='bbox 1160 2002 1165 2008; x_wconf 88' lang='lat'>·</span> 
     </span>
     <span class='ocr_line' id='line_1_27' title="bbox 84 2050 1132 2121; baseline 0.002 -19"><span class='ocrx_word' id='word_1_283' title='bbox 84 2053 166 2103; x_wconf 86' lang='lat' dir='ltr'>detur.</span> <span class='ocrx_word' id='word_1_284' title='bbox 202 2050 253 2103; x_wconf 85' lang='lat' dir='ltr'>Nec</span> <span class='ocrx_word' id='word_1_285' title='bbox 270 2055 354 2104; x_wconf 87' lang='lat' dir='ltr'>minus</span> <span class='ocrx_word' id='word_1_286' title='bbox 371 2053 433 2104; x_wconf 90' lang='lat' dir='ltr'>mihi</span> <span class='ocrx_word' id='word_1_287' title='bbox 451 2053 572 2103; x_wconf 82' lang='lat' dir='ltr'>audacius</span> <span class='ocrx_word' id='word_1_288' title='bbox 590 2053 687 2113; x_wconf 86' lang='lat' dir='ltr'>visum,</span> <span class='ocrx_word' id='word_1_289' title='bbox 706 2063 809 2119; x_wconf 87' lang='lat' dir='ltr'>propter</span> <span class='ocrx_word' id='word_1_290' title='bbox 833 2054 882 2104; x_wconf 86' lang='lat' dir='ltr'>loci</span> <span class='ocrx_word' id='word_1_291' title='bbox 901 2054 1072 2105; x_wconf 77' lang='lat' dir='ltr'>diversitatem</span> <span class='ocrx_word' id='word_1_292' title='bbox 1088 2071 1132 2121; x_wconf 75' lang='lat' dir='ltr'>ge-</span> 
     </span>
     <span class='ocr_line' id='line_1_28' title="bbox 84 2113 1121 2189; baseline 0.001 -18"><span class='ocrx_word' id='word_1_293' title='bbox 84 2124 194 2171; x_wconf 87' lang='lat' dir='ltr'>netivum</span> <span class='ocrx_word' id='word_1_294' title='bbox 210 2136 257 2187; x_wconf 89' lang='lat' dir='ltr'>pro</span> <span class='ocrx_word' id='word_1_295' title='bbox 269 2122 420 2188; x_wconf 71' lang='lat' dir='ltr'>glossemate</span> <span class='ocrx_word' id='word_1_296' title='bbox 436 2122 537 2186; x_wconf 82' lang='lat' dir='ltr'>habere,</span> <span class='ocrx_word' id='word_1_297' title='bbox 556 2122 705 2186; x_wconf 87' lang='lat' dir='ltr'>praesertim</span> <span class='ocrx_word' id='word_1_298' title='bbox 721 2138 778 2172; x_wconf 91' lang='lat' dir='ltr'>cum</span> <span class='ocrx_word' id='word_1_299' title='bbox 796 2124 833 2173; x_wconf 88' lang='lat' dir='ltr'>sic</span> <span class='ocrx_word' id='word_1_300' title='bbox 850 2113 915 2180; x_wconf 71' lang='grc' dir='ltr'>τούς</span> <span class='ocrx_word' id='word_1_301' title='bbox 935 2115 986 2186; x_wconf 84' lang='grc' dir='ltr'>μέν</span> <span class='ocrx_word' id='word_1_302' title='bbox 994 2123 1027 2172; x_wconf 90' lang='lat' dir='ltr'>ad</span> <span class='ocrx_word' id='word_1_303' title='bbox 1036 2124 1121 2189; x_wconf 67' lang='lat' dir='ltr'>Lydos</span> 
     </span>
     <span class='ocr_line' id='line_1_29' title="bbox 83 2160 1133 2257; baseline 0.001 -18"><span class='ocrx_word' id='word_1_304' title='bbox 83 2182 147 2246; x_wconf 73' lang='grc' dir='ltr'><strong><em>τοὺς</em></strong></span> <span class='ocrx_word' id='word_1_305' title='bbox 162 2186 193 2240; x_wconf 80' lang='grc' dir='ltr'>δέ</span> <span class='ocrx_word' id='word_1_306' title='bbox 207 2192 241 2242; x_wconf 87' lang='lat' dir='ltr'>ad</span> <span class='ocrx_word' id='word_1_307' title='bbox 255 2192 346 2242; x_wconf 85' lang='lat' dir='ltr'>Persas</span> <span class='ocrx_word' id='word_1_308' title='bbox 363 2191 452 2241; x_wconf 81' lang='lat' dir='ltr'>referri</span> <span class='ocrx_word' id='word_1_309' title='bbox 469 2191 559 2257; x_wconf 75' lang='lat' dir='ltr'>possit,</span> <span class='ocrx_word' id='word_1_310' title='bbox 588 2216 623 2230; x_wconf 89' lang='lat'><em>-</em></span> <span class='ocrx_word' id='word_1_311' title='bbox 652 2207 674 2240; x_wconf 92' lang='lat' dir='ltr'>c.</span> <span class='ocrx_word' id='word_1_312' title='bbox 696 2191 754 2244; x_wconf 91' lang='grc'><strong><em>107.</em></strong></span> <span class='ocrx_word' id='word_1_313' title='bbox 772 2184 824 2256; x_wconf 75' lang='grc' dir='ltr'>μέν</span> <span class='ocrx_word' id='word_1_314' title='bbox 843 2182 880 2256; x_wconf 76' lang='grc' dir='ltr'>δή</span> <span class='ocrx_word' id='word_1_315' title='bbox 899 2191 957 2251; x_wconf 90' lang='lat' dir='ltr'>SV,</span> <span class='ocrx_word' id='word_1_316' title='bbox 985 2191 1075 2255; x_wconf 87' lang='lat' dir='ltr'>reliqui</span> <span class='ocrx_word' id='word_1_317' title='bbox 1094 2160 1133 2255; x_wconf 58' lang='lat' dir='ltr'>(lq3</span> 
     </span>
     <span class='ocr_line' id='line_1_30' title="bbox 84 2257 1132 2327; baseline 0.002 -17"><span class='ocrx_word' id='word_1_318' title='bbox 84 2262 210 2314; x_wconf 86' lang='lat' dir='ltr'>omittunt.</span> <span class='ocrx_word' id='word_1_319' title='bbox 236 2286 271 2297; x_wconf 92' lang='lat'><em>-</em></span> <span class='ocrx_word' id='word_1_320' title='bbox 299 2277 322 2315; x_wconf 89' lang='grc' dir='ltr'>ο.</span> <span class='ocrx_word' id='word_1_321' title='bbox 343 2260 402 2314; x_wconf 87' lang='grc'>108.</span> <span class='ocrx_word' id='word_1_322' title='bbox 421 2262 536 2312; x_wconf 77' lang='lat' dir='ltr'>Formam</span> <span class='ocrx_word' id='word_1_323' title='bbox 553 2257 731 2325; x_wconf 66' lang='grc' dir='ltr'><strong><em>μεμετιμένος</em></strong></span> <span class='ocrx_word' id='word_1_324' title='bbox 756 2261 796 2327; x_wconf 88' lang='lat' dir='ltr'>(h.</span> <span class='ocrx_word' id='word_1_325' title='bbox 823 2262 840 2311; x_wconf 86' lang='lat' dir='ltr'>l.</span> <span class='ocrx_word' id='word_1_326' title='bbox 863 2262 907 2323; x_wconf 89' lang='lat' dir='ltr'>Vl,</span> <span class='ocrx_word' id='word_1_327' title='bbox 932 2261 963 2323; x_wconf 81' lang='grc' dir='ltr'><strong><em>1ς</em></strong></span> <span class='ocrx_word' id='word_1_328' title='bbox 983 2261 1040 2322; x_wconf 90' lang='lat' dir='ltr'>Vll,</span> <span class='ocrx_word' id='word_1_329' title='bbox 1058 2259 1132 2326; x_wconf 84' lang='grc'><strong><em>220),</em></strong></span> 
     </span>
     <span class='ocr_line' id='line_1_31' title="bbox 83 2325 1132 2397; baseline 0.003 -20"><span class='ocrx_word' id='word_1_330' title='bbox 83 2343 157 2391; x_wconf 88' lang='lat' dir='ltr'>qnam</span> <span class='ocrx_word' id='word_1_331' title='bbox 172 2327 264 2396; x_wconf 76' lang='lat' dir='ltr'>Bergk.</span> <span class='ocrx_word' id='word_1_332' title='bbox 279 2330 370 2381; x_wconf 73' lang='lat' dir='ltr'>Auser.</span> <span class='ocrx_word' id='word_1_333' title='bbox 389 2331 488 2397; x_wconf 78' lang='lat' dir='ltr'>Fragin.</span> <span class='ocrx_word' id='word_1_334' title='bbox 506 2346 534 2396; x_wconf 90' lang='lat' dir='ltr'>p.</span> <span class='ocrx_word' id='word_1_335' title='bbox 550 2330 602 2382; x_wconf 85' lang='grc'>204</span> <span class='ocrx_word' id='word_1_336' title='bbox 617 2331 643 2379; x_wconf 92' lang='lat' dir='ltr'>in</span> <span class='ocrx_word' id='word_1_337' title='bbox 657 2325 848 2395; x_wconf 74' lang='grc' dir='ltr'><strong><em>μεμετειμένος</em></strong></span> <span class='ocrx_word' id='word_1_338' title='bbox 866 2330 1013 2381; x_wconf 82' lang='lat' dir='ltr'>mutandam</span> <span class='ocrx_word' id='word_1_339' title='bbox 1028 2344 1132 2380; x_wconf 88' lang='lat' dir='ltr'>censue·</span> 
     </span>
     <span class='ocr_line' id='line_1_32' title="bbox 84 2398 1132 2465; baseline 0.002 -19"><span class='ocrx_word' id='word_1_340' title='bbox 84 2408 131 2455; x_wconf 80' lang='lat' dir='ltr'>rat,</span> <span class='ocrx_word' id='word_1_341' title='bbox 150 2399 182 2448; x_wconf 91' lang='lat' dir='ltr'>iis</span> <span class='ocrx_word' id='word_1_342' title='bbox 199 2400 354 2465; x_wconf 73' lang='lat' dir='ltr'>argumentis</span> <span class='ocrx_word' id='word_1_343' title='bbox 371 2399 484 2450; x_wconf 87' lang='lat' dir='ltr'>deiendit</span> <span class='ocrx_word' id='word_1_344' title='bbox 502 2399 577 2451; x_wconf 87' lang='lat' dir='ltr'>Bred.</span> <span class='ocrx_word' id='word_1_345' title='bbox 592 2415 618 2465; x_wconf 86' lang='lat' dir='ltr'>p.</span> <span class='ocrx_word' id='word_1_346' title='bbox 636 2398 703 2462; x_wconf 89' lang='grc'><strong><em>310,</em></strong></span> <span class='ocrx_word' id='word_1_347' title='bbox 722 2408 749 2450; x_wconf 90' lang='lat' dir='ltr'>ut</span> <span class='ocrx_word' id='word_1_348' title='bbox 764 2401 922 2451; x_wconf 86' lang='lat' dir='ltr'>retinendam</span> <span class='ocrx_word' id='word_1_349' title='bbox 937 2399 1080 2451; x_wconf 81' lang='lat' dir='ltr'>arbitrarer.</span> <span class='ocrx_word' id='word_1_350' title='bbox 1096 2426 1132 2439; x_wconf 90' lang='lat'><em>-</em></span> 
     </span>
     <span class='ocr_line' id='line_1_33' title="bbox 82 2458 1132 2534; baseline 0.003 -18"><span class='ocrx_word' id='word_1_351' title='bbox 82 2483 106 2519; x_wconf 90' lang='lat' dir='ltr'>c.</span> <span class='ocrx_word' id='word_1_352' title='bbox 129 2467 186 2520; x_wconf 86' lang='grc'><strong><em>113.</em></strong></span> <span class='ocrx_word' id='word_1_353' title='bbox 205 2458 427 2534; x_wconf 69' lang='grc' dir='ltr'><strong><em>ἀπονοστήσουσι</em></strong></span> <span class='ocrx_word' id='word_1_354' title='bbox 443 2471 475 2519; x_wconf 85' lang='lat' dir='ltr'>ab</span> <span class='ocrx_word' id='word_1_355' title='bbox 495 2470 551 2518; x_wconf 75' lang='lat' dir='ltr'>etli</span> <span class='ocrx_word' id='word_1_356' title='bbox 586 2484 607 2519; x_wconf 91' lang='lat' dir='ltr'>r.</span> <span class='ocrx_word' id='word_1_357' title='bbox 625 2485 649 2522; x_wconf 83' lang='lat' dir='ltr'>v.</span> <span class='ocrx_word' id='word_1_358' title='bbox 667 2470 696 2531; x_wconf 84' lang='grc'><strong><em>1.,</em></strong></span> <span class='ocrx_word' id='word_1_359' title='bbox 718 2462 930 2533; x_wconf 83' lang='grc' dir='ltr'><strong><em>α’πονοστήσωοι</em></strong></span> <span class='ocrx_word' id='word_1_360' title='bbox 949 2469 1016 2520; x_wconf 89' lang='lat' dir='ltr'>male</span> <span class='ocrx_word' id='word_1_361' title='bbox 1033 2466 1051 2519; x_wconf 88' lang='lat' dir='ltr'>S</span> <span class='ocrx_word' id='word_1_362' title='bbox 1068 2476 1093 2520; x_wconf 91' lang='lat' dir='ltr'>et</span> <span class='ocrx_word' id='word_1_363' title='bbox 1113 2469 1132 2519; x_wconf 79' lang='lat' dir='ltr'>F</span> 
     </span>
     <span class='ocr_line' id='line_1_34' title="bbox 84 2482 1097 2605; baseline 0.005 -21"><span class='ocrx_word' id='word_1_364' title='bbox 84 2550 121 2600; x_wconf 90' lang='lat' dir='ltr'>pr.</span> <span class='ocrx_word' id='word_1_365' title='bbox 134 2553 167 2586; x_wconf 89' lang='lat' dir='ltr'>m.</span> <span class='ocrx_word' id='word_1_366' title='bbox 185 2565 221 2576; x_wconf 91' lang='lat'>—-</span> <span class='ocrx_word' id='word_1_367' title='bbox 238 2553 262 2589; x_wconf 83' lang='lat' dir='ltr'>c.</span> <span class='ocrx_word' id='word_1_368' title='bbox 282 2539 341 2590; x_wconf 81' lang='grc'><strong><em>124.</em></strong></span> <span class='ocrx_word' id='word_1_369' title='bbox 360 2528 423 2602; x_wconf 72' lang='grc' dir='ltr'><strong><em>ἄγοι</em></strong></span> <span class='ocrx_word' id='word_1_370' title='bbox 437 2536 544 2598; x_wconf 75' lang='lat' dir='ltr'>VSl&#39;ad</span> <span class='ocrx_word' id='word_1_371' title='bbox 560 2482 620 2602; x_wconf 54' lang='grc' dir='ltr'>ἕνα</span> <span class='ocrx_word' id='word_1_372' title='bbox 637 2540 668 2589; x_wconf 88' lang='lat' dir='ltr'>bc</span> <span class='ocrx_word' id='word_1_373' title='bbox 682 2538 750 2599; x_wconf 71' lang='lat' dir='ltr'>ald,</span> <span class='ocrx_word' id='word_1_374' title='bbox 765 2531 819 2605; x_wconf 70' lang='grc' dir='ltr'>ἄνη</span> <span class='ocrx_word' id='word_1_375' title='bbox 836 2540 943 2590; x_wconf 82' lang='lat' dir='ltr'>coniecit</span> <span class='ocrx_word' id='word_1_376' title='bbox 956 2538 1097 2590; x_wconf 85' lang='lat' dir='ltr'>Dobraens.</span> 
     </span>
     <span class='ocr_line' id='line_1_35' title="bbox 150 2605 1131 2674; baseline 0.002 -20"><span class='ocrx_word' id='word_1_377' title='bbox 150 2605 218 2655; x_wconf 82' lang='lat' dir='ltr'>Libri</span> <span class='ocrx_word' id='word_1_378' title='bbox 236 2607 271 2655; x_wconf 84' lang='lat' dir='ltr'>vt</span> <span class='ocrx_word' id='word_1_379' title='bbox 288 2623 309 2656; x_wconf 84' lang='lat' dir='ltr'>e.</span> <span class='ocrx_word' id='word_1_380' title='bbox 330 2609 355 2658; x_wconf 76' lang='lat'>5.</span> <span class='ocrx_word' id='word_1_381' title='bbox 375 2607 533 2672; x_wconf 83' lang='lat' dir='ltr'>Quamquam</span> <span class='ocrx_word' id='word_1_382' title='bbox 550 2622 600 2659; x_wconf 87' lang='lat' dir='ltr'>non</span> <span class='ocrx_word' id='word_1_383' title='bbox 616 2609 705 2674; x_wconf 75' lang='lat' dir='ltr'>ignoro</span> <span class='ocrx_word' id='word_1_384' title='bbox 724 2607 795 2658; x_wconf 87' lang='lat' dir='ltr'>locos</span> <span class='ocrx_word' id='word_1_385' title='bbox 807 2606 956 2674; x_wconf 88' lang='lat' dir='ltr'>Sophoclis,</span> <span class='ocrx_word' id='word_1_386' title='bbox 981 2621 1045 2671; x_wconf 89' lang='lat' dir='ltr'>quos</span> <span class='ocrx_word' id='word_1_387' title='bbox 1065 2616 1131 2658; x_wconf 83' lang='lat' dir='ltr'>attu-</span> 
     </span>
     <span class='ocr_line' id='line_1_36' title="bbox 83 2669 1132 2753; baseline 0.002 -31"><span class='ocrx_word' id='word_1_388' title='bbox 83 2669 113 2722; x_wconf 87' lang='lat' dir='ltr'>lit</span> <span class='ocrx_word' id='word_1_389' title='bbox 129 2674 240 2727; x_wconf 85' lang='lat' dir='ltr'>Wessel.</span> <span class='ocrx_word' id='word_1_390' title='bbox 258 2677 299 2725; x_wconf 74' lang='lat' dir='ltr'>ti.</span> <span class='ocrx_word' id='word_1_391' title='bbox 325 2675 406 2736; x_wconf 88' lang='grc'><strong><em>1010,</em></strong></span> <span class='ocrx_word' id='word_1_392' title='bbox 429 2675 459 2726; x_wconf 93' lang='grc'>0.</span> <span class='ocrx_word' id='word_1_393' title='bbox 480 2675 511 2731; x_wconf 80' lang='lat' dir='ltr'>ll.</span> <span class='ocrx_word' id='word_1_394' title='bbox 535 2677 585 2728; x_wconf 80' lang='lat' dir='ltr'>etl</span> <span class='ocrx_word' id='word_1_395' title='bbox 610 2677 684 2741; x_wconf 80' lang='lat' dir='ltr'>(add.</span> <span class='ocrx_word' id='word_1_396' title='bbox 696 2675 772 2739; x_wconf 81' lang='grc'><strong><em>070),</em></strong></span> <span class='ocrx_word' id='word_1_397' title='bbox 791 2685 875 2726; x_wconf 86' lang='lat' dir='ltr'>tamen</span> <span class='ocrx_word' id='word_1_398' title='bbox 893 2676 978 2727; x_wconf 86' lang='lat' dir='ltr'>neseio</span> <span class='ocrx_word' id='word_1_399' title='bbox 992 2692 1025 2753; x_wconf 79' lang='lat' dir='ltr'>sp</span> <span class='ocrx_word' id='word_1_400' title='bbox 1040 2677 1132 2725; x_wconf 86' lang='lat' dir='ltr'>rectius</span> 
     </span>
     <span class='ocr_line' id='line_1_37' title="bbox 82 2735 1131 2812; baseline -0.001 -19"><span class='ocrx_word' id='word_1_401' title='bbox 82 2757 140 2793; x_wconf 85' lang='lat' dir='ltr'>cum</span> <span class='ocrx_word' id='word_1_402' title='bbox 159 2742 216 2792; x_wconf 79' lang='lat' dir='ltr'>hid.</span> <span class='ocrx_word' id='word_1_403' title='bbox 237 2742 323 2794; x_wconf 78' lang='lat' dir='ltr'>mivs</span> <span class='ocrx_word' id='word_1_404' title='bbox 344 2743 515 2812; x_wconf 78' lang='lat' dir='ltr'>(quemqnam</span> <span class='ocrx_word' id='word_1_405' title='bbox 533 2748 556 2796; x_wconf 92' lang='lat' dir='ltr'>is</span> <span class='ocrx_word' id='word_1_406' title='bbox 573 2735 706 2809; x_wconf 75' lang='grc' dir='ltr'><strong><em>ἅπαστής</em></strong></span> <span class='ocrx_word' id='word_1_407' title='bbox 728 2744 842 2807; x_wconf 79' lang='lat' dir='ltr'>exhibet)</span> <span class='ocrx_word' id='word_1_408' title='bbox 861 2746 987 2796; x_wconf 87' lang='lat' dir='ltr'>scribatur</span> <span class='ocrx_word' id='word_1_409' title='bbox 1004 2735 1131 2799; x_wconf 75' lang='grc' dir='ltr'><strong><em>αποστὸς</em></strong></span> 
     </span>
     <span class='ocr_line' id='line_1_38' title="bbox 81 2801 1129 2881; baseline -0.005 -13"><span class='ocrx_word' id='word_1_410' title='bbox 81 2801 113 2860; x_wconf 61' lang='lat' dir='ltr'>h</span> <span class='ocrx_word' id='word_1_411' title='bbox 129 2808 180 2874; x_wconf 67' lang='lat' dir='ltr'>vde</span> <span class='ocrx_word' id='word_1_412' title='bbox 194 2808 254 2875; x_wconf 65' lang='lat' dir='ltr'>the,</span> <span class='ocrx_word' id='word_1_413' title='bbox 270 2815 337 2877; x_wconf 89' lang='lat' dir='ltr'>qood</span> <span class='ocrx_word' id='word_1_414' title='bbox 355 2815 472 2879; x_wconf 86' lang='lat' dir='ltr'>probavit</span> <span class='ocrx_word' id='word_1_415' title='bbox 486 2814 630 2881; x_wconf 67' lang='lat' dir='ltr'>Bernhardy</span> <span class='ocrx_word' id='word_1_416' title='bbox 647 2813 718 2881; x_wconf 71' lang='lat' dir='ltr'>Synt.</span> <span class='ocrx_word' id='word_1_417' title='bbox 735 2813 778 2864; x_wconf 84' lang='lat' dir='ltr'>Gr.</span> <span class='ocrx_word' id='word_1_418' title='bbox 796 2829 822 2879; x_wconf 87' lang='lat' dir='ltr'>p.</span> <span class='ocrx_word' id='word_1_419' title='bbox 841 2813 893 2865; x_wconf 88' lang='grc'>220</span> <span class='ocrx_word' id='word_1_420' title='bbox 909 2829 934 2864; x_wconf 84' lang='grc' dir='ltr'>ιι.</span> <span class='ocrx_word' id='word_1_421' title='bbox 950 2813 993 2867; x_wconf 93' lang='grc'>10.</span> <span class='ocrx_word' id='word_1_422' title='bbox 1007 2840 1042 2850; x_wconf 93' lang='grc'>-</span> <span class='ocrx_word' id='word_1_423' title='bbox 1052 2830 1075 2869; x_wconf 86' lang='grc' dir='ltr'>ο.</span> <span class='ocrx_word' id='word_1_424' title='bbox 1091 2815 1129 2863; x_wconf 91' lang='grc'>12.</span> 
     </span>
     <span class='ocr_line' id='line_1_39' title="bbox 82 2873 1131 2952; baseline 0 -22"><span class='ocrx_word' id='word_1_425' title='bbox 82 2873 136 2930; x_wconf 71' lang='lat' dir='ltr'>eles</span> <span class='ocrx_word' id='word_1_426' title='bbox 154 2895 203 2932; x_wconf 91' lang='lat' dir='ltr'>om.</span> <span class='ocrx_word' id='word_1_427' title='bbox 222 2880 297 2933; x_wconf 86' lang='lat' dir='ltr'>SVad</span> <span class='ocrx_word' id='word_1_428' title='bbox 313 2883 379 2941; x_wconf 77' lang='lat' dir='ltr'>ald,</span> <span class='ocrx_word' id='word_1_429' title='bbox 396 2885 504 2935; x_wconf 86' lang='lat' dir='ltr'>retinent</span> <span class='ocrx_word' id='word_1_430' title='bbox 521 2883 646 2934; x_wconf 76' lang='lat' dir='ltr'>messis.</span> <span class='ocrx_word' id='word_1_431' title='bbox 657 2898 723 2933; x_wconf 79' lang='grc' dir='ltr'>-ο,</span> <span class='ocrx_word' id='word_1_432' title='bbox 738 2882 780 2937; x_wconf 89' lang='grc'>13.</span> <span class='ocrx_word' id='word_1_433' title='bbox 801 2876 1001 2952; x_wconf 71' lang='grc' dir='ltr'><strong><em>ὑπερβαλοίατο</em></strong></span> <span class='ocrx_word' id='word_1_434' title='bbox 1018 2880 1067 2932; x_wconf 79' lang='grc' dir='ltr'><strong><em>τοῦ</em></strong></span> <span class='ocrx_word' id='word_1_435' title='bbox 1075 2885 1131 2933; x_wconf 87' lang='grc' dir='ltr'>Δα-</span> 
     </span>
     <span class='ocr_line' id='line_1_40' title="bbox 82 2943 1130 3017; baseline 0.001 -18"><span class='ocrx_word' id='word_1_436' title='bbox 82 2952 159 3013; x_wconf 76' lang='grc' dir='ltr'><strong><em>οείοο</em></strong></span> <span class='ocrx_word' id='word_1_437' title='bbox 173 2951 239 3004; x_wconf 90' lang='lat' dir='ltr'>conl.</span> <span class='ocrx_word' id='word_1_438' title='bbox 259 2952 346 3005; x_wconf 81' lang='lat' dir='ltr'>Volcis.</span> <span class='ocrx_word' id='word_1_439' title='bbox 364 2953 436 3004; x_wconf 86' lang='lat' dir='ltr'>Libri</span> <span class='ocrx_word' id='word_1_440' title='bbox 453 2943 503 3002; x_wconf 79' lang='grc' dir='ltr'><strong><em>τὸν</em></strong></span> <span class='ocrx_word' id='word_1_441' title='bbox 518 2952 651 3017; x_wconf 73' lang='grc' dir='ltr'>Δαρεῖον,</span> <span class='ocrx_word' id='word_1_442' title='bbox 668 2953 736 3016; x_wconf 88' lang='lat' dir='ltr'>qood</span> <span class='ocrx_word' id='word_1_443' title='bbox 756 2952 850 3003; x_wconf 80' lang='lat' dir='ltr'>trustra</span> <span class='ocrx_word' id='word_1_444' title='bbox 866 2952 1033 3004; x_wconf 81' lang='lat' dir='ltr'>delendarum</span> <span class='ocrx_word' id='word_1_445' title='bbox 1051 2951 1130 3004; x_wconf 84' lang='lat' dir='ltr'>Gaisl.</span> 
     </span>
     <span class='ocr_line' id='line_1_41' title="bbox 81 3010 1131 3088; baseline -0.001 -19"><span class='ocrx_word' id='word_1_446' title='bbox 81 3026 107 3069; x_wconf 90' lang='lat' dir='ltr'>et</span> <span class='ocrx_word' id='word_1_447' title='bbox 124 3017 212 3069; x_wconf 83' lang='lat' dir='ltr'>llstth.</span> <span class='ocrx_word' id='word_1_448' title='bbox 236 3019 300 3075; x_wconf 83' lang='lat' dir='ltr'>lllts.</span> <span class='ocrx_word' id='word_1_449' title='bbox 313 3036 341 3087; x_wconf 88' lang='lat' dir='ltr'>p.</span> <span class='ocrx_word' id='word_1_450' title='bbox 359 3021 410 3074; x_wconf 87' lang='grc'><strong><em>130</em></strong></span> <span class='ocrx_word' id='word_1_451' title='bbox 424 3022 513 3073; x_wconf 80' lang='lat' dir='ltr'>maluit</span> <span class='ocrx_word' id='word_1_452' title='bbox 530 3036 561 3070; x_wconf 90' lang='grc' dir='ltr'><strong><em>το</em></strong></span> <span class='ocrx_word' id='word_1_453' title='bbox 576 3020 708 3086; x_wconf 76' lang='grc' dir='ltr'><strong><em>Δαρείου.</em></strong></span> <span class='ocrx_word' id='word_1_454' title='bbox 733 3046 769 3061; x_wconf 86' lang='lat'><em>-</em></span> <span class='ocrx_word' id='word_1_455' title='bbox 792 3039 815 3073; x_wconf 89' lang='lat' dir='ltr'>c.</span> <span class='ocrx_word' id='word_1_456' title='bbox 838 3022 873 3074; x_wconf 88' lang='grc'>23</span> <span class='ocrx_word' id='word_1_457' title='bbox 896 3037 954 3071; x_wconf 87' lang='lat' dir='ltr'>cnm</span> <span class='ocrx_word' id='word_1_458' title='bbox 971 3020 989 3072; x_wconf 89' lang='lat' dir='ltr'>S</span> <span class='ocrx_word' id='word_1_459' title='bbox 1006 3037 1054 3088; x_wconf 92' lang='lat' dir='ltr'>pro</span> <span class='ocrx_word' id='word_1_460' title='bbox 1070 3010 1131 3070; x_wconf 78' lang='grc' dir='ltr'><strong><em>τότε</em></strong></span> 
     </span>
     <span class='ocr_line' id='line_1_42' title="bbox 80 3076 1131 3164; baseline 0.005 -26"><span class='ocrx_word' id='word_1_461' title='bbox 80 3076 143 3164; x_wconf 66' lang='grc' dir='ltr'><strong><em>ἐμέν,</em></strong></span> <span class='ocrx_word' id='word_1_462' title='bbox 158 3089 227 3151; x_wconf 90' lang='lat' dir='ltr'>qnod</span> <span class='ocrx_word' id='word_1_463' title='bbox 246 3100 328 3141; x_wconf 83' lang='lat' dir='ltr'>exstat</span> <span class='ocrx_word' id='word_1_464' title='bbox 346 3091 372 3139; x_wconf 86' lang='lat' dir='ltr'>in</span> <span class='ocrx_word' id='word_1_465' title='bbox 388 3091 447 3141; x_wconf 85' lang='lat' dir='ltr'>Pl&#39;ll</span> <span class='ocrx_word' id='word_1_466' title='bbox 466 3090 535 3151; x_wconf 71' lang='lat' dir='ltr'>Par„</span> <span class='ocrx_word' id='word_1_467' title='bbox 554 3091 672 3141; x_wconf 80' lang='lat' dir='ltr'>exhibeat</span> <span class='ocrx_word' id='word_1_468' title='bbox 689 3079 766 3151; x_wconf 73' lang='lat' dir='ltr'>ires,</span> <span class='ocrx_word' id='word_1_469' title='bbox 785 3099 852 3142; x_wconf 85' lang='lat' dir='ltr'>recte</span> <span class='ocrx_word' id='word_1_470' title='bbox 871 3092 1013 3142; x_wconf 79' lang='lat' dir='ltr'>emendavit</span> <span class='ocrx_word' id='word_1_471' title='bbox 1030 3088 1131 3142; x_wconf 84' lang='lat' dir='ltr'>Schael.</span> 
     </span>
     <span class='ocr_line' id='line_1_43' title="bbox 80 3154 1132 3224; baseline -0.001 -19"><span class='ocrx_word' id='word_1_472' title='bbox 80 3169 157 3208; x_wconf 81' lang='grc' dir='ltr'><strong><em>οστε.</em></strong></span> <span class='ocrx_word' id='word_1_473' title='bbox 175 3183 211 3195; x_wconf 89' lang='grc'><strong>-</strong></span> <span class='ocrx_word' id='word_1_474' title='bbox 228 3175 251 3213; x_wconf 83' lang='grc' dir='ltr'>ο.</span> <span class='ocrx_word' id='word_1_475' title='bbox 269 3160 312 3212; x_wconf 79' lang='lat' dir='ltr'>ts.</span> <span class='ocrx_word' id='word_1_476' title='bbox 330 3160 450 3220; x_wconf 79' lang='lat' dir='ltr'>Quamvis</span> <span class='ocrx_word' id='word_1_477' title='bbox 468 3158 598 3220; x_wconf 89' lang='lat' dir='ltr'>librorum,</span> <span class='ocrx_word' id='word_1_478' title='bbox 614 3170 642 3209; x_wconf 91' lang='lat' dir='ltr'>nt</span> <span class='ocrx_word' id='word_1_479' title='bbox 658 3160 765 3219; x_wconf 84' lang='lat' dir='ltr'>videtur,</span> <span class='ocrx_word' id='word_1_480' title='bbox 784 3159 1045 3224; x_wconf 84' lang='lat' dir='ltr'>omninmseriptnrar</span> <span class='ocrx_word' id='word_1_481' title='bbox 1061 3154 1132 3206; x_wconf 77' lang='grc' dir='ltr'><strong><em>νεῶν</em></strong></span> 
     </span>
     <span class='ocr_line' id='line_1_44' title="bbox 79 3216 1132 3298; baseline 0.002 -24"><span class='ocrx_word' id='word_1_482' title='bbox 79 3222 136 3275; x_wconf 73' lang='grc' dir='ltr'><strong><em>τῶν</em></strong></span> <span class='ocrx_word' id='word_1_483' title='bbox 149 3216 181 3276; x_wconf 87' lang='grc' dir='ltr'>έν</span> <span class='ocrx_word' id='word_1_484' title='bbox 195 3225 230 3294; x_wconf 80' lang='grc' dir='ltr'><strong><em>τῇ</em></strong></span> <span class='ocrx_word' id='word_1_485' title='bbox 246 3226 388 3298; x_wconf 74' lang='grc' dir='ltr'><strong><em>ναυμαχίᾳ</em></strong></span> <span class='ocrx_word' id='word_1_486' title='bbox 407 3229 517 3292; x_wconf 84' lang='lat' dir='ltr'>quodam</span> <span class='ocrx_word' id='word_1_487' title='bbox 539 3229 614 3279; x_wconf 87' lang='lat' dir='ltr'>modo</span> <span class='ocrx_word' id='word_1_488' title='bbox 633 3228 734 3280; x_wconf 87' lang='lat' dir='ltr'>delendi</span> <span class='ocrx_word' id='word_1_489' title='bbox 747 3229 846 3294; x_wconf 89' lang='lat' dir='ltr'>possit,</span> <span class='ocrx_word' id='word_1_490' title='bbox 871 3235 899 3280; x_wconf 87' lang='lat' dir='ltr'>ut</span> <span class='ocrx_word' id='word_1_491' title='bbox 917 3228 1023 3279; x_wconf 85' lang='lat' dir='ltr'>delenss</span> <span class='ocrx_word' id='word_1_492' title='bbox 1043 3235 1083 3277; x_wconf 86' lang='lat' dir='ltr'>sst</span> <span class='ocrx_word' id='word_1_493' title='bbox 1100 3227 1132 3276; x_wconf 85' lang='lat' dir='ltr'>ab</span> 
     </span>
     <span class='ocr_line' id='line_1_45' title="bbox 81 3294 1132 3364; baseline 0.002 -22"><span class='ocrx_word' id='word_1_494' title='bbox 81 3294 173 3346; x_wconf 84' lang='lat' dir='ltr'>Bernh.</span> <span class='ocrx_word' id='word_1_495' title='bbox 190 3294 233 3349; x_wconf 87' lang='lat' dir='ltr'>Gr.</span> <span class='ocrx_word' id='word_1_496' title='bbox 252 3297 325 3364; x_wconf 71' lang='lat' dir='ltr'>Sput.</span> <span class='ocrx_word' id='word_1_497' title='bbox 342 3312 368 3363; x_wconf 87' lang='lat' dir='ltr'>p.</span> <span class='ocrx_word' id='word_1_498' title='bbox 383 3297 451 3359; x_wconf 81' lang='grc'><strong><em>208,</em></strong></span> <span class='ocrx_word' id='word_1_499' title='bbox 469 3312 519 3348; x_wconf 87' lang='lat' dir='ltr'>non</span> <span class='ocrx_word' id='word_1_500' title='bbox 536 3298 651 3349; x_wconf 82' lang='lat' dir='ltr'>dubitavi</span> <span class='ocrx_word' id='word_1_501' title='bbox 669 3297 783 3362; x_wconf 88' lang='lat' dir='ltr'>recipere</span> <span class='ocrx_word' id='word_1_502' title='bbox 798 3296 897 3348; x_wconf 79' lang='lat' dir='ltr'>lteishii</span> <span class='ocrx_word' id='word_1_503' title='bbox 914 3296 1132 3346; x_wconf 84' lang='lat' dir='ltr'>emendationem:</span> 
     </span>
    </p>
   </div>
   <div class='ocr_carea' id='block_1_3' title="bbox 80 3355 1132 3500">
    <p class='ocr_par' dir='ltr' id='par_1_3' title="bbox 80 3355 1132 3500">
     <span class='ocr_line' id='line_1_46' title="bbox 81 3355 1132 3432; baseline 0.002 -21"><span class='ocrx_word' id='word_1_504' title='bbox 81 3355 134 3424; x_wconf 76' lang='grc' dir='ltr'><strong><em>τὴν</em></strong></span> <span class='ocrx_word' id='word_1_505' title='bbox 151 3355 182 3413; x_wconf 85' lang='grc' dir='ltr'>έν</span> <span class='ocrx_word' id='word_1_506' title='bbox 199 3362 234 3432; x_wconf 77' lang='grc' dir='ltr'><strong><em>τῇ</em></strong></span> <span class='ocrx_word' id='word_1_507' title='bbox 250 3381 277 3418; x_wconf 84' lang='grc' dir='ltr'>ν.</span> <span class='ocrx_word' id='word_1_508' title='bbox 287 3393 322 3406; x_wconf 92' lang='grc'><strong>-</strong></span> <span class='ocrx_word' id='word_1_509' title='bbox 337 3383 360 3421; x_wconf 87' lang='grc' dir='ltr'>ο.</span> <span class='ocrx_word' id='word_1_510' title='bbox 379 3366 423 3420; x_wconf 84' lang='grc'>28.</span> <span class='ocrx_word' id='word_1_511' title='bbox 442 3360 624 3430; x_wconf 75' lang='grc' dir='ltr'><strong><em>λιμαινούσης</em></strong></span> <span class='ocrx_word' id='word_1_512' title='bbox 641 3367 781 3416; x_wconf 86' lang='lat' dir='ltr'>certissima</span> <span class='ocrx_word' id='word_1_513' title='bbox 796 3376 835 3416; x_wconf 90' lang='lat' dir='ltr'>est</span> <span class='ocrx_word' id='word_1_514' title='bbox 851 3365 948 3416; x_wconf 75' lang='lat' dir='ltr'>Reishil</span> <span class='ocrx_word' id='word_1_515' title='bbox 966 3371 991 3415; x_wconf 90' lang='lat' dir='ltr'>et</span> <span class='ocrx_word' id='word_1_516' title='bbox 1008 3363 1132 3429; x_wconf 77' lang='lat' dir='ltr'>lieringas</span> 
     </span>
     <span class='ocr_line' id='line_1_47' title="bbox 80 3426 1131 3500; baseline 0.001 -22"><span class='ocrx_word' id='word_1_517' title='bbox 80 3430 155 3482; x_wconf 82' lang='lat' dir='ltr'>tlbss.</span> <span class='ocrx_word' id='word_1_518' title='bbox 182 3434 236 3486; x_wconf 81' lang='lat' dir='ltr'>crit.</span> <span class='ocrx_word' id='word_1_519' title='bbox 259 3451 285 3500; x_wconf 90' lang='lat' dir='ltr'>p.</span> <span class='ocrx_word' id='word_1_520' title='bbox 305 3437 355 3486; x_wconf 90' lang='grc'>277</span> <span class='ocrx_word' id='word_1_521' title='bbox 382 3436 532 3487; x_wconf 74' lang='lat' dir='ltr'>emendato.</span> <span class='ocrx_word' id='word_1_522' title='bbox 564 3436 633 3485; x_wconf 84' lang='lat' dir='ltr'>libri</span> <span class='ocrx_word' id='word_1_523' title='bbox 660 3426 865 3499; x_wconf 75' lang='grc' dir='ltr'><strong><em>ὃτιμαινούσης.</em></strong></span> <span class='ocrx_word' id='word_1_524' title='bbox 902 3433 980 3482; x_wconf 86' lang='lat' dir='ltr'>Paulo</span> <span class='ocrx_word' id='word_1_525' title='bbox 998 3430 1056 3498; x_wconf 74' lang='lat' dir='ltr'>pos&#39;t</span> <span class='ocrx_word' id='word_1_526' title='bbox 1074 3446 1131 3480; x_wconf 87' lang='lat' dir='ltr'>cum</span> 
     </span>
    </p>
   </div>
   <div class='ocr_carea' id='block_1_4' title="bbox 0 0 1308 3930">
    <p class='ocr_par' dir='ltr' id='par_1_4' title="bbox 0 0 1308 3930">
     <span class='ocr_line' id='line_1_48' title="bbox 0 0 1308 3930; baseline 0 0"><span class='ocrx_word' id='word_1_527' title='bbox 0 0 1308 3930; x_wconf 95' lang='lat' dir='ltr'> </span> 
     </span>
    </p>
   </div>
  </div>
 </body>
</html>
