2566 3934
343 242 481 312 Llsssn.
523 252 622 312 cAP.
643 259 727 314 30·-
740 260 784 315 32

83 410 186 496 ἕρημος
210 411 274 500 μάρ
299 410 408 481 ἐστι
389 440 410 500 η
431 410 520 500 χόρη
543 411 628 499 αὕτη
653 410 719 481 ύπδ
745 414 920 501 καύματος.
961 408 1060 484 'Auci
1073 430 1108 487 3²
1020 248 1233 531 Μί,

82 508 148 576 τόδε
161 509 264 596 μέν
240 530 371 599 ηκουσα
394 508 529 599 ἀνδρῶν
543 517 748 600 Κυρηναίων
768 513 928 600 φαμένων
948 513 1062 583 έίθείν

81 632 109 674 τε
121 605 212 676 ἐπὶ
180 635 215 678 το
220 607 398 733 ’Ἄμμωνος
410 610 611 699 χρηστήριον
627 614 683 679 καί
698 608 878 680 ἀπικέσθαι
892 614 926 691 ές
940 611 1062 698 λόγους
1231 582 1234 681 ἰ

79 699 263 829 Ἐτεάρχῳ
231 715 278 776 τῶ
296 706 491 796 Ἀμμωνίων
504 712 650 796 βασιλέϊ,
673 716 733 778 καί
743 736 809 790 κως
824 713 861 779 έκ
875 708 986 797 λόγων
1001 706 1061 777 ἀλ-

81 811 138 872 λον
150 776 329 931 ἀπικέσθαι
349 809 383 886 ές
406 809 526 894 λέσχην
546 809 623 929 περί
642 814 703 875 τού
722 805 916 898 Νείλου,’
894 833 938 886 ως
952 803 1062 882 ούδείς

81 902 169 976 αύτοῦ
190 904 309 976 οἶδε
271 934 332 987 τας
351 904 476 995 πημάς,
500 904 604 976 καί
568 933 630 975 τον
641 905 812 996 Ἐτέαρχον
827 907 933 994 φάναι
948 909 1061 976 έλθείν

81 1006 142 1073 κοτέ
154 1003 231 1094 παρ
247 1002 355 1074 αύτὸν
364 1011 576 1093 Νασαμῶνας
590 1003 723 1095 ἀνδρας.
752 1031 789 1074 το
778 1003 841 1076 δὲ
852 1011 952 1085 ἔθνος
961 1026 1059 1072 τουτο

82 1104 135 1174 ἐστί
153 1107 211 1193 μέν
232 1102 404 1194 Λιβυκόν,
425 1109 558 1192 νέμεται
580 1109 618 1174 δὲ
637 1102 700 1193 τὴν
717 1104 848 1196 Σύρτιν
866 1131 903 1174 τε
922 1104 978 1172 καί
996 1098 1060 1189 την

81 1201 149 1289 πρός
166 1203 214 1293 ἠῶ
234 1205 350 1294 χώρην
369 1210 426 1291 τῆς
444 1204 591 1291 Σύρτιος
611 1201 675 1272 ούκ
695 1206 747 1273 έπί
760 1202 913 1275 πολλόν(
931 1200 1060 1271 ’ἀπικο-

81 1306 184 1389 μένους
203 1307 240 1375 δέ
263 1301 345 1382 τούς
368 1312 580 1392 Νασαμῶνας
600 1307 708 1373 καίἰ
678 1308 949 1393 εἰρωτεομένους,
977 1312 1011 1371 εἰ
1029 1329 1061 1370 τι

83 1407 175 1486 ἔχουσι
203 1407 309 1472 πλέον
337 1405 446 1489 λέγειν
474 1406 550 1491 περί
577 1429 646 1471 των
672 1403 807 1491 ἐρήμων
837 1409 895 1489 τῆς
921 1397 1060 1488 Λιβύης,

82 1496 169 1581 φέναι
180 1499 270 1591 παραὶ
288 1509 383 1588 σφίσι
396 1502 556 1589 γενέσθαι
573 1498 710 1590 ἀνδρῶν
730 1501 923 1571 δνυαστεων
940 1501 1061 1577 παῖδας

82 1589 234 1688 ὑβριστὰς,
255 1596 339 1678 τούς
352 1597 436 1668 ἄλλα
454 1626 490 1668 τε
509 1605 722 1688 μηχανασθαι
744 1598 981 1690 ἀνδρωθέντας
1000 1620 1061 1665 πε-

83 1696 161 1779 ριοσά
173 1701 227 1768 καί
240 1697 285 1787 δὴ
300 1699 356 1768 καί
370 1695 604 1791 ἀποκληρωσαι
618 1701 717 1771 πέντε
728 1698 889 1770 έωυτων’
873 1695 1061 1785 οβομένουί

83 1789 112 1859 τί
129 1797 224 1884 έρῆμα
247 1803 308 1884 τῆς
328 1796 476 1886 Λιβύης,
504 1801 559 1867 καὶ
581 1809 615 1868 εἰ
629 1826 662 1868 τι
681 1799 785 1869 πλέον
805 1803 910 1868 ἰδοιεν
931 1821 1000 1865 των
1018 1818 1060 1861 τα

84 1894 249 1981 μακροτατα
263 1894 441 1981 ἰδομένων.
480 1903 537 1984 τῆς
550 1896 615 1988 μάρ
631 1902 759 1986 Λιβύης
772 1895 812 1967 τὰ
826 1898 866 1984 μὲ
867 1922 889 1965 ν
902 1920 985 1965 κατα
999 1890 1061 1980 τὴν

85 1992 200 2080 βορηίην
211 1991 432 2064 θάλασσαν’
413 1990 472 2061 απ’
493 1997 669 2082 Αἰγύπτου
683 1994 864 2085 ἀρξάμενοι
883 1992 976 2080 μέχρι
991 1999 1058 2059 Σο-

85 2091 225 2177 λωντος
203 2123 322 2187 ακρης,
335 2123 375 2185 τη
362 2099 527 2185 τελευτᾷ
540 2099 646 2164 ταῦτα
658 2093 859 2181 τῆςΛιβύης,
873 2094 1061 2183 παρηκουσι

86 2191 154 2275 παρὰ
176 2202 289 2264 τασαν
311 2199 434 2281 Λίβυες
459 2165 518 2260 καί
532 2196 673 2283 Λιβύων
694 2204 798 2268 ἔθνεα
820 2190 943 2287 πολλοὶ,
972 2186 1061 2277 πλην

85 2284 149 2359 ὅσον
159 2291 315 2383 Ἕλληνες
335 2298 390 2364 καί
406 2301 561 2375 Φοίνικες
575 2302 703 2384 έχουσι
724 2323 764 2366 τα
753 2293 812 2364 δ
829 2291 915 2382 ὑπὲρ
930 2289 1061 2361 θαλύσ-

86 2406 130 2473 9
146 2418 177 2460 τε
196 2398 251 2464 καί
271 2399 341 2462 τῶν
361 2395 414 2462 έπί
427 2394 606 2463 θάλασσαν
620 2396 834 2483 κατηκόντων
854 2388 1059 2512 ἀνθρρέπων,

85 2481 306 2578 τόκατύπερθε
318 2491 492 2613 θηριώδης
505 2494 572 2561 έστί
587 2489 745 2581 ἡΛιβύη
762 2517 803 2560 τα
791 2489 854 2559 ’δδ
869 2487 1061 2575 κατύπερθε

85 2590 320 2678 ’ἦεθηριύδεος
341 2590 474 2679 ψάμμος
494 2617 531 2660 τε
522 2591 620 2660 ’ἐστι
641 2594 696 2660 καί
713 2589 858 2678 ἀνυδρος
875 2592 992 2667 δειναῖς
1005 2587 1061 2655 καί

86 2681 184 2770 έοῆμος
196 2689 343 2758 πόντων,
371 2682 485 2757 έπεί
458 2715 507 2756 ων
520 2686 600 2769 τούς
613 2684 780 2777 νεηνίας’
760 2683 1061 2772 αποπεμπομενους

86 2777 135 2852 ὑπὸ
148 2795 210 2855 τῶν
219 2787 357 2877 ἡλίκων,
377 2787 480 2858 ύδασί
490 2815 526 2858 τε
540 2792 594 2859 καί
609 2796 742 2860 σιτίοισι
758 2781 797 2857 εύ
808 2784 1059 2876 ἐξηρτυμένους,

84 2879 152 2952 ἰέναι
173 2884 212 2956 τύ
236 2894 352 2976 πρῶτα
378 2890 441 2975 μέν
469 2887 525 2958 διὰ
549 2895 607 2977 τῆς
631 2887 840 3012 οἰκεομένης,
870 2883 996 2973 ταύτην
1022 2883 1059 2953 δὲ

85 2979 332 3066 ἰίῑξελθόνταςέ
331 3014 348 3067 ς
368 3014 431 3076 την
444 2988 617 3077 θηριόδεα
637 2986 836 3072 ἀπικέσθαι,
864 2987 901 3052 έκ
920 2983 957 3052 δέ
975 2983 1060 3052 ταύ-

83 3099 128 3163 ῑης
144 3078 202 3171 τὴν
223 3087 347 3174 έρημον
369 3084 581 3167 διεξιέναι
545 3114 607 3175 την
630 3084 714 3156 ὁδὸν
732 3083 954 3170 ποιευμένους
976 3079 1060 3170 πρός

85 3172 243 3264 &most
220 3209 362 3273 αυεμον,
392 3186 626 3266 διεξελθόντας
643 3184 705 3255 δὲ
700 3190 811 3276 χῶρον
829 3177 956 3251 πολλόν
969 3192 1061 3264 δαμ-

85 3273 176 3353 ίῑόδεα
197 3283 253 3350 καί
275 3285 313 3351 έν
336 3290 477 3372 πολληοι
499 3281 742 3375 ἡμέρησιίδείν
762 3281 898 3368 δήποτε
919 3277 1061 3359 δένδρεα

86 3370 113 3436 ἰν
124 3381 221 3471 πεδίμ
231 3380 420 3471 πεφυκότα,
442 3389 502 3453 καί
512 3402 617 3470 σφεας
630 3379 881 3496 προσελθόντας
896 3372 1061 3440 ἅπτεσθαι

85 3477 131 3539 τοῦ
148 3449 296 3567 ἐπεόντος
316 3483 368 3553 έπί
387 3489 455 3553 τόν
476 3482 648 3571 δενδρέων
668 3482 818 3571 καρποῦ,
845 3462 1061 3622 ἄεξτθμένθωί
