2566 3934
191 240 233 303 οι
567 244 820 305 Ηεοοοοοι
895 226 911 248 ’“

190 430 257 472 νυν
269 407 418 491 μέγαθος
431 405 573 474 τοσοῦτό
591 408 659 473 ἐστι
676 412 738 475 τοῦ
751 403 868 486 άστεος
885 413 947 474 τοῦ
959 387 1195 499 Βαβυλωνίου,

126 535 129 540 ’
181 504 391 593 ἐκεκόσμητο
407 508 444 574 δὲ
462 503 506 585 ὡς
523 504 625 575 οὐδὲν
638 504 724 576 άλλο·
736 508 882 595 πόλισμα
896 515 964 576 τῶν
977 506 1072 597 ἡμεῖς
1086 516 1193 598 ίδμεν.

189 603 318 691 τάφρος
339 632 401 691 μεν
425 605 541 694 πρῶτά
563 633 622 725 μιν
647 607 757 694 βαθέα
772 632 826 676 τε
833 608 889 677 καί
911 605 1010 693 εύρέα
1032 612 1089 678 καί
1110 612 1194 697 πλέη

189 701 311 782 ὕδατος
325 706 486 791 περιθέει,
502 730 584 791 μετα
572 702 636 772 δέ
649 719 756 791 τεῖχος
765 706 973 793 πεντήκοντα
986 708 1048 794 μὲν
1061 712 1195 797 πηχέων

188 807 372 888 βασιληίων
389 798 499 869 ἑόν
464 827 502 870 το
520 795 635 890 εύρος,
658 801 745 886 ύφος
760 804 798 872 δὲ
812 809 993 928 διηκοσίων
1009 802 1188 893 πηχέωνΪ
1171 831 1192 873 ο

189 898 411 988 δὲβασιλήιος
424 907 530 987 πῆχυς
544 926 606 968 του
591 908 759 988 μετρίου
773 905 841 972 ἐστὶ
854 903 975 991 πήχεος
985 908 1100 1031 μέζων
1104 907 1194 991 τρισὶ

127 1007 178 1064 179
188 1000 390 1070 δακτύλοισι.
413 1009 479 1068 Δεῖ
491 999 533 1088 δή
546 1023 587 1086 με
598 997 683 1087 πρός
696 1000 844 1069 τούτοισι
859 1007 907 1070 ἔτι
923 1003 1068 1091 φράσαι,
1083 1006 1140 1070 ινα
1154 1025 1193 1070 τε

189 1103 226 1169 ἐκ
241 1106 299 1186 τῆς
318 1098 491 1189 τύφρουὴ
512 1107 556 1187 γῇ
573 1097 805 1188 ύναισιμύθη,
827 1104 883 1171 καί
896 1099 934 1171 τό
955 1117 1060 1190 τεῖχος
1073 1103 1193 1171 ὅντινα

188 1197 315 1287 τρόπον
335 1203 485 1286 ἔργαστο.
523 1194 726 1282 ὀρύσσοντες
748 1196 817 1283 ἅμα
834 1196 899 1286 τὴν
918 1198 1050 1287 τάφρον
1075 1201 1192 1268 έπλίν-

187 1307 296 1365 θευον
308 1293 371 1385 τὴν
383 1302 448 1384 γῆν
461 1292 524 1383 τὴν
538 1296 575 1363 ἐκ
588 1301 650 1364 τού
663 1291 852 1382 ὀρύγματος
869 1299 1113 1384 ἐκφερομένην,
1133 1297 1192 1364 ἕλ-

188 1396 350 1475 κύσαντες
369 1399 407 1466 δὲ
426 1401 592 1474 πλίνθους
612 1392 731 1473 ίκανᾶς
746 1391 903 1480 ύιττησαν
917 1391 1020 1473 αύτάς
1037 1395 1075 1462 έν
1088 1399 1191 1480 καμί-

186 1514 292 1564 νοισι·
314 1491 396 1581 μετὰ
416 1495 453 1563 δὲ
468 1495 602 1582 τέλματι
623 1492 799 1582 χρεόμενοι
819 1490 979 1583 άσφάλτφ
1000 1498 1112 1581 θερμῇ
1131 1492 1191 1560 καί

188 1592 243 1663 διά
262 1593 441 1683 τριήκοντα
464 1595 579 1683 δόμων
602 1600 750 1663 πλίνθου
768 1588 913 1680 ταρσούς
932 1591 1092 1678 καλάμων
1112 1593 1189 1658 δια«

187 1694 414 1783 στοιβύζοντες
433 1699 568 1782 ἔδειμαν
583 1697 700 1781 πρῶτα
714 1693 777 1778 μὲν
790 1696 848 1777 τῆς
862 1690 995 1777 τάφρον
1010 1686 1053 1758 τά
1065 1694 1187 1778 χείλεα,

188 1789 327 1880 δεύτερα
341 1796 378 1862 δὲ
392 1790 473 1862 αύτὸ
490 1791 528 1861 τὸ
543 1806 650 1878 τεῖχος
662 1787 724 1858 τόν
737 1785 843 1857 αὐτόν
856 1787 992 1876 τρόπον.
1022 1787 1133 1857 ἐπάνω
1148 1785 1189 1854 δὲ

186 1897 247 1959 τοῦ
260 1896 382 1979 τείχεος
401 1888 492 1980 παρά
512 1888 553 1959 τά
571 1896 689 1976 ἔσχατα
703 1887 864 1974 οίκήματα
882 1887 1082 1974 μουνόκωλα
1098 1890 1188 1955 ἔδει·

187 2018 265 2080 μαυ,
280 1993 485 2081 τετραμμένα
496 1994 529 2072 ές
539 1990 682 2077 ἄλληλα·
704 1986 741 2057 τό
753 1990 856 2074 μέσον
868 1986 986 2081 δὲτῶν
995 1987 1187 2075 οίκημύτοιν

187 2096 303 2162 ἔλιπον
314 2096 495 2182 ’τεθρίππφ
515 2086 716 2180 περιέλασιν.
744 2086 849 2155 πύλαι
865 2084 902 2155 δὲ
921 2088 1072 2156 ἐνεστᾶσι
1090 2086 1187 2173 πέριξ

185 2199 247 2265 τοῦ
260 2198 383 2280 τείχεος
399 2193 534 2277 ἑκατόν,
554 2190 692 2278 χάλκεαι
707 2194 826 2272 πᾶσαι,
847 2188 903 2255 καί
918 2191 1066 2273 σταθμοί
1073 2213 1109 2256 τε
1127 2191 1186 2255 καὶ

184 2290 364 2379 ὑπέρθυρα
379 2286 546 2367 ὡσαύτως.
569 2294 638 2361 ἔστι
653 2289 689 2355 δὲ
704 2285 786 2373 άλλη
800 2285 898 2365 πόλις
913 2281 1081 2372 άπέχουσα
1094 2280 1183 2354 όκτῶ

182 2385 335 2476 ἡμερέων
349 2383 431 2457 ὁδὸν
445 2383 510 2456 ύπδ
525 2391 746 2473 Βαβυλῶνος,
759 2381 806 2463 Ἲς
825 2382 953 2470 οὕνομα
970 2381 1063 2473 αύτῇ.
1096 2388 1186 2453 ἔνθα

184 2487 252 2554 ἐστὶ
265 2482 412 2573 ποταμός
432 2482 475 2553 ού
490 2486 609 2571 μέγας,
622 2481 669 2561 ’Ὶς
683 2484 738 2551 καί
758 2488 804 2573 τῷ
821 2488 957 2572 ποταμῷ
977 2477 1014 2549 τό
1041 2478 1181 2568 ούνομα.

183 2582 383 2671 έσβάλλειδὲ
393 2575 491 2663 ουτος
502 2579 579 2662 ές
544 2605 605 2651 τον
617 2575 962 2668 Εὐφρήτηνποταμδν
977 2602 1015 2644 το
1004 2574 1182 2664 ῥέεθρον.

184 2674 282 2763 οὗτος
295 2675 373 2754 ύνὸ
382 2680 429 2763 Ἲς
441 2679 587 2769 ποταμός
602 2679 716 2777 ἅμα
684 2706 730 2747 τοι
716 2676 842 2747 ύδατι
860 2672 1035 2765 θρομρους
1049 2671 1185 2760 άσφάλ-

182 2805 244 2848 του
260 2779 416 2849 άναδιδοί
426 2777 587 2866 πολλοὺς,
607 2774 743 2848 ἔνθεν
725 2804 746 2864 η
768 2775 936 2863 άσφαλτος
959 2776 992 2854 ές
1007 2799 1044 2842 το
1034 2770 1098 2841 έν
1110 2782 1184 2843 Βα-

121 2892 171 2947 180
181 2882 310 2965 βυλῶνι
323 2888 428 2962 τείχος
443 2879 614 2961 ἐκομίσθη.
671 2880 856 2962 Τετείχιστο
871 2874 933 2960 μέν
949 2899 1015 2941 νυν
1030 2902 1051 2962 η
1039 2870 1183 2959 ’Βαβυ-

180 2970 251 3043 λων
263 2972 377 3064 τρύπφ
390 2978 525 3094 τοιφδε,
544 2978 613 3042 ἔστι
632 2974 669 3040 δὲ
689 2971 752 3041 δύο
770 2971 901 3059 φάρσεα
914 2998 972 3063 της
987 2970 1111 3049 πόλιος.
1140 2965 1181 3036 τό

181 3069 247 3160 γάρ
262 3074 364 3159 μέσον
377 3067 479 3156 αὐτῆς
498 3068 645 3157 ποταμὸς
660 3072 800 3159 διέργει,
820 3077 866 3161 τῷ
880 3067 1010 3156 οὕνομα
1001 3068 1091 3137 ’ἐστι
1107 3063 1183 3137 Εύ-
1235 3124 1256 3149 ,

183 3165 326 3259 φρήτης,
353 3170 421 3257 όεει
443 3170 479 3238 δ
502 3172 535 3250 ἐξ
552 3167 749 3257 Ἀρμενίων,
778 3166 844 3239 ἐων
863 3170 966 3257 μέγας
992 3170 1047 3238 καί
1068 3163 1182 3255 βαθυς

181 3268 237 3339 καὶ
257 3264 372 3353 ταχύς·
401 3268 478 3347 ἐξίει
499 3267 536 3336 δ
556 3292 654 3347 ουτος
673 3271 706 3348 ές
726 3294 788 3357 την
805 3265 972 3357 Ἐρυθρηυ
990 3267 1178 3336 θάλασσαν.

179 3363 218 3435 τδ
232 3357 282 3435 ύν
296 3359 337 3453 δὴ
351 3376 455 3451 τεῖχος
469 3364 627 3454 ἑκάτερον
640 3365 719 3447 τοὺς
733 3364 886 3454 ἀγκῶνας
899 3370 932 3448 ἐς
947 3365 1008 3437 τόν
1027 3364 1181 3454 ποταμὸν

178 3464 349 3556 ίλήλαται·
377 3460 415 3532 τό
432 3463 469 3532 δὲ
485 3459 551 3533 άπὸ
564 3466 687 3539 τούτου
706 3470 744 3535 αί
760 3469 941 3563 ἐπικαμπαὶ
961 3456 1053 3558 παρὰ
1071 3476 1180 3559 χεῖλος
