2622 3928
196 269 237 333 ιγ
571 254 824 315 ιιεεοοοτι

196 429 358 520 ἐμπόδιον
368 426 507 511 ἐγένετο.
525 416 713 501 πυθόμενοι
725 411 790 498 γάρ
803 417 837 480 οί
842 409 1099 497 Λακεδαιμόνιοι
1110 407 1151 478 τά
1163 411 1203 477 ἐκ

196 540 264 603 τεόν
281 523 569 613 Ἀλκμαιωνιδέων
586 519 619 595 ές
638 513 700 601 τήν
714 519 853 600 Πυθίην
869 535 1126 599 μεμηχανημενα
1144 511 1199 578 καλ

196 631 236 704 τά
252 635 288 700 ἐκ
304 634 362 715 ’τής
375 627 509 708 Πυθίης
524 620 577 687 έπλ
591 620 694 702 σφέας
708 641 743 682 τε
758 615 812 682 καλ
830 610 909 691 τούς
926 614 1201 698 Πεισιστρατίδας

197 724 378 820 συμφορήν
389 726 561 793 ἐποιεῦντο
573 715 731 801 διπλόην,
747 711 798 781 ότι
810 737 845 779 τε
857 709 983 798 ἀνδρας
998 714 1126 790 ξείνους
1137 724 1200 792 σφι

196 836 311 911 ἐόντας
322 821 561 913 ἐξεληλάκεσαν
572 819 608 885 ἐκ
618 821 677 901 τῆς
688 816 836 897 ἐκείνων,
852 813 907 878 καλ
921 809 971 877 ότι
982 815 1086 876 ταῦτα
1101 805 1202 893 ποιή-

196 954 272 1005 σασι
286 930 380 1020 χάρις
394 921 533 1006 οὐδεμία
549 920 703 1002 ἐφαίνετο
718 908 802 999 πρὸς
820 916 911 996 [τῶν]
922 905 1120 993 Ἀθηναίων.
1150 910 1200 972 ἔτι

195 1060 231 1103 τε
245 1026 329 1117 πρὸς
342 1022 490 1094 τούτοισι
502 1013 624 1102 ένῆγόν
636 1031 740 1097 σφεας
754 1013 789 1078 οἱ
803 1009 942 1094 χρησμοὶ
952 1007 1105 1091 λέγοντες
1115 1010 1201 1070 πολ·

196 1129 238 1201 λά
258 1152 294 1195 τε
315 1124 370 1192 καλ
386 1115 530 1199 ἀνάρσια
548 1117 685 1179 ἔσεσθαι
705 1105 834 1175 αὐτοῖσι
851 1108 884 1185 ἐξ
902 1102 1107 1190 Ἀθηναίων,
1129 1106 1200 1166 τῶν
1295 1184 1296 1187 ¹

197 1224 362 1314 πρότερον
372 1216 435 1304 μλν
444 1206 532 1302 ἦσαν
542 1207 675 1293 ἀδαέες,
687 1204 761 1274 τότε
773 1205 810 1273 δὲ
820 1206 1027 1289 Κλεομένεος
1037 1205 1201 1286 κομίσαν-

196 1353 251 1406 τος
266 1327 299 1403 ἐς
312 1317 474 1404 Σπάρτην
494 1315 666 1398 ἐξέμαθον.
696 1305 853 1393 ἐκτήσατο
869 1302 904 1371 δέ
922 1298 940 1370 ό
955 1303 1145 1386 Κλεομένης
1163 1300 1200 1366 ἐκ
1295 1308 1296 1313 ’

196 1432 253 1512 τῆς
265 1421 454 1507 Ἀθηναίων
468 1408 669 1499 ἀκροπόλιος
683 1403 762 1484 τούς
774 1399 953 1492 χρησμούς,
967 1396 1047 1479 τούς
1061 1403 1198 1483 ἔκτηντο

197 1528 258 1612 μὲν
271 1521 436 1609 πρότερον
456 1518 491 1582 οί
501 1509 785 1592 Πεισιστρατίδαι,
809 1499 1063 1585 ἐξελαυνόμενοι
1079 1496 1114 1565 δέ
1129 1501 1200 1564 έλι-
1295 1548 1296 1559 ,

197 1646 263 1690 που
277 1621 369 1708 ἐντῷ
381 1618 453 1702 ἱρῷ,
465 1607 750 1693 καταλειφθέντας
763 1601 799 1670 δέ
812 1598 830 1670 ὁ
843 1602 1033 1685 Κλεομένης
1046 1593 1198 1683 ἀνέλαβε.
1295 1606 1296 1679 ξ

146 1732 179 1786 91
200 1718 282 1788 Τότε
295 1717 331 1784 δέ
344 1711 387 1793 ὡς
399 1709 565 1797 ἀνέλαβον
577 1711 610 1774 οί
615 1701 873 1789 Λακεδαιμόνιοι
880 1694 959 1776 τούς
965 1692 1133 1783 χρησμούς
1143 1698 1200 1763 καλ
1295 1728 1296 1775 1

196 1814 275 1895 τούς
294 1812 495 1898 Ἀθηναίους
516 1806 623 1894 ὥριον
643 1801 848 1890 αὐξομένους
866 1799 920 1867 καλ
938 1794 1092 1882 οὐδαμῶς
1112 1797 1199 1863 ἐτοίκ
1295 1840 1296 1877 3

196 1941 280 2003 μους
294 1912 409 1989 ἐόντας
423 1911 606 1976 πείθεσθαί
618 1925 696 1991 σφι,
718 1901 787 1992 νόςο
802 1898 978 1988 λαβόντες,
1002 1894 1046 1975 ὡς
1059 1894 1199 1965 ἐλεόθε-

196 2040 259 2101 ρον
273 2010 335 2099 μὲν
349 2006 407 2080 ἐόν
423 2006 460 2074 τό
475 2007 572 2093 γένος
587 2001 624 2072 τό
636 1999 783 2070 Ἀττικδν
797 1999 980 2086 ἰσόρροπον
1000 2002 1046 2087 τῷ
1064 1996 1200 2063 ἑαυτῶν
1295 2030 1296 2085 γ

196 2109 240 2180 ἀν
253 2117 397 2199 γίνοιτο,
408 2096 631 2191 κατεχόμενον
644 2101 681 2169 δέ
695 2097 761 2168 ὐπὸ
774 2100 973 2185 τυραννίδος
987 2092 1131 2170 ἀσθενές
1144 2093 1200 2160 καλ

102 2286 104 2291 ,
195 2212 455 2299 πειθαρχέεσθαι
469 2208 610 2292 έτοίμον,
618 2202 785 2290 μαθόντες
797 2199 832 2267 δδ
844 2198 974 2266 τούτων
985 2197 1106 2263 ἕκαστα
1119 2217 1200 2278 μετ·
1295 2188 1296 2191 '

74 2354 77 2360 ·
197 2316 381 2398 επέμποντο
398 2303 528 2390 Ἱππίην
546 2299 607 2371 τόν
626 2297 870 2386 Πεισιστράτου
889 2293 954 2365 ἀπὸ
975 2299 1115 2381 Σιγείου
1137 2296 1199 2358 τοῦ

196 2402 491 2493 ἐνἛλλησπόντςο,
506 2403 539 2480 ἐς
552 2398 590 2468 τδ
605 2398 855 2485 καταφεύγουσι
870 2400 905 2465 οί
917 2393 1197 2479 Πεισιστρατίδαι.

197 2511 270 2576 ἐπεί
284 2531 319 2573 τε
335 2507 373 2572 δέ
386 2520 446 2588 σφι
455 2498 582 2586 Ἱππίης
597 2496 798 2582 καλεόμενος
814 2486 891 2581 ήκε,
906 2489 1199 2580 μεταπεμψάμενοι
1295 2488 1296 2493 ’

195 2607 251 2675 καλ
265 2609 334 2672 τῶν
351 2598 463 2670 ἀλλων
479 2597 663 2685 συμμάχων
682 2593 844 2682 ἀγγέλους
868 2591 984 2677 ἔλεγόν
1000 2609 1061 2676 σφι
1078 2596 1200 2673 Σπαρ-
1295 2590 1296 2643 T

195 2710 302 2791 τιῆται
318 2700 413 2769 τάδε·
426 2698 566 2785 ’Ἄνδρες
583 2696 763 2782 σάμμαχοι,
780 2689 1056 2779 συγγινώσκομεν
1069 2684 1199 2754 αὐτοισι

195 2801 275 2890 ἡμῖν
295 2799 336 2869 οὐ
356 2799 514 2887 ποιήσασι
534 2795 663 2885 ὀρθῶς·
692 2795 911 2881 ἐπαερθέντες
924 2787 989 2878 γάρ
1010 2788 1200 2878 κιβδήλοισι
1295 2798 1296 2801 ’

197 2905 385 2986 μαντηίοισι
406 2895 531 2983 ἀνδρας
549 2899 678 2975 ξείνους
693 2892 808 2972 ἐόντας
828 2889 909 2980 ήμίν
928 2889 969 2961 τά
986 2888 1200 2978 μάλιστακαὶ
1295 2878 1296 2881 “

198 2997 466 3081 ἀναδεκομένους
482 2991 674 3079 ὑποχειρίας
689 2993 845 3079 παρέξειν
860 2988 919 3070 τάς
936 2978 1098 3078 Ἀθήνας,
1118 2984 1201 3053 τοό-
1295 3008 1296 3065 ι

197 3121 276 3174 τους
290 3094 326 3162 ἐκ
339 3098 397 3178 τῆς
411 3094 567 3175 πατρίδος
581 3091 800 3178 ἐξηλάσαμεν,
822 3090 875 3158 καλ
891 3093 1020 3157 ἐπειτεν
1035 3087 1202 3175 ποιήσαν-

197 3221 250 3273 τες
265 3197 369 3262 ταῦτα
391 3189 485 3281 δήμφ
506 3186 670 3283 ἀχαρίστῳ
685 3189 926 3278 παρεδώκαμεν
945 3185 1008 3277 τήν
1024 3185 1141 3273 πόλιν,
1162 3181 1202 3264 ὃς

198 3295 317 3361 ἐπείτε
333 3286 377 3358 δι’
391 3285 494 3376 ἡμέας
509 3290 751 3375 ἐλευθερωθεὶς
765 3285 928 3374 ἀνέκυψε,
950 3283 1053 3373 ἡμέας
1067 3283 1130 3371 μέν
1143 3283 1199 3350 καλ

197 3386 258 3456 τόν
272 3387 409 3476 βασιλέα
419 3380 533 3472 ήμέοιν
542 3390 760 3473 περιυβρίσας
770 3385 912 3472 ἐξέβαλε,
928 3382 1031 3463 δόξαν
1041 3380 1078 3449 δὲ
1088 3376 1201 3466 φύσας

197 3481 391 3567 αὐξάνεται,
408 3479 491 3548 άστε
505 3482 755 3569 ἐκμεμαθήκασι
766 3479 908 3568 μάλιστα
918 3479 981 3565 μὲν
992 3483 1027 3548 οί
1034 3483 1202 3564 περίοικοι
