2588 3926
206 277 270 342 ³28
586 285 839 346 HERODOTI

204 442 318 527 μέντοι
331 440 442 534 χρόνῳ
458 441 540 529 μετά
555 450 659 511 ταῦτα
673 447 810 514 καὶτῶν
823 451 1019 516 Πλαταιέων
1034 443 1138 535 εὖρον
1152 472 1216 518 συ-

203 542 277 627 χυολ
297 540 407 627 θήκας
421 548 549 627 χρυσοῦ
564 544 619 610 καὶ
634 540 787 631 άργύρου
804 548 941 614 καὶτῶν
957 544 1068 615 άλλων
1083 547 1215 635 χρημά-
1278 560 1279 589 ¹

204 664 281 707 των.
303 638 412 726 ἐφάνη
424 638 460 707 δὲ
471 642 526 707 καλ
536 639 613 708 τόδε
624 639 768 731 ὕστερον
780 649 827 712 ἔτι
838 644 977 712 τούτων.
1001 652 1212 732 τῶννεκρῶν
1278 642 1279 679 ¹

204 741 502 827 περιψιλωθέντων
514 737 573 817 τάς
590 740 716 828 σάρκας
732 745 956 831 (συνεφόρεον
972 743 1046 830 γάρ
1058 743 1098 813 τά
1113 742 1212 833 ὀστέα

204 844 239 908 oc
249 838 430 918 Πλαταιέες
451 840 519 917 ές”
499 865 558 906 ενα
574 846 699 927 χῶρον)
722 839 847 930 εὑρέθη
864 841 992 929 κεφαλὴ
1008 839 1071 911 ούκ
1088 828 1211 928 ἔχουσα

203 933 317 1023 ῥαφὴν
330 932 508 1022 οὐδεμίαν,
530 933 614 1004 άλλά
632 939 697 1018 έξ“
680 936 754 1017 ενός
770 936 903 1006 ἐοῦσα
886 941 1022 1007 οστέου
1047 938 1158 1025 ἐφάνη
1175 940 1210 1007 δέ
1278 944 1279 989 ¹

202 1036 258 1102 καὶ
279 1033 424 1120 γνάθος,
449 1031 559 1101 καλ
524 1061 561 1101 το
584 1032 654 1101 άνω
673 1042 730 1124 τῆς
747 1035 899 1153 γνάθου,
925 1042 1046 1122 ἔχουσα
1069 1035 1211 1115 ὀδόντας

201 1132 433 1218 μουνοφυέας,
450 1133 512 1210 ἐξ
495 1130 570 1209 ενός
581 1128 700 1200 ὀστέου
713 1132 851 1220 πάντας,
866 1134 945 1212 τούς
957 1161 992 1202 τε
1003 1133 1145 1215 ὀδόντας
1156 1137 1210 1204 καὶ
1278 1148 1279 1223 j

201 1226 280 1307 τούς
299 1235 482 1315 γομφίους·
504 1232 560 1298 καὶ
579 1231 805 1318 πενταπήχεος
825 1229 986 1320 άνδρὸς’
970 1237 1067 1302 οστέα
1088 1235 1208 1320 ἐφάνη.
1278 1236 1279 1291 3

151 1339 187 1397 84
198 1325 288 1395 Ἐπεί
296 1354 330 1394 τε
342 1329 379 1395 δὲ
390 1333 592 1415 Μαρδονίου
603 1332 741 1417 δευτέρῃ
751 1327 887 1417 ἡμέρηὸ
901 1328 1019 1418 νεκρός
1029 1328 1210 1417 ἠφάνιστο,
1278 1304 1279 1381 ¹

201 1426 261 1496 ὑπ’
274 1426 353 1495 ὅτευ
364 1428 426 1514 μέν
437 1427 642 1518 ἀνθρώπων,
653 1428 692 1501 τό.
702 1428 837 1516 ἀτρεκὲς
848 1428 911 1499 ούκ
923 1436 985 1516 ἔχω
998 1436 1112 1516 εἰπεῖν,
1125 1439 1224 1498 πολ·>
1278 1388 1279 1453 ¹

90 1579 96 1587 -
187 1526 280 1606 ,λούς
295 1529 334 1595 δέ
345 1555 438 1607 τινας
453 1527 516 1616 η’δη
529 1533 583 1597 καὶ
594 1527 830 1609 παντοδαπούς
843 1529 971 1616 ἥκουσα
982 1528 1093 1610 θάψαι
1104 1536 1209 1635 Μαρ-

199 1625 333 1709 δόνιον,
356 1628 411 1692 καὶ
426 1630 518 1710 δῶρα
535 1625 663 1712 μεγάλα
681 1653 698 1693 ο
701 1625 755 1694 λδα
776 1628 940 1714 λαβόντας
955 1622 1100 1705 πολλούς
1115 1616 1206 1712 παρά

195 1719 378 1812 Ἀρτόντεω
401 1730 462 1791 τοῦ
480 1729 682 1812 Μαρδονίου
702 1723 821 1805 παιδός
840 1722 896 1793 διά
913 1731 1011 1793 τοῦτο
1029 1721 1066 1792 τό
1088 1729 1205 1811 έργον
1278 1738 1279 1789 ι

199 1821 290 1900 ὅστις
310 1824 424 1907 μέντοι
444 1815 488 1909 ἦν
503 1821 650 1892 αύτιόνδ
673 1821 879 1910 ὑπελόμενος
893 1849 929 1891 τε
944 1826 998 1890 καλ
1018 1822 1133 1904 θάψας
1146 1820 1205 1890 τόν
1278 1824 1279 1907 λ

198 1918 394 2008 νεκρὸντὸν
404 1927 623 2011 Μαρδονίου,
635 1949 677 1991 ου
666 1919 1202 2009 ’δύναμαιάτρεκέωςπυθέσθαι.
1278 1914 1279 1955 ¹

199 2027 263 2106 ἔχει
279 2024 318 2090 δέ
328 2049 404 2090 τινα
415 2022 518 2109 φάτιν
532 2026 586 2092 καὶ
598 2024 863 2109 Διονυσοφάνης
877 2019 964 2108 άνηρ
976 2019 1125 2106 Ἐφέσιος
1137 2019 1204 2088 θά-

150 2133 184 2191 85
200 2135 259 2200 υαι
275 2122 493 2207 Μαρδόνιον*
522 2120 609 2189 Ἀλλ’
629 2120 646 2188 ὁ
665 2124 727 2208 μὲν
741 2122 855 2212 τρόπφ
875 2119 1014 2211 τοιούτφ
1029 2117 1151 2205 ἐτάφη,
1174 2119 1205 2182 ot

199 2218 235 2287 δὲ
247 2217 405 2313 Ἕλληνες
421 2217 465 2299 ὡς
480 2223 517 2288 ἐν
533 2227 719 2310 Πλαταιῇσι
733 2217 795 2306 τὴν
809 2224 907 2305 ληίην
922 2222 1101 2302 διείλοντο,
1122 2221 1205 2284 ἔθα·

197 2343 283 2386 πτον
292 2315 371 2398 τούς
381 2322 516 2387 ἑωυτῶν
526 2320 625 2404 χωρὶς
636 2321 777 2386 ἕκαστοι.
790 2315 1048 2403 Λακεδαιμόνιοι
1060 2314 1123 2401 μέν
1132 2338 1204 2399 τρι-

174 2419 256 2501 ’ξάς
278 2419 476 2507 ἐποιήσαντο
493 2417 611 2504 θήκας.
648 2424 734 2486 ἔνθα
756 2418 818 2505 μέν
832 2415 912 2496 τούς
928 2420 1039 2501 ἰρένας
1059 2422 1203 2501 ἔθαψαν,

197 2524 265 2586 τάν
279 2518 334 2584 καὶ
350 2515 578 2595 Ποσειδώνιος
593 2515 648 2585 καλ
663 2514 912 2604 Ἀμομφάρετος
926 2509 1014 2604 ἦσαν
1028 2518 1083 2584 καλ
1099 2520 1205 2582 Φιλο-

196 2617 292 2686 κύων
301 2641 337 2684 τε
348 2618 403 2683 καὶ
416 2615 654 2703 Καλλικράτης.
676 2618 713 2684 έν
724 2617 786 2704 μέν
798 2615 838 2707 66
851 2617 900 2686 ἑνὶ
910 2622 978 2683 τῶν
987 2615 1106 2702 τάφων
1116 2606 1204 2701 ἦσαν

198 2719 260 2783 occ
247 2717 363 2801 ἰρένες,
378 2716 416 2783 έν
434 2714 470 2782 δέ
484 2722 529 2807 τῷ
545 2717 644 2806 ἑτέρφ
662 2719 696 2782 oc
708 2713 803 2784 άλλοι
818 2721 1037 2802 Σπαρτιῆται,
1054 2717 1091 2781 έν
1106 2711 1143 2780 δέ
1156 2720 1203 2801 τῷ

197 2819 295 2903 τρίτη)
310 2818 345 2881 ολ
357 2816 496 2893 εἵλωτες.
507 2782 626 2882 Οὗτοι
642 2813 758 2900 μὲν“
715 2840 805 2883 ουτω
817 2820 976 2899 ἔθαπτον,
997 2818 1155 2900 Τεγεῆται
1167 2779 1203 2878 δὲ

195 2911 295 2998 χωρὶς
309 2909 436 2991 πάντας
455 2910 569 2997 ἁλέας,
592 2914 647 2979 καλ
665 2907 839 2998 Ἀθηναῖοι
855 2905 935 2990 τούς
950 2912 1085 3007 έωυτων
1106 2905 1201 2994 δμοῦ,

196 3008 252 3075 καὶ
265 3013 439 3095 Μεγαρέες
454 3034 489 3077 τε
509 3011 564 3077 καλ
578 3009 735 3078 Φλιάσιοι
755 3007 834 3088 τούς
849 3005 915 3076 ύπδ
930 3015 987 3096 τῆς
1007 3011 1115 3076 ιππου
1130 3011 1202 3074 δια-

194 3109 398 3226 φθαρέντας.
436 3107 575 3177 Τούτων
595 3111 658 3196 μέν
678 3105 719 3194 δὴ
737 3107 875 3175 πάντων
890 3105 1030 3194 πλήρεες
1047 3108 1202 3193 ἐγένοντο

194 3207 228 3271 ολ
241 3203 355 3288 τάφοι,
371 3211 440 3272 τῶν
451 3206 487 3273 δέ
498 3203 643 3275 άλλων“
623 3227 696 3275 οσοι
711 3208 766 3273 καλ
780 3211 961 3292 φαίνονται
969 3207 1008 3272 ἐν
1016 3209 1202 3290 Πλαταιῇσι
1278 3282 1279 3305 ¹

193 3299 306 3379 ἐόντες
322 3300 440 3393 τάφοι,
462 3303 602 3384 τούτους
620 3307 673 3391 δέ,
699 3302 743 3385 ὡς
765 3302 829 3393 έγά
847 3303 1084 3390 πυνθάνομαι,
1108 3307 1204 3372 ἐπαι-
1278 3310 1279 3313 ’

193 3399 422 3482 σχυυομένους
433 3406 473 3486 τῇ
483 3398 621 3471 άπεστολ
634 3410 691 3489 τῆς
701 3403 808 3491 μάχης
818 3404 978 3481 ἑκάστους
989 3401 1125 3488 χεύματα
1135 3408 1203 3488 χῶ-
1278 3468 1279 3471 ,

193 3513 249 3560 σαι
263 3491 359 3563 κεινὰ
371 3503 439 3563 τῶν
451 3500 694 3586 ἐπιγινομένων
706 3504 834 3569 εἵνεκεν
845 3498 1053 3585 ἀνθρώπων,
1064 3501 1135 3568 έτελ
1144 3504 1202 3570 καλ
