2618 3928
358 232 445 288 LIB.
477 231 526 288 vl.
560 231 658 289 cAP.
690 237 865 292 129-134.
1054 234 1115 296 117

106 392 164 457 καὶ
183 385 357 476 ’Λγαρίστη
380 386 481 477 άλλη,
494 474 499 481 .
512 387 578 458 όπό
602 396 659 475 τῆς
678 393 901 469 Κλεισθένεος
924 388 1114 479 Ἀγαρίστης

107 493 229 574 ἔχουσα
253 484 290 554 τό
314 484 460 574 οὔνομα,
492 484 514 573 ή
541 480 769 574 συνοικήσασά
791 513 827 575 τε
854 491 1041 579 Ξανθίππῳ
1068 496 1114 578 τῶ

102 584 301 679 Ἀρίφρονος
315 588 371 654 καὶ
385 592 505 671 ἔγκυος
518 589 621 656 ἐοῦσα
632 585 698 654 είδε
711 583 792 668 ὅφιν
807 590 899 678 ἐντῶ
913 587 1022 680 ῦπνφ,
1038 590 1113 657 ἐδό-

106 709 163 752 κεε
178 684 215 751 δὲ
229 685 348 752 λέοντα
361 699 486 753 τεκείν·
509 688 565 753 καί
582 682 651 772 μετ’
670 682 782 770 ὀλίγας
795 684 919 773 ἡμέρας
933 693 1034 756 τίκτει
1044 696 1114 756 Πε·

108 786 223 870 ρικλέα
239 787 435 874 Ξανθίππῳ.

193 888 325 949 ΜΕΤΑ
340 882 376 948 δὲ
385 877 423 949 τό
439 883 477 949 ἐν
488 888 683 964 Μαραθῶνι
696 888 809 969 τρῶμα
823 883 1009 970 γενόμενον
1021 893 1114 953 Μελ·
1131 902 1179 957 132

105 981 233 1065 τιάδης,
244 980 300 1046 καὶ
311 979 478 1067 πρότερον
489 974 693 1066 εὐδοκιμέων
706 977 796 1064 παρά
809 979 1026 1067 Ἀθηναίοισι,
1039 982 1112 1049 τότε

107 1084 236 1166 μᾶλλον
249 1073 376 1158 αὔξετο.
399 1077 535 1164 αίτήσας
549 1080 586 1146 δὲ
602 1081 680 1156 νέας
698 1072 925 1165 ἑβδομήκοντα
940 1081 995 1145 καὶ
1010 1097 1112 1163 στρα-

105 1176 181 1265 τιήν
194 1203 229 1245 τε
243 1179 299 1245 καί
314 1175 464 1264 χρήματα
475 1174 690 1263 Ἀθηναίους,
706 1173 748 1244 οῦ
764 1174 894 1263 φράσας
906 1196 982 1263 σφι,
998 1173 1050 1243 ἐπ’
1068 1176 1111 1262 ἣν

106 1274 395 1360 ἐπιστρατεύσεται
405 1274 528 1364 χῶρην,
541 1273 624 1344 ἀλλά
635 1273 701 1361 φάς
713 1274 836 1354 αὐτοὺς
846 1285 1110 1359 καταπλουτιεῖν,

107 1373 149 1461 ἤν
164 1377 199 1440 οἱ
217 1374 378 1459 ἕπωνται,
398 1376 451 1443 ἐπὶ
469 1370 535 1462 γάρ
552 1373 665 1461 χῶρην
685 1374 845 1463 τοιαύτην
862 1374 993 1463 δήτινα
1008 1374 1110 1460 άξειν,

105 1470 191 1539 όθεν
207 1467 335 1557 χρυσόν
350 1467 511 1550 εὐπετέως
522 1469 684 1557 άφθονον
696 1480 861 1560 οἴσονται,
878 1476 986 1559 λέγων
996 1480 1112 1541 τοιαῦ·

106 1596 144 1639 τα
161 1577 249 1638 αίτεε
270 1566 329 1648 τάς
345 1571 430 1649 νέας.
474 1568 646 1657 Ἀθηναῖοι
667 1573 703 1638 δὲ
724 1570 871 1639 τούτοισι
892 1573 1111 1657 ἐπαερθέντες

105 1671 306 1755 παρέδοσαν.
348 1666 562 1757 Παραλαβῶν
583 1669 619 1735 δὲ
640 1667 658 1736 ὁ
675 1662 862 1754 Μιλτιάδης
877 1664 939 1754 τήν
953 1664 1111 1753 στρατιήν
1128 1678 1178 1733 138

104 1773 211 1836 ἐπλωε
222 1768 275 1834 ἐπί
285 1764 415 1852 Πάρον,
428 1767 601 1853 πρόφασιν
612 1772 708 1852 ἔχων,
720 1763 765 1844 ῶς
779 1769 812 1831 οί
820 1766 943 1850 Πάριοι
957 1762 1110 1849 ὑπῆρξαν

103 1869 262 1955 πρότεροι
282 1866 539 1954 στρατευόμενοι
558 1867 688 1956 τριήρελ
709 1868 742 1947 ἐς
755 1871 958 1950 Μαραθῶνα
975 1862 1043 1949 ἅμα
1063 1870 1109 1952 τῷ

7 1950 9 2019 Ϊ
103 1969 228 2054 Πέρση.
249 1971 349 2034 τοῦτο
360 1966 422 2051 μὲν
436 1963 477 2051 δή
488 1967 663 2054 πρόσχημα
678 1964 784 2050 λόγου
796 1955 851 2053 ήν,
866 1958 949 2047 άτάρ
964 1987 1039 2028 τινα
1055 1963 1109 2027 καὶ

104 2070 244 2150 ἔγκοτον
258 2059 322 2148 εἶχε
336 2075 422 2130 τοῖσι
434 2069 590 2152 Παρίοισι
610 2061 666 2132 διὰ
681 2061 884 2149 Λυσαγόρην
898 2058 959 2127 τόν
976 2065 1105 2142 Τισίεω,

104 2161 203 2231 ἐόντα
218 2163 315 2247 γένος
324 2159 473 2249 Πάριον,
490 2163 691 2249 διαβαλόντα
706 2187 765 2247 μιν
778 2158 862 2247 πρὸς
870 2156 1030 2245 Ὑδάρνεα
1045 2154 1106 2223 τόν

7 2318 9 2321 .
103 2265 248 2350 Πέρσην.
276 2257 478 2347 ἀπικόμενος
499 2259 536 2328 δὲ
555 2263 588 2340 ἐς
607 2259 670 2347 τήν
690 2265 796 2329 ἐπλῶε
819 2254 837 2327 ό
860 2256 1049 2341 Μιλτιάδης
1069 2261 1109 2340 τῇ

104 2367 239 2450 στρατιῇ
250 2360 597 2449 ἐπολιόρκεεΠαρίους
607 2352 966 2444 κατειλημένουςέντός
976 2361 1109 2438 τείχεος,

7 2498 9 2545 3
104 2460 159 2527 καὶ
179 2460 356 2546 ἐσπέμπων
374 2457 505 2546 κήρυκα
526 2468 614 2527 αίτεε
635 2454 753 2526 ἑκατόν
774 2455 935 2540 τάλαντα,
958 2449 1041 2539 φάς,
1065 2445 1109 2536 ήν

7 2550 9 2563 ’
103 2561 149 2647 μή
160 2563 296 2646 εἰδῶσι,
308 2558 371 2627 οῦκ
381 2558 629 2645 άπαυαστήσειν
639 2555 702 2644 τήν
712 2553 880 2643 στρατιήν,
893 2547 1004 2640 πρὶνῆ
1017 2553 1109 2636 ἐξέλῃ

103 2659 216 2744 σφέας.
239 2662 273 2725 ot
286 2656 322 2725 δὲ
332 2657 467 2745 Πάριοι,
483 2657 570 2736 ὅκως
583 2660 646 2743 μέν
658 2683 690 2724 τι
706 2653 852 2723 δῶσουσι
863 2650 1034 2738 Μιλτιάδη
1047 2646 1109 2732 άρ-

7 2790 9 2837 2
102 2762 243 2845 γυρίου,
260 2753 339 2824 οὐδὲ
353 2759 557 2842 διενοεῦντο,
575 2761 609 2824 οί
621 2755 668 2842 δὲ,
684 2753 771 2832 όκως
786 2747 1030 2837 διαφυλάξουσι
1045 2744 1109 2831 τήν

103 2854 220 2941 πόλιν,
237 2861 335 2922 τοῦτο
350 2858 578 2943 ἐμηχανῶντο,
601 2854 685 2924 άλλα
705 2880 741 2921 τε
758 2849 1032 2939 ἐπιφραζόμενοι,
1054 2850 1110 2915 καί

7 2964 9 2971 “
101 2961 142 3044 τῇ
161 2952 303 3040 μάλιστα
319 2958 394 3024 ἔσκε
413 2954 568 3024 ἑκάστοτε
589 2956 749 3040 ἐπίμαχον
768 2959 829 3020 τοῦ
849 2957 988 3037 τείχεος,
1009 2957 1108 3017 τοῦτο

102 3052 170 3138 ἅμα
183 3056 281 3121 νυκτί
296 3054 456 3151 ἐξηείρετο
473 3053 649 3143 διπλήσιον
662 3059 723 3121 τοῦ
740 3050 888 3139 ἀρχαίου.
924 3047 974 3130 Ἰδς
989 3052 1051 3135 μέν
1066 3044 1106 3133 δή
1127 3055 1176 3111 134
1296 3062 1298 3109 J

101 3158 240 3220 τοσοῦτο
255 3153 436 3240 τοῦλόγου
457 3159 491 3223 οί
508 3153 630 3233 πάντες
643 3151 799 3239 Ἕλληνες
819 3155 972 3238 λέγουσι,
992 3147 1029 3216 τό
1051 3151 1107 3214 ἐν·

100 3259 224 3321 θεῦτεν
235 3253 272 3320 δὲ
283 3250 378 3320 αὐτοὶ
388 3253 513 3342 Πάριοι
522 3256 683 3340 γενέσθαι
694 3244 760 3318 ῶδε
770 3253 921 3336 λέγουσι·
937 3242 1108 3331 Μιλτιάδη

7 3360 8 3387 ³
101 3348 279 3437 άπορέοντι
292 3355 407 3422 ἐλθεῖν
418 3356 452 3433 ἐς
462 3355 585 3441 λόγους
595 3353 804 3451 αήχμάλωτον
814 3364 969 3438 γυναῖκα,
985 3350 1109 3415 ἐοῦσαν

7 3498 9 3501 -
101 3450 163 3536 μὲν
178 3456 310 3537 Παρίην
325 3456 438 3537 γένος,
456 3449 587 3540 οῦνομα
602 3456 642 3522 δέ
652 3458 687 3520 οί
699 3450 784 3521 εἶναι
801 3455 947 3535 Τιμοῦν,
970 3444 1054 3512 εἶναι
1072 3444 1112 3510 δὲ
