2566 3934
67 9 227 119 Π

328 257 414 316 LIB.
444 255 479 314 Η.
514 255 614 316 CAP.
649 260 788 319 17-21.
997 248 1058 317 125

79 413 122 482 ε’πλ
139 414 197 484 660
216 412 370 506 ἡμερέων
391 418 573 503 ἑκατέρωθι
596 412 697 504 ὁδὸν,
720 420 775 485 καί
788 423 893 487 πλεῦν
914 422 962 488 ἔτι
977 415 1058 486 τού-

79 538 127 580 ιιυ
142 516 195 583 καί
213 521 365 585 ἔλασσον.
405 522 466 584 τοῦ
481 520 634 603 ποταμοῦ
650 514 688 584 δὲ
704 514 825 603 φύσιος
846 519 921 606 πέρι
936 513 1013 586 οάτε
1026 541 1058 583 τι

79 619 133 680 τῶν
144 617 239 702 ίρέων
253 614 334 685 οὔτε
350 614 455 685 ἀλλον
475 612 615 696 οὐθενὸς
631 623 838 704 παραλαβεῖν
854 617 1056 703 ίθννάσθην.

79 712 235 802 πρόθυμος
250 719 289 786 66
303 723 344 786 έα
358 717 440 786 τάδε
453 714 534 805 παρ’
557 713 671 786 αὐτῶν
684 719 875 804 πυθέσθαι,
897 716 918 786 6
931 744 964 785 τι
977 741 1059 785 κατ-

79 816 187 900 έρχεται
208 817 272 902 μέν
292 813 311 886 6
332 825 455 897 Νεῖλος
476 816 644 905 πληθύων
661 815 726 886 άπὸ
743 820 895 907 τροπέων
914 823 983 885 τῶν
997 827 1060 887 θε-

80 912 183 999 μνέων
206 911 392 1004 ἀρξάμενος
419 915 471 986 ἐπ’
493 914 613 987 έκατόν
632 913 773 1005 ημέρας,
803 914 1001 997 πελάσαςθ’
1027 920 1060 997 ές

79 1009 127 1079 τὸν
149 1012 296 1102 ἀριθμὸν
317 1017 449 1086 τούτων
475 1023 543 1085 τῶν
565 1014 719 1105 ἡμερέων
744 1011 849 1085 ἀπίσω
874 1014 1059 1106 ἀπέρχεται,

80 1105 250 1181 ἀπολείπων
281 1111 320 1183 τὸ
357 1116 519 1204 ῥέεθρον,
555 1113 640 1183 ωστε
669 1111 793 1204 βραχύς
823 1112 884 1183 τὸν
913 1121 1060 1203 χειμῶνα

81 1204 191 1279 ἅπαντα
201 1216 361 1299 διατελέει
378 1211 443 1282 έάν
458 1206 605 1303 μέχρι
563 1240 604 1283 ον
616 1206 710 1293 αὖτις
720 1216 870 1302 τροπέων
883 1220 952 1282 τῶν
962 1220 1064 1303 θερι-

80 1305 159 1377 νέων.
188 1311 320 1381 τούτων
335 1305 384 1382 οἷν
399 1315 475 1433 πέρι
491 1310 631 1392 οὐθενὸς
648 1309 749 1381 οὐδὲν
763 1308 877 1392 οἷος
847 1339 866 1380 τ
896 1313 1059 1400 ἐγενόμην

81 1416 265 1523 παραλαβεῖν
291 1410 383 1499 παρὰ
406 1419 475 1481 τῶν
498 1419 710 1500 Αἰγυπτίων,
740 1413 900 1499 ἱστορέων
925 1407 1058 1498 αὐτούς,

80 1499 179 1592 ἥντινα
201 1510 352 1599 δύναμιν
377 1508 477 1599 έχειὸ
498 1516 620 1590 Νεῖλος
643 1508 684 1580 τά
710 1515 852 1599 έμπαλιν
874 1513 1059 1599 πεφυκέναι

82 1630 134 1673 των
145 1606 252 1678 ἀλλων
262 1618 433 1698 ποταμῶν.
462 1610 566 1681 ταύτά
580 1637 623 1686 τε
633 1607 724 1698 θη
688 1637 728 1678 τα
729 1612 922 1732 λελεγμένα
936 1609 1060 1698 βουλό-

83 1728 163 1788 μενος
184 1712 311 1779 εἰδέναι
331 1708 500 1799 ίστέρεον,
528 1707 626 1777 ταλ”
604 1736 623 1777 ο
645 1735 676 1777 τι
701 1707 807 1795 αάρας
828 1706 1061 1788 ἀποπνεούσας

85 1811 185 1887 μοῦνος
198 1807 341 1878 πάντων
354 1814 513 1897 ποταμῶν
530 1805 571 1876 06
585 1811 769 1898 παρέχεται.

138 1907 223 1982 Ἀλλ’
262 1909 431 1999 Ἑλλήνων
469 1910 531 1998 μέν
564 1934 652 1988 τινες
683 1909 834 1993 ἐπίσημοι
867 1902 1059 1991 βουλόμενοι
1073 1925 1109 1979 το

86 2012 218 2089 γενέσθαι
243 2019 367 2101 σοφίην
390 2012 505 2092 ἔλεξαν
529 2009 688 2098 περὶτοῦ
711 2006 834 2085 ὕδατος
851 2005 971 2074 τούτου
994 2031 1065 2093 τρι-

86 2117 186 2193 φανίας
218 2111 340 2198 ὁδούς,
380 2116 449 2180 τάν
478 2108 537 2191 τάς
570 2109 632 2199 μὲν
611 2105 729 2178 νθύο
755 2103 831 2174 066'
864 2102 943 2184 ἀξιῶ
976 2130 1062 2189 μνη-

85 2217 234 2296 οθῆναιί
205 2239 219 2280 ε
251 2239 299 2301 μη
324 2208 407 2281 ὅσον
426 2217 570 2330 σημηναι
589 2208 795 2299 βουλόμενος
814 2211 953 2293 μοῦνον.
991 2208 1060 2271 τῶν

84 2300 156 2390 ηέτέ
154 2333 192 2396 ρη
209 2309 250 2397 μὲ
250 2336 274 2377 ν
295 2312 385 2396 λέγει
407 2305 486 2388 τούς
507 2311 636 2395 ἐτησίας
656 2304 842 2394 ἀνέμουςε
826 2301 971 2371 είῖναι
935 2328 955 2369 α
957 2306 1061 2378 ένίους

84 2407 279 2493 πληθύειν
240 2434 307 2477 τον
327 2403 495 2495 ποταμὸν,
523 2407 715 2485 κωλύοντας
730 2406 762 2483 ἐς
775 2401 954 2471 θάλασσαν
968 2401 1061 2488 έκρέ-

85 2526 123 2569 ειν
148 2502 205 2574 τὰν
234 2512 372 2575 Νεῖλον
424 2506 584 2586 πολλάκις
615 2505 652 2573 δέ
681 2506 806 2590 ἐτησίαι
826 2502 889 2589 μέν
913 2497 983 2570 οὐκ
1013 2490 1062 2568 66

41 2616 42 2619 ’
85 2603 241 2693 ἔπνευσαν,
252 2601 324 2673 υθέ
334 2612 455 2684 Νεῖλος
468 2630 573 2672 τωυτο
563 2602 764 2723 ἐργάζεται
786 2599 931 2723 πρὸςθὲ,
947 2605 978 2668 εί
986 2601 1061 2683 ἐτη

85 2702 138 2766 σίαι
150 2708 245 2770 αίτιοι
259 2694 365 2793 ἦσαν,
386 2709 470 2790 χρῆν
484 2705 539 2771 καὶ
552 2699 631 2780 τούς
647 2698 768 2779 ἄλλους
783 2696 968 2786 ποταμούς,
987 2695 1061 2767 ὅσοι

86 2808 152 2864 τοῖσι
164 2801 308 2888 έτησίησι
325 2795 432 2868 ἀντίοι
453 2802 584 2890 ῥέουσι,
607 2795 729 2886 ὁμοίως
750 2796 889 2885 πάσχειν
903 2797 958 2864 καὶ
977 2794 1060 2865 κατὰ

85 2889 116 2959 τά
127 2893 203 2966 αύτά
216 2906 265 2992 τῷ
281 2905 404 2991 Νείλῳ,
425 2902 481 2970 καί
495 2905 623 2988 μάλλον
639 2903 685 2967 ἔτι
702 2896 861 2989 τοσαύτην,
880 2893 947 2988 ὅσην
963 2895 1061 2968 ἐλάσ-

86 3010 164 3075 σονες
177 2999 287 3078 έάντες
300 2996 524 3089 ἀσθενέστερα
539 2995 579 3066 τά
594 2997 741 3087 ῥεύματα
758 3000 966 3085 παρέχονται.
1000 2998 1062 3066 είσλ

86 3091 114 3160 6
131 3100 243 3167 πολλοὶ
260 3099 323 3186 μέν
345 3102 382 3168 έν
401 3107 442 3191 τῇ
458 3105 569 3188 Συρίη
586 3099 742 3186 ποταμοὶ,
770 3100 887 3166 πολλοὶ
907 3096 944 3166 θέ
965 3099 1002 3165 έν
1021 3102 1062 3186 τῇ

86 3194 193 3317 Λιβύη,
216 3203 252 3265 ολ
264 3195 366 3266 ούθέν
380 3204 513 3266 τοιοῦτο
534 3196 758 3282 πάσχουσι,ο
740 3180 814 3265 οἷόν
827 3223 859 3264 τι
874 3192 958 3265 καθ’
944 3222 962 3263 ο
979 3201 1063 3263 Νεῖ-

87 3292 137 3368 2⁰3
168 3290 213 3361 H
223 3292 254 3362 θ’
271 3297 363 3385 ἑτέρη
378 3294 720 3385 ἀνεπιστημονεστέρη
737 3296 808 3382 μέν
814 3295 934 3362 ἐστι
895 3317 952 3379 της
969 3299 1062 3357 λελε-
1076 3302 1109 3353 21

88 3391 208 3483 6673,
231 3395 379 3489 λέγωδὲ
402 3402 509 3466 είπείν
544 3389 857 3483 θωμασιωτέρη,
841 3418 862 3477 η
859 3383 1015 3472 ’λέγει’
996 3384 1061 3451 «κό

88 3495 136 3560 Μ’
149 3489 308 3568 Ὠκεανοῦ
324 3498 443 3588 ῥέοντα
459 3492 564 3565 αὐτὸν
578 3500 682 3563 ταῦτα
698 3495 928 3581 μηχανᾶσθαι,
948 3504 1009 3546 τον
1029 3476 1061 3543 ἃ
