2622 3928
12 12 152 120 F

387 222 471 277 τεο.
502 221 538 277 v.
573 221 671 278 οων.
705 227 845 281 οι-ει.
1074 222 1112 283 13
1235 202 1239 209 ’
1295 240 1298 317 3

2 420 3 459 γ
114 380 187 448 τότε
202 379 239 446 δὲ
253 380 290 446 ἐκ
300 378 431 447 τούτων
439 386 507 446 τῶν
517 386 645 448 πολίων
655 370 721 446 ὦδε
730 379 847 467 ήρχετο
858 378 944 449 κακά
958 387 1112 467 γίνεσθαι

114 485 154 566 τῇ
173 473 288 563 Ἰωνίη.
318 479 355 544 έκ
376 475 495 557 Νάξου
516 481 645 564 ἔφυγον
665 472 786 564 ἄνδρες
807 484 876 545 των
895 481 1027 565 παχέων
1045 470 1112 548 ὑπὸ

113 580 174 643 τοῦ
189 573 315 662 δήμου,
337 576 503 662 φυγόντες
523 574 560 643 66
579 571 739 643 ἀπίκοντο
760 577 793 654 ἐς
805 572 969 663 Μίλητον.
1000 583 1058 664 τῆς
1077 578 1115 647 66

95 706 98 711 ¹
115 672 271 760 Μιλήτου
285 673 442 760 ἐτύγχανε
463 675 639 760 ἐπίτροπος
652 670 718 741 έοὶυ
736 669 968 762 Ἀρισταγόρης
982 671 1000 742 6
1015 680 1114 741 Μολ-

114 769 286 857 παγόρεω,
312 770 463 858 γαμβρός
489 797 525 840 τε
552 768 618 839 ἐάν
638 772 694 840 καί
716 769 854 853 ἀνεψιός
877 769 1032 841 Ἱστιαίου
1052 776 1114 839 τοῦ

115 867 337 956 Λυσαγόρεω,
353 866 415 937 τόν
428 867 447 940 6
461 879 606 955 Δαρεῖος
617 871 659 937 έν
671 867 834 938 Σούσοισι
849 882 986 955 κατεῖχε.
1014 864 1033 937 6
1048 865 1114 954 γάρ

107 964 259 1045 Ἰστιαίος
272 966 439 1053 τύραννος
447 959 493 1054 ήν
503 966 670 1053 Μιλήτου,
685 969 741 1034 καὶ
752 964 910 1053 ἐτύγχανε
922 971 1044 1033 τοῦτον
1053 961 1115 1033 τόν

114 1062 239 1150 χρόνον
258 1061 324 1132 ἐάν
344 1067 381 1134 έν
396 1066 577 1149 Σούσοισι,
600 1063 655 1133 ὅτε
671 1068 705 1133 οί
722 1064 843 1145 Νάξιοι
863 1057 991 1152 ήλθον,
1013 1066 1115 1143 ξεῖνοι

112 1163 195 1248 πρίν
210 1161 322 1241 έόντες
333 1169 381 1254 τῷ
389 1161 539 1254 Ἱστιαίην.
561 1159 759 1248 άπικόμενοι
774 1161 811 1230 66
827 1166 862 1231 οί
869 1161 993 1242 Νάξιοι
1006 1162 1039 1239 ές
1051 1155 1115 1243 τήν

114 1264 268 1344 Μίλητον
281 1260 412 1328 ἐδέοντο
423 1266 485 1329 τοῦ
494 1257 744 1347 Ἀρισταγόρεω,
752 1270 785 1329 εί
789 1285 856 1338 κως
865 1255 995 1328 αύτοίσι
1003 1256 1115 1344 παρά·

115 1375 188 1441 σχοι
203 1354 349 1442 δύναμίν
367 1382 443 1425 τινα
462 1361 518 1427 καί
531 1358 728 1429 κατέλθοιεν
743 1359 777 1437 ἐς
795 1354 856 1444 τήν
871 1358 1014 1424 ἑωυτῶν.
1044 1352 1062 1422 6
1077 1354 1114 1422 δέ

115 1451 364 1542 ἐπιλεξάμενος,
380 1453 441 1541 ὡς,
455 1452 500 1542 ήν
516 1453 562 1524 δι’
581 1459 709 1525 έωυτού
722 1456 908 1524 κατέλθωσι
926 1456 959 1534 ές
974 1450 1038 1540 τήν
1049 1451 1114 1520 πό-

114 1561 179 1635 λιν,
195 1550 287 1639 άρξει
303 1560 361 1639 τής
372 1553 501 1641 Νάξου,
516 1561 641 1641 σκῆψιν
657 1557 693 1623 66
707 1554 906 1640 ποιεύμενος
916 1550 979 1639 τήν
989 1554 1114 1637 ξεινίην

113 1648 175 1735 τήν
187 1647 359 1739 Ἱστιαίου,
380 1652 480 1721 τόνδε
494 1672 555 1740 σφι
568 1651 629 1722 τὸν
645 1653 749 1739 λόγου
762 1652 967 1740 προσέφερε·
1003 1645 1114 1728 Λύτός

114 1749 175 1836 μέν
197 1748 279 1836 ὑμίν
300 1749 342 1818 ού
358 1753 544 1840 φερέγγυός
564 1758 630 1841 είμι
648 1753 794 1839 δύναμιν
817 1750 985 1836 τοσαύτην
1005 1772 1115 1836 παρα-

25 1846 30 1853 ⁴
114 1861 205 1934 σχεῖν
219 1846 304 1916 ὥστε
319 1846 478 1935 κατάγειν
498 1846 668 1918 άεκόντων
686 1857 755 1918 τῶν
772 1846 836 1937 τήν
854 1844 954 1916 πόλιν
969 1843 1114 1932 ἐχόντων

2 1976 6 2005 ι
60 1986 68 1996 ·
117 1949 266 2027 Ναξίων·
298 1949 517 2036 πυνθάνομαι
541 1947 607 2039 γάρ
630 1947 874 2037 ὀκτακισχιλίην
895 1944 1018 2015 άσπίθα
1039 1952 1114 2014 Να-

2 2040 19 2112 .“
115 2049 213 2124 ξίοισι
234 2040 319 2111 εἶναι
340 2046 395 2113 καὶ
417 2055 516 2115 πλοία
537 2045 648 2136 μακρά
674 2045 798 2117 πολλά·
830 2042 1061 2133 μηχανήσομαι
1078 2041 1115 2107 66

114 2146 227 2208 πᾶσαν
247 2138 399 2230 σπουδήν
421 2144 635 2230 ποιεύμενος·
657 2144 796 2213 ἐπινοέω
817 2144 853 2212 66
872 2146 959 2231 τήόε.
998 2136 1115 2225 Ἀρτα-

4 2256 6 2301 l
114 2242 240 2327 φέρνης
250 2264 308 2327 μοι
316 2242 472 2329 τυγχάνει
487 2241 553 2312 έύν
563 2251 676 2332 φίλος,
690 2242 758 2315 666
742 2242 991 2331 Ἀρταφέρνης
999 2237 1114 2307 ’Υστά-

114 2361 213 2420 σπεος
225 2344 288 2427 μέν
302 2343 370 2410 ἐστι
383 2356 477 2431 παῖς,
491 2346 690 2427 Δαρείουόὲ
703 2369 764 2412 του
749 2342 931 2430 βασιλέος
941 2332 1113 2422 ἀδελφεός,

6 2480 8 2537 5
112 2437 236 2523 ww6’
259 2442 508 2511 ἐπιθαλασσίων
528 2469 598 2511 ww
622 2445 660 2512 έν
681 2449 721 2532 τή
736 2438 870 2531 Ἀσίη”
848 2463 941 2527 αρχει
965 2435 1113 2521 πάντων,

113 2542 198 2622 ἔχων
217 2537 376 2657 στρατιήν
394 2565 430 2607 τε
444 2538 574 2628 πολλήν
593 2541 648 2608 καί
668 2536 794 2619 πολλάς
810 2538 895 2617 νέας.
928 2542 1049 2604 τούτου
1065 2526 1114 2603 άν

113 2636 218 2702 δοκέω
232 2630 293 2701 τόν
313 2633 420 2724 άνθρα
441 2640 595 2727 ποιήσειν
610 2666 679 2708 ww
698 2636 742 2708 άν
761 2643 954 2761 χρηίζωμεν.
1001 2641 1113 2703 Ταῦτα

114 2731 318 2810 άκούσαντες
330 2737 365 2800 οί
371 2734 493 2814 Νάξιοι
504 2742 716 2824 προσέθεσαν
726 2764 771 2827 τω
757 2733 995 2824 Ἀρισταγόρη
1006 2730 1115 2819 πρήσ·

114 2849 187 2897 σειν
202 2835 242 2917 τῇ
255 2828 391 2898 δύναιτο
408 2829 543 2920 άριστα,
564 2838 620 2903 καὶ
633 2834 832 2923 ὑπίσχεσθαι
850 2836 943 2919 δῶρα
959 2834 1113 2901 ἐκέλευον

114 2929 169 2995 καί
184 2925 339 3013 δαπάνην
355 2934 395 3016 τῇ
411 2938 557 3020 στρατιή,
575 2929 618 3010 ὡς
632 2930 727 3002 αὐτοὶ
741 2931 964 3017 διαλύσοντες,
980 2932 1113 3008 ἐλπίδας

113 3020 238 3103 πολλάς
255 3028 400 3112 ἔχοντες,
416 3022 498 3093 όταν
514 3029 717 3114 ἐπιφανέωσι
731 3032 765 3110 ές
778 3026 840 3116 τήν
855 3028 989 3113 Νάξον,
1003 3026 1113 3095 πάντα

113 3119 266 3207 ποιήσειν
279 3118 359 3202 τούς
372 3127 520 3206 Ναξίους
531 3122 572 3194 τά
586 3122 631 3197 άυ
644 3125 740 3198 αὐτοὶ
753 3126 931 3214 κελεύωσι,
945 3122 993 3246 ρῖς
1007 3125 1043 3192 δέ
1057 3125 1113 3190 καί

113 3216 192 3299 τούς
211 3218 334 3300 άλλους
359 3222 539 3309 νησιύτας
571 3251 641 3294 των
666 3224 732 3313 γάρ
755 3223 870 3313 νήσων
893 3221 1022 3291 τούτων
1044 3243 1112 3286 των

116 3315 302 3386 Κυκλάδων
317 3315 456 3407 ούθεμία
469 3347 518 3389 κω
531 3316 575 3411 ήυ
591 3320 658 3393 ὑπο
647 3321 813 3416 Δαρείρ.
847 3318 1062 3405 Ἀπικόμενοε
1076 3319 1112 3387 ‘56
1126 3327 1156 3382 ³¹

11 3436 12 3469 ι
114 3410 132 3480 ὁ
147 3411 380 3506 Ἀρισταγόρης
394 3415 478 3497 ές
442 3446 499 3498 τας
513 3422 639 3510 Σάρδις
659 3425 747 3509 λέγει
762 3417 846 3509 πρὸς
859 3416 919 3487 τὸν
931 3415 1139 3504 Ἀρταφέρ-
