2622 3928
379 219 465 274 LIB.
500 218 536 272 V.
570 216 670 275 cAP.
704 221 846 278 65-w67.
1074 214 1114 277 31

109 381 165 448 καὶ
178 376 354 465 σύμμαχον
369 380 480 457 ξεῖνον
495 375 593 444 ἐόντα
601 377 801 459 προσέθετο.
848 379 960 444 Ταῦτα
980 379 1034 463 δέ,
1055 382 1114 445 δυ’
1128 399 1161 455 67

109 479 200 548 κέειν
213 480 300 565 ἐμοὶ,
319 478 468 563 ἐμιμέετο
481 473 500 546 ὁ
511 477 718 562 Κλεισθένης
732 467 830 555 οὗτος
840 474 900 545 τόν
912 480 1039 548 ἑωυτοῦ
1050 508 1115 568 μη-

110 575 301 666 τροπάτορα
313 576 522 643 Κλεισθένεα
536 569 598 641 τόν
611 578 787 652 Σικυῶνος
803 573 983 661 τύραννον.
1012 585 1115 646 Κλει-

110 679 235 762 σθένης
247 672 313 761 γάρ
331 671 507 760 Ἀργείοισι
529 670 718 759 πολεμήσας
736 678 836 740 τούτο
855 674 919 760 μέν
937 671 1115 765 ῥαψῳδοὺς

110 782 235 845 έπανσε
255 775 293 842 ἐν
307 778 460 841 Σικυῶνι
483 766 705 857 ἀγωνίζεσθαι
724 774 794 836 τών
806 767 992 857 Ὁμηρείων
1009 773 1115 839 ἐπέων

109 878 255 959 εἵνεκεν,
287 870 339 941 ότι
360 867 506 958 Ἀργεῖοί
526 895 563 938 τε
587 871 642 938 καὶ
658 867 779 957 Ἀργος
808 868 849 938 τά
873 870 980 941 πολλὰ
1004 871 1114 941 πάντα

109 973 286 1062 ὑμνέαται,
307 979 407 1041 τούτο
429 971 482 1057 δέ,
503 967 631 1060 ήρώῖον
649 966 714 1057 γάρ
736 962 781 1057 ήν
803 974 859 1040 καὶ
879 978 948 1041 ἐστι
970 976 1007 1043 ἐν
1030 971 1114 1063 αὐτῇ

108 1080 148 1162 τῇ
163 1069 271 1160 ἀγορή
285 1076 354 1138 τών
369 1076 571 1139 Σικυωνίων
582 1066 765 1156 Ἀδρήστου
783 1075 846 1137 τού
862 1078 1011 1160 Ταλαοῦ,
1033 1080 1114 1141 τοῦ·

107 1195 168 1238 τον
189 1165 382 1255 ἐπεθύμησε
402 1164 421 1235 ὁ
442 1172 650 1253 Κλεισθένης
673 1166 771 1235 ἐόντα
788 1164 938 1256 Ἀργεῖον
960 1174 1112 1260 ἐκβαλεῖν

108 1271 145 1338 ἐκ
160 1274 218 1354 τῆς
231 1266 347 1353 χώρης.
371 1262 483 1334 ἐλθών
501 1266 537 1334 δέ
553 1268 586 1344 ἐς
599 1262 758 1351 Δελφούς
773 1268 1058 1356 ἐχρηστηριάζετο,
1084 1276 1115 1338 εί

109 1366 245 1457 ἐκβάλοι
259 1364 318 1434 τόν
328 1364 528 1453 Ἀδρηστον·
550 1360 571 1451 ή
588 1364 626 1433 δὲ
634 1370 751 1450 Πυθίη
764 1368 798 1432 οί
810 1371 873 1454 χρβ
890 1365 1112 1454 φᾶσαἈδρη-

108 1485 189 1535 στον
198 1463 262 1551 μέν
273 1460 356 1530 εἶναι
368 1468 570 1531 Σικυωνίων
580 1463 734 1549 βασιλέα,
750 1462 879 1531 ἐκεῖνον
889 1464 925 1531 δὲ
936 1471 1109 1551 λευστῆρα.
1136 1484 1144 1491 “

108 1564 178 1632 ἐπεὶ
192 1561 230 1630 δὲ
246 1558 265 1629 ὁ
282 1558 365 1640 θεός
377 1560 478 1629 τοῦτό
490 1586 530 1647 γε
543 1557 586 1628 ού
606 1563 806 1648 παρεδίδου,
827 1558 987 1631 ἀπελθών
1005 1561 1111 1633 ὀπίσω

107 1660 280 1748 ἐφρόντιζε
293 1655 463 1747 μηχανήν,
484 1665 525 1745 τῇ
539 1655 640 1739 αύτός
653 1657 673 1726 ὁ
686 1656 866 1745 Ἀδρηστος
880 1657 1109 1744 ἀπαλλάξεται.

108 1758 153 1839 ὦς
170 1761 209 1829 δέ
218 1763 252 1829 οί
261 1763 462 1846 ἐξευρῆσθαι
476 1758 604 1845 ἐδόκεε,
624 1762 755 1845 πέμψας
767 1761 800 1838 ἐς
811 1760 924 1848 Θήβας
934 1758 992 1840 τάς
1002 1770 1111 1830 Βοιώ

108 1865 178 1937 τίσις
199 1862 263 1943 ἐφη
285 1858 416 1925 ἐθέλειν
436 1857 663 1943 ἐπαγαγέσθαι
678 1856 905 1926 Μελάνιππον
920 1856 980 1927 τόν
996 1857 1112 1927 Ἀστα-

107 1961 188 2024 κοῦ·
217 1957 252 2023 οί
270 1953 307 2021 δέ
323 1960 463 2040 Θηβαῖοι
484 1958 613 2023 ἔδοσαν.
645 1954 893 2042 ἐπαγαγόμενος
914 1957 950 2024 δέ
970 1953 989 2023 ὁ
1009 1965 1111 2026 Κλει-

106 2055 234 2138 σθένης
252 2048 312 2119 τόν
328 2049 554 2119 Μελάνιππον
576 2051 712 2140 τέμενός
739 2057 773 2123 oc
794 2049 931 2135 ἀπέδεξε
958 2056 995 2121 ἐν
1020 2053 1110 2144 αὐτῷ

107 2158 153 2243 τῷ
173 2154 367 2240 πρυτανηίῳ
392 2148 453 2217 καί
467 2175 526 2238 μιν
547 2153 665 2239 δδρυσε
683 2154 831 2220 ἐνθαῦτα
852 2154 890 2219 ἐν
910 2159 956 2244 τῷ
975 2157 1111 2238 ίσχυρο-

106 2248 203 2341 κάτω.
228 2247 411 2335 ἐπηγάγετο
427 2248 465 2317 δὲ
478 2244 538 2316 τόν
547 2248 774 2318 Μελάνιππον
788 2245 807 2318 ό
819 2252 1027 2337 Κλεισθένης
1039 2251 1110 2339 (καὶ

105 2346 170 2436 γάρ
184 2354 284 2416 τούτο
299 2348 366 2415 δέει
381 2344 637 2437 ἀπηγήσασθαι)
655 2346 700 2427 ώς
713 2354 869 2435 ἔχθιστον
884 2347 982 2417 ἐόντα
991 2345 1110 2435 Ἀδρή-

106 2466 188 2539 στῳ,
203 2444 240 2526 ὃς
254 2445 315 2515 τόν
326 2472 361 2514 τε
372 2442 541 2532 ἀδελφεόν
555 2450 590 2515 οί
597 2449 772 2534 Μηκιστέα
787 2443 966 2516 ἀπεκτόνεε
981 2442 1109 2514 καὶτὸν

105 2542 260 2633 γαμβρὸν
278 2547 396 2613 Τυδέα.
424 2547 498 2616 ἐπεί
508 2572 544 2615 τε
560 2547 600 2615 δι’
617 2552 652 2615 ολ
664 2544 701 2616 τό
717 2550 852 2634 τέμενος
868 2543 1020 2633 ἀπέδεξε,
1042 2555 1110 2614 θν-

105 2651 178 2722 σίας
195 2668 231 2710 τε
245 2642 301 2710 καλ
316 2638 416 2728 ὁρτάς
426 2642 610 2733 Ἀδρήστου
627 2644 833 2733 ἀπελόμενος
852 2649 955 2714 ἔδωκε
972 2651 1017 2736 τῷ
1035 2651 1110 2712 Με-

107 2747 269 2830 λανίππην.
302 2744 337 2809 οί
358 2741 394 2809 δέ
415 2743 603 2813 Σικυώνιοι
628 2744 780 2814 ἐώθεσαν
801 2744 985 2831 μεγαλωστὶ
1005 2741 1109 2829 κάρτα

105 2843 211 2925 τιμᾶν.
221 2832 489 2925 τόνἈδρηστον·
510 2837 612 2929 ήγάρ
628 2839 720 2928 χώρη
736 2834 781 2929 ήν
794 2838 879 2926 αὕτη
893 2839 1054 2928 Πολύβου
1060 2889 1070 2925 ,
1088 2837 1106 2908 ὁ

105 2940 142 3008 δὲ
157 2934 339 3023 Ἀδρηστος
358 2929 403 3023 ήν
416 2938 581 3025 Πολύβου
602 2943 839 3028 θυγατριδέος,
861 2936 960 3017 άπαις
984 2937 1021 3005 δέ
1037 2937 1111 3006 Πό-

103 3041 207 3123 λυβος
217 3040 382 3103 τελευτάν
393 3038 484 3104 διδοῖ
490 3032 658 3128 Ἀδρήστῳ
669 3035 731 3125 τήν
741 3034 856 3125 ἀρχήν.
873 3037 915 3106 τά
926 3062 960 3105 τε
972 3033 1012 3122 δή
1025 3034 1109 3104 ἀλλα

104 3137 139 3204 οί
156 3130 342 3201 Σικυώνιοι
368 3136 489 3221 ἐτίμων
509 3131 571 3204 τόν
589 3133 791 3225 Ἀδρηστον,
815 3138 871 3204 καὶ
893 3134 933 3222 δή
960 3133 1044 3222 πρὸς
1067 3132 1108 3201 τά

104 3230 216 3300 πάθεα
230 3227 337 3299 αύτοῦ
347 3246 533 3318 τραγικοῖσι
542 3248 671 3322 χοροῖσι
681 3235 866 3322 ἐγέραιρον,
878 3230 939 3302 τόν
949 3229 1012 3317 μὲν
1022 3230 1109 3300 Διό-

105 3347 211 3398 νυσου
224 3326 266 3398 οό
280 3332 464 3419 τιμέοντες,
487 3328 548 3401 τόν
567 3331 804 3423 δδἈδρηστον.
850 3330 1057 3414 Κλεισθένης
1072 3327 1109 3396 δέ

105 3425 226 3515 λθθθῧς
240 3432 303 3515 μὲν
316 3436 362 3522 τςό
375 3432 536 3526 Διονύσῳ
547 3432 714 3522 ἀπέδωκε,
736 3430 799 3521 τήν
811 3432 848 3501 δέ
861 3429 967 3516 ἀλλην
983 3433 1109 3514 θυσίην
