2622 3928
368 248 453 302 ΗΒ.
486 247 521 301 V.
555 246 654 304 CAP.
686 252 826 308 82-86.
1058 243 1100 304 39

89 399 181 492 ἦσαν
202 404 238 471 δὲ
257 407 311 471 καὶ
330 416 415 471 τοῖσι
433 401 671 491 Ἐπιδαυρίοισι
691 410 728 473 αί
744 412 895 473 τοιαῦται
913 411 1098 493 ἱρουργίαι·

90 503 157 570 είσλ
168 503 208 567 δέ
215 520 276 586 σφι
286 502 342 568 καλ
355 497 493 587 ἀρρητοι
505 505 681 587 ἱρουργίαι.
705 506 934 588 Κλεφθέντονν
945 503 981 570 δὲ
991 506 1097 569 τῶνδε
1105 510 1144 566 84

89 604 162 668 τῶν
175 595 376 685 ἀγαλμάτων
388 603 423 667 οί
427 596 631 686 Ἐπιδαύριοι
642 612 727 668 τοῖσι
737 597 944 688 Ἀθηναίοισι
957 597 997 668 τδι
1013 619 1097 667 συν-

91 699 213 764 έθεντο
224 694 288 764 οὐκ
299 699 479 767 ἐπετέλεον.
494 698 681 783 πέμψαντες
692 695 729 766 δέ
738 701 771 766 οί
777 695 949 785 Ἀθηναῖοι
961 697 1098 785 έμῆνιον
1192 692 1202 703 ’
1283 658 1284 669 ¹

91 808 179 863 τοῖσι
190 792 446 885 Ἐπιδαυρίοισι·
462 800 497 864 ol
506 793 542 862 δὲ
559 791 749 882 ἀπέφαινον
762 795 869 888 λόγῳ,
887 792 931 875 ὡς
945 793 1008 863 οὐκ
1023 792 1098 862 ἀδι-

91 906 203 962 κοῖεν·
226 891 308 962 ὅσον
327 893 390 979 μὲν
408 890 475 979 γάρ
490 892 615 980 χρόνον
639 890 729 978 εἶχον
748 890 789 961 τά
810 890 984 980 ἀγάλματα
1000 896 1039 962 έν
1058 898 1098 980 τῇ

91 994 202 1081 χώρῇ,
218 994 396 1061 ἐπιτελέειν
409 990 451 1060 τά
466 997 666 1078 συνέθεντο,
681 994 751 1061 ἐπεὶ
766 993 803 1062 δὲ
820 995 1017 1080 ἐστερῆσθαι
1033 989 1097 1059 αὐ-

92 1103 180 1180 τῶν,
195 1092 237 1162 οά
251 1098 374 1162 δίκαιοι
389 1092 474 1162 εἶναι
493 1091 677 1180 ἀποφέρειν
692 1098 756 1179 ἔτι,
771 1090 854 1162 ἀλλά
869 1084 949 1172 τοὺς
963 1099 1098 1178 ἔχοντας

93 1189 180 1260 αὐτοὶ
186 1192 368 1281 Αἰγινήτας
378 1192 588 1280 πρήσσεσθαι
600 1193 763 1261 ἐκέλευον.
786 1186 870 1280 πρδς
879 1198 984 1259 ταῦτα
994 1187 1097 1275 Ἀθη-

93 1305 184 1359 ναῖοι
196 1294 380 1377 έςΑίγιναν
390 1292 579 1378 πέμψαντες
591 1288 749 1359 ἀπαίτεον
760 1289 800 1357 τδ
811 1288 999 1377 ἀγάλματα·
1018 1291 1051 1355 οί
1061 1286 1097 1354 δὲ

93 1396 271 1477 Αἰγινῆται
287 1395 416 1476 ἔφασαν
432 1395 527 1477 σφίσι
547 1415 583 1457 τε
603 1392 658 1458 καλ
674 1387 881 1475 Ἀθηναίοισι
897 1384 980 1455 εἶναι
995 1381 1097 1452 οὐδέν

94 1494 239 1574 πρῆγμα.
279 1484 451 1574 Ἀθηναῖοι
467 1490 529 1574 μέν
545 1513 611 1555 νυν
628 1488 761 1573 λέγουσι
781 1483 863 1572 μετά
879 1483 941 1571 τὴν
954 1482 1140 1568 ἀπαίτη-Βό

94 1604 151 1651 σιν
161 1581 388 1673 ἀποσταλῆναι
398 1585 530 1673 τριήρει
537 1592 595 1674 μιῇ
607 1591 674 1653 τῶν
684 1581 795 1652 ἀστῶν
805 1584 956 1671 τούτους,
967 1590 1003 1651 οἳ
1011 1581 1096 1650 ἀπο-

94 1684 306 1769 πεμφθέντες
320 1681 386 1752 ἀπὸ
407 1692 468 1752 τοῦ
482 1691 601 1752 κοινοῦ
616 1686 671 1751 καὶ
688 1681 885 1769 ἀπικόμενοι
903 1685 936 1762 ές
950 1691 1095 1768 Αἴγιναν

24 1798 28 1806 ’
94 1778 135 1847 τά
148 1778 321 1868 ἀγάλματα
334 1790 438 1850 ταῦτα
453 1779 497 1861 ἀς
511 1784 683 1872 σφετέρων
699 1782 809 1862 ξύλων
823 1780 921 1848 ἐόντα
935 1783 1094 1867 ἐπειρῶν-

17 1892 18 1895 ’
94 1907 131 1949 το
148 1884 184 1949 έν
198 1889 266 1949 τῶν
276 1881 419 1969 βάθρων
430 1886 629 1968 ἐξανασπᾶν,
644 1885 701 1949 ἵνα
717 1886 803 1968 σφέα
817 1879 1093 1967 ἀνακομίσωνται.

96 1979 138 2047 οά
151 1982 361 2066 δυναμένους
374 1982 411 2051 δὲ
422 1984 530 2075 τούτῳ
541 1991 589 2074 τῷ
599 1983 713 2074 τρόπῳ
726 1980 838 2051 αὐτῶν
851 1988 1020 2069 κρατῆσαι,
1035 2004 1096 2047 πε-

97 2078 296 2166 ριβαλόντας
309 2087 438 2166 σχοινία
449 2082 559 2149 ἕλκειν
568 2079 608 2148 τά
619 2079 809 2168 ἀγάλματα,
824 2084 884 2148 καί
891 2098 951 2165 σφι
963 2079 1097 2146 ἕλκουσι

97 2174 243 2264 βροντήν
255 2202 291 2245 τε
301 2180 355 2247 καλ
363 2177 432 2266 ἀμα
445 2186 486 2269 τῇ
494 2187 619 2270 βροντῇ
629 2178 767 2266 σεισμὸν
778 2179 990 2265 ἐπιγενέσθαι
1000 2201 1007 2214 ·
1018 2171 1098 2252 τοὺς

99 2272 133 2339 δὲ
152 2280 319 2362 τριηρίτας
338 2274 418 2357 τούς
431 2279 589 2358 ἕλκοντας
604 2275 672 2346 ὑπδ
691 2277 821 2346 τούτων
835 2274 1097 2363 ἀλλοφρονῆσαι,

96 2371 268 2453 παθόντας
282 2374 320 2442 δὲ
332 2382 432 2444 τοῦτο
447 2382 591 2445 κτείνειν
607 2374 773 2464 ἀλλήλους
787 2373 846 2443 ἀπε
858 2379 1047 2460 πολεμίους,
1066 2373 1099 2450 ἐς

97 2469 116 2537 δ
127 2473 162 2539 έκ
173 2470 310 2540 πάντοιν
322 2475 381 2541 ἕνα
392 2478 576 2561 λειφθέντα
586 2472 856 2562 ἀνακομισθῆναι
868 2468 973 2540 αὐτὸν
984 2468 1097 2549 έςΦά-

97 2576 208 2655 λῆρον.
243 2567 415 2655 Ἀθηναῖοι
429 2574 491 2657 μέν
505 2598 574 2640 νυν
586 2570 675 2640 οὕτω
688 2575 823 2659 λέγουσι
839 2572 1016 2657 γενέσθαι,
1034 2572 1097 2635 Αί-
1107 2578 1141 2632 86

98 2672 229 2755 γινῆται
244 2667 281 2733 δὲ
302 2664 343 2734 οὐ
359 2675 420 2755 μιῇ
435 2673 495 2753 νηῒ
506 2667 687 2739 ἀπικέσθαι
705 2667 905 2756 Ἀθηναίους
920 2672 1016 2753 (μίαν
1036 2664 1098 2749 μὲν

99 2758 163 2847 γάρ
178 2764 234 2830 καὶ
249 2758 350 2854 ὀλίγῳ
365 2771 512 2845 πλεῦνας
527 2774 620 2853 μιῆς,
639 2770 695 2835 καλ
710 2775 744 2834 εί
754 2785 815 2853 σφι
829 2764 874 2853 μῆ
890 2770 1010 2850 ἔτυχον
1023 2764 1101 2830 έοῦ-

99 2880 152 2928 σοι
165 2861 247 2946 νέες,
256 2857 499 2948 ἀπαμύνασθαι
513 2859 558 2931 ἀν
571 2862 758 2951 εὐπετέως),
767 2861 851 2935 ἀλλά
864 2869 1004 2952 πολλῇσι
1015 2886 1101 2948 νῆν-

100 2965 131 3029 σδ
143 2958 323 3029 έπιπλάειν
337 2979 398 3047 σφι
413 2963 466 3031 ἐπὶ
479 2960 543 3050 τῆν
554 2965 685 3058 χώρην,
707 2961 803 3032 αὐτοὶ
817 2967 857 3032 δέ
874 2981 933 3050 σφι
951 2960 1031 3043 εἶξαι
1046 2962 1102 3029 καὶ

101 3056 139 3127 οά
150 3063 423 3147 διαναυμαχῆσαι.
437 3058 500 3130 οάκ
511 3068 624 3150 έχουσι
635 3063 672 3132 δὲ
678 3069 777 3131 τοῦτο
789 3066 989 3150 διασημῆναι
1000 3058 1100 3147 ἀτρε-

100 3160 195 3244 κέως,
210 3155 289 3225 οὔτε
303 3163 335 3227 εί
347 3160 482 3240 ἕσσονες
495 3161 804 3248 συγγινωσκόμενοι
816 3158 902 3229 εἶναι
914 3167 955 3248 τῇ
966 3180 1099 3241 ναυμα-

101 3260 150 3342 χίῆ
163 3253 245 3325 κατὰ
260 3264 361 3326 τοῦτο
379 3256 487 3346 εἶξαν,
510 3257 588 3328 οὔτε
605 3265 636 3329 εί
653 3258 856 3348 βουλόμενοι
872 3262 1008 3342 ποιῆσαι
1024 3246 1099 3321 οἷόν

101 3377 130 3420 τι
142 3355 195 3421 καλ
207 3355 375 3444 ἐποίησαν.
394 3354 594 3445 Ἀθηναίους
608 3362 672 3447 μέν
684 3385 768 3445 νυν,
784 3359 858 3425 έπεί
868 3356 907 3423 τέ
917 3373 978 3440 σφι
989 3348 1099 3426 οὐδεὶς

29 3506 31 3547 3
102 3453 247 3539 έςμάχην
258 3462 442 3542 κατίστατο,
453 3456 644 3547 ἀποβάντας
655 3455 720 3528 ἀτιδ
731 3464 801 3526 τῶν
812 3460 901 3522 νεῶν
911 3450 1100 3534 τραπέσθαι
