2562 3926
312 258 778 322 mffifflmwm
988 251 1124 335 m,

49 429 223 509 Ηφαίστου
252 419 499 510 βασιλεύσαντα
527 416 665 509 (ούδένα
690 415 755 507 γάρ
778 418 902 506 χρόνον
926 413 1050 488 οἷοίτε

48 516 130 609 ἦσαν
157 523 242 592 άνεν
268 520 423 607 βασιλέος
451 522 660 604 διαιτᾶσθαι)
690 516 870 606 ἐστήσαντο
896 517 1049 588 δυόδεκα

48 624 216 709 βασιλέας,
240 617 394 707 δυόδεκα
409 621 528 702 μοίρας
542 615 724 704 δασάμενοι
739 626 914 703 Αίγυπτον
928 622 1048 684 πάσαν.

48 712 140 788 οὗτοι
162 721 340 803 ἐπιγαμίας
363 715 584 802 ποιησάμενοι
606 718 802 804 ἐβασίλευον
827 716 962 803 νόμοισι
980 741 1051 784 τοι·

48 821 116 886 σίδε
137 817 331 904 χρεόμενοι,
362 813 443 901 μήτε
467 816 654 901 καταιρέειν
669 811 835 903 ἀλλήλους
851 815 933 903 μήτε
948 816 1051 882 πλέον

47 943 78 985 τι
92 920 248 1002 διζησθαι
260 918 348 1000 ἐχειν
360 908 421 980 τόν
435 913 551 999 ἕτερον
565 918 627 981 τού
644 912 770 1001 ἐτέρου,
786 912 873 983 εἷναί
880 938 916 981 τε
931 918 1051 998 φίλους

47 1011 86 1082 τά
110 1012 265 1100 μάλιστα.
301 1014 409 1079 τάνδε
436 1010 473 1079 δέ
502 1014 631 1080 εἵνεκεν
657 1008 737 1092 τούς
761 1013 887 1101 νόμους
911 1011 1052 1090 τούτους

48 1116 236 1197 ἐποιεῦντο,
250 1114 393 1196 ἰσχυρῶς
402 1113 687 1195 περιστέλλοντες·
711 1109 886 1201 ἐκέχρηστό
900 1129 960 1198 σφι
974 1106 1048 1179 κατ’

49 1207 151 1299 άρχόις
165 1203 285 1276 αύτίκα
301 1209 542 1294 ἐνισταμένοισι
556 1212 590 1287 ἐς
604 1205 663 1288 τύς
677 1214 879 1296 τυραννίδας
894 1207 955 1279 τόν
970 1217 1051 1297 χαλ-

48 1311 107 1398 κέη
121 1307 228 1395 φιάλη
242 1312 422 1375 σπείσαντα
436 1302 549 1373 αύτύν
569 1307 607 1375 ἐν
626 1312 673 1398 τῷ
693 1311 755 1399 ίρῷ
775 1314 837 1377 τού
854 1307 1049 1396 Ἡφαίστου,

49 1413 171 1475 τούτου
195 1401 327 1493 ἁπάσης
352 1403 565 1494 βασιλεύσειν
588 1404 780 1491 Αἰγύπτου·
805 1408 839 1485 ἐς
861 1404 927 1495 γάρ
948 1402 989 1492 δὴ
1008 1402 1050 1473 τά

50 1508 160 1574 πάντα
180 1501 237 1591 ίρόι
254 1510 484 1592 συνελέγοντο.
526 1506 594 1574 Καὶ
612 1501 656 1592 δή
669 1524 730 1592 σφι
744 1504 944 1593 μνημόσυνα
959 1507 1050 1585 ἐδοξε
1068 1520 1120 1577 148

49 1608 206 1675 λιπέσθαι
222 1611 336 1694 κοινῇ,
362 1605 465 1686 δόξαν
481 1607 522 1673 δέ
534 1625 595 1690 σφι
610 1603 808 1693 ἐποιήσαντο
825 1604 1048 1694 λαβύρινθον,
1124 1676 1128 1683 ,

50 1704 163 1792 ὀλίγον
177 1702 263 1792 ύπέρ
276 1711 334 1792 τῆς
347 1711 467 1791 λίμνης
478 1709 536 1791 τῆς
549 1710 694 1792 Μοίριος
714 1702 799 1774 κατά
813 1708 1049 1794 Κροκοδείλων

51 1807 256 1892 καλεομένην
275 1803 376 1872 πόλιν
395 1801 538 1889 μάλιστά
562 1829 605 1891 κη
625 1812 797 1890 κείμενον·
818 1801 880 1874 τόν
900 1801 965 1893 ἐγύ
985 1801 1049 1890 ἤδη

53 1901 140 1972 εἶδον
156 1902 264 1990 λόγου
277 1903 371 1989 μέζω.
417 1905 448 1969 εί
460 1899 526 1988 γάρ
540 1926 590 1979 τις
604 1898 644 1969 τά
660 1904 692 1983 ἐξ
711 1899 880 1992 Ἐλλήνων
893 1900 1001 1988 τείχεά
1014 1926 1051 1970 τε

52 2004 104 2071 καὶ
119 2008 231 2088 ἔργων
244 1997 403 2082 ἀπόδεξιν
422 2003 672 2087 συλλογίσαιτο,
700 2001 880 2082 ἐλάσσονος
892 2001 1002 2072 πόνου
1015 2026 1052 2071 τε
1132 2064 1134 2067 .

51 2095 92 2169 ύν
107 2104 163 2171 καλ
177 2100 329 2187 δαπάνης
346 2105 467 2187 φανείη
482 2099 581 2168 ἐόντα
601 2105 663 2168 τού
682 2107 896 2189 λαβυρίνθου
910 2101 1050 2170 τούτου·

50 2206 153 2269 καίτοι
168 2196 344 2286 ἀξιόλογός
356 2223 397 2285 γε
416 2197 472 2267 καλ
491 2195 509 2265 δ
528 2199 566 2265 ἐν
582 2194 709 2290 Ἐφέσφ
725 2198 794 2268 ἐστὶ
812 2195 895 2286 νηός
910 2201 966 2268 καλ
980 2196 999 2268 ὁ
1014 2201 1052 2267 ἐν

51 2297 164 2392 Σάμφ.
207 2289 297 2386 ἦσαν
313 2296 377 2385 μέν
391 2323 457 2365 νυν
471 2299 527 2365 καλ
541 2300 578 2366 αί
589 2301 773 2387 πυραμίδες
793 2297 898 2386 λόγου
918 2297 1052 2387 μέζονες

51 2402 103 2469 καλ
117 2404 255 2468 τολλύν
276 2395 397 2486 ἐκάστη
415 2394 546 2467 αύτέαν
561 2394 765 2485 Ἑλληνικόν
786 2404 896 2488 ἔργον
913 2404 969 2470 καλ
990 2427 1047 2490 με·

52 2499 164 2583 γάλαν
179 2494 334 2584 ἀνταξίη,
356 2492 375 2566 ὁ
391 2498 428 2565 δὲ
443 2493 483 2585 δὴ
499 2497 707 2585 λαβύρινθος
721 2501 776 2568 καλ
789 2497 848 2580 τάς
862 2506 1051 2590 πυραμίδας

52 2594 264 2686 ὑπερβάλλει.
305 2603 368 2665 τοῦ
390 2594 456 2683 γάρ
483 2597 637 2666 δυόδεκα
657 2597 721 2685 μέν
743 2603 806 2667 είσι
827 2596 928 2670 αύλαλ
947 2600 1051 2670 κατά·

53 2715 170 2781 στεγοι,
189 2689 367 2762 άντίπυλοι
383 2691 562 2785 άλλήλησι,
585 2698 619 2775 ’ἐξ
633 2695 695 2783 μὲν
707 2691 792 2783 πρὸς
805 2695 945 2786 βορέην,
966 2702 999 2780 ἐξ
1014 2698 1052 2768 δέ

51 2789 130 2876 πρός
149 2789 255 2863 νότον
274 2791 510 2880 τετραμμέναι,
533 2790 704 2878 συνεχέες·
732 2806 838 2881 τοῖχος
863 2795 900 2863 δὲ
924 2799 1051 2877 ἔξωθεν

54 2887 156 2972 ύυτός
175 2910 282 2977 σφεας
317 2889 495 2979 περιέργει.
526 2890 689 2979 οἰκήματα
705 2888 737 2960 δ’
754 2897 861 2963 ἐνεστι
870 2894 1000 2985 διπλόα,
1009 2894 1051 2965 τά

7 3012 9 3017 ’
52 2989 110 3074 μὲν
132 2985 301 3074 ὑπόγαια,
333 2986 374 3056 τά
391 2991 427 3082 δέ
447 2986 670 3077 μετέοοραέπ’
691 2992 863 3078 ἐκείνοισι,
890 3001 1051 3081 τρισχίλια

50 3087 209 3183 ύριθμδν,
230 3098 463 3164 πεντακοσίων
475 3095 532 3164 καὶ
546 3097 664 3182 χιλίων
676 3090 828 3184 ἑκάτερα.
855 3091 896 3164 τά
909 3098 972 3186 μέν
985 3124 1051 3166 νυν

50 3198 193 3288 μετέωρα
213 3201 285 3266 τόν
306 3193 497 3285 οίκημάτυν
519 3192 619 3266 αύτοί
637 3222 673 3265 τε
700 3191 849 3287 αἱρέομεν
870 3198 1050 3281 διεξιόντες

51 3299 101 3368 καὶ
121 3297 218 3370 αύτολ
238 3298 449 3390 θηησάμενοι
471 3302 629 3390 λέγομεν,
650 3296 691 3368 τά
710 3300 748 3370 δέ
769 3296 1063 3386 αύτύυύπόγαια,

51 3400 171 3491 λύγοισι
195 3400 473 3493 ἐπυνθανόμεθα.
504 3408 540 3474 οί
556 3400 620 3493 γάρ
640 3404 839 3483 ἐπεστεῶτες
851 3406 921 3471 τόν
940 3406 1048 3486 Λίγυ-

51 3514 151 3579 ττίυν
165 3505 344 3582 δεικνύναι
358 3501 443 3580 αύτᾶ
457 3503 612 3601 ούδαμύς
625 3502 769 3598 ἤθελον,
784 3502 928 3665 φάμεςοι
942 3499 1051 3589 θήκας

128 3627 227 3673 κενου.
244 3610 266 3673 1.
866 3610 877 3670 λ
