2536 3934
47 9 217 119 F

332 250 422 309 ΗΒ.
453 253 474 345 ¹:
508 250 607 310 GAP.
640 254 763 315 5-10.
1026 250 1049 316 5

80 407 191 477 πασέων
203 414 391 495 καλλίστην.
424 405 507 477 ῶστε
521 411 558 478 δὲ
574 418 678 478 ταῦτα
693 418 851 501 νομίζων,
872 405 917 501 ήν
933 412 998 501 γάρ
1016 416 1050 480 οί

80 509 132 568 τῶν
144 507 351 593 αἰχμοφόρων
360 506 473 592 Γύγης
486 503 505 575 ὑ
516 507 700 581 Δασκύλου
714 507 935 598 ἀρεσκόμενος
948 511 1048 597 μείλι-Ι

78 621 139 687 στα,
151 606 251 697 τούτφ
266 614 313 696 τῷ
323 605 419 694 Γύγη
430 609 484 673 καί
493 605 534 673 τά
547 609 807 695 σπουδαιέστερα
816 615 884 677 τῶν
894 608 1049 698 πρηγμά-

78 724 130 766 των
146 700 354 789 ὑπερετίθετο
379 700 396 770 ὁ
413 705 614 789 Κανδαύλης
634 707 689 773 καὶ
710 702 821 791 δήκαὶ
839 706 877 773 τδ
893 706 979 784 είδος
991 712 1049 791 τῆς

77 798 213 883 γυναικὸς
227 799 487 888 ὑπερεπαινέων.
510 802 635 889 χρόνον
650 803 687 870 δὲ
700 800 743 870 οὐ
753 809 880 871 πολλοῦ
892 804 1049 872 διελθόν-

77 922 118 974 τος
137 906 226 985 ·χρήν
247 898 313 987 γάρ
329 900 513 987 Κανδαύλῃ
528 902 687 985 γενέσθαι
707 907 829 979 κακῶς·
853 906 945 986 ἔλεγε
967 898 1049 988 πρὸς

77 992 128 1060 τὸν
135 997 246 1084 Γύγην
260 997 392 1065 τοιοίδε·
417 998 530 1083 Γύγη,
552 995 595 1064 οὑ
616 998 682 1085 γάρ
700 1016 737 1065 σε
752 1002 856 1067 δοκέω
870 995 1053 1070 πείθεσθαί

77 1116 119 1174 μοι
131 1098 254 1179 λέγοντι
268 1097 346 1183 περὶ
358 1103 420 1164 τοῦ
436 1100 540 1173 εἰδεος
553 1102 611 1182 τῆς
624 1094 785 1182 γυναικός
801 1091 882 1167 εἶτα
892 1097 958 1188 γάρ
968 1126 1050 1186 τυγ-

78 1191 149 1275 χάνει
160 1192 373 1282 ἀνθρώποισι
387 1195 487 1263 ἐόντα
501 1192 701 1283 ἀπιστότερα
716 1193 919 1284 ὀφθαλμῶν
959 1206 1050 1265 ποίεε

78 1286 143 1368 ὅκως
152 1294 281 1379 ἐκείνην
294 1294 439 1381 θηήσεαι
449 1294 593 1380 γυμνήν.
607 1291 643 1360 ‘0
655 1294 692 1361 δδ
702 1298 785 1380 μέγα
796 1293 953 1383 ἀμβώσας
964 1294 1049 1363 εἷπε·

77 1395 222 1481 Δέσποτα,
237 1402 315 1463 τίνα
329 1397 435 1481 λέγεις
449 1395 554 1480 λόγον
569 1391 632 1461 ούκ
646 1392 759 1480 ὑγιέα,
776 1397 926 1464 κελεύων
941 1422 982 1481 με
996 1397 1052 1463 δέ·

77 1510 195 1560 σκοιναν
210 1491 273 1580 τήν
288 1491 372 1580 ἐμήν
385 1494 584 1581 θηήσασθαι
604 1493 756 1579 γυμνήν,
780 1493 849 1579 ἀμα
870 1495 907 1562 δὲ
928 1499 1051 1561 κιθῶνι

77 1590 241 1684 ἐκδυομένῳ
263 1594 485 1662 συνεκδύεται
504 1595 559 1660 καὶ
581 1590 644 1678 τήν
665 1596 747 1659 αίδῶ
768 1591 866 1679 γυνή.
895 1591 998 1659 πύλαι
1015 1590 1052 1658 δὲ

77 1684 106 1753 τὰ
117 1689 192 1758 καλά
207 1690 422 1780 ἀνθρώποισι
436 1691 625 1779 ἐξεύρηται,
646 1691 683 1756 ἐκ
698 1695 767 1756 τῶν
780 1688 971 1775 μανθάνειν
986 1691 1050 1755 δεῖ·

78 1787 189 1857 ίντοῑσι
210 1795 248 1858 ἓν
260 1790 341 1859 τόδε
355 1793 427 1859 ἐστί
429 1840 440 1876 ,
456 1794 611 1857 σκοπέειν
623 1786 698 1855 τινά
713 1784 753 1855 τά
770 1791 905 1855 ἑωυτοῦ.
935 1782 1001 1872 ἐγώ
1016 1786 1052 1851 δὲ

37 1964 38 1971 χ
78 1896 211 1977 πείθομαι
223 1894 358 1977 έκείνην
370 1889 453 1959 εἶναι
465 1893 599 1959 πασέων
608 1894 780 1975 γυναικῶν
793 1892 982 1973 καλλίστην,
997 1891 1056 1953 καί

78 2008 119 2056 σεο
135 1996 245 2077 δέομαι
264 1989 312 2078 μή
333 1994 468 2060 δέεσθαι
488 1988 633 2077 ἀνόμων.
659 1986 696 2054 ‘O
716 1988 778 2072 μέν
798 1984 838 2072 δή
856 1988 963 2072 λέγων
978 1996 1076 2052 τοι-9

38 2086 40 2149 ὲ
80 2090 142 2153 αῦτα
154 2086 357 2177 ἀπεμάχετο,
373 2088 551 2177 ἀρρωδέων
589 2085 635 2173 μή
650 2090 684 2151 τί
695 2088 729 2150 οί
744 2086 777 2163 ἐξ
793 2080 904 2151 αὑτῶν
916 2086 1052 2167 γένηται

80 2187 169 2256 κακόν.
204 2187 222 2256 ὑ
245 2192 283 2259 δὲ
305 2187 456 2276 ἀμείβετο
470 2191 610 2255 τοισίδε·
633 2182 775 2269 Θάρσεε,
798 2180 909 2266 Γύγη,
931 2175 1050 2263 καὶμὴ

79 2285 160 2368 φοβέο
169 2287 259 2372 μήτε
275 2287 349 2372 ἐμὲ,
373 2285 417 2365 ῶς
434 2307 489 2354 σεο
503 2280 713 2373 πειρεόμενος
725 2288 810 2367 λέγω
824 2280 928 2367 λόγον
941 2280 1050 2364 τόνδε,

79 2381 141 2465 μήτε
153 2401 295 2469 γυναῖκα
311 2384 374 2473 τήν
387 2389 481 2474 ἐμήν,
496 2388 541 2472 μή
555 2390 590 2452 τί
600 2407 652 2450 τοι
667 2385 699 2461 ἐξ
711 2378 812 2466 αὑτῆς
822 2384 955 2466 γένηται
967 2378 1051 2465 βλά-

79 2484 136 2561 flog-
160 2482 264 2572 ἀρχήν
292 2484 358 2573 γὰρ
384 2483 449 2572 ἐγώ
474 2483 705 2573 μηχανήσομαι
731 2477 836 2565 οὑτω,
864 2477 948 2546 ῶστε
968 2479 1051 2563 μηδὲ

79 2585 178 2655 μαθεῖν
191 2608 250 2668 μιν
266 2579 435 2667 ὀφθεῖσαν
449 2580 515 2650 ὑπδ
532 2587 603 2649 σεῦ.
621 2576 685 2664 έγῶ
703 2577 768 2664 γάρ
778 2596 815 2645 σε
827 2579 859 2655 ές
869 2573 906 2644 τό
919 2585 1050 2661 οίκημα,

80 2674 106 2738 έν
114 2683 151 2766 τῷ
159 2678 500 2769 κοιμεόμεθα,ὑπισθε
511 2686 568 2765 της
579 2675 914 2763 ἀνοιγομένηςθύρης
924 2674 1050 2762 στήσω·

80 2771 141 2851 μετὰ
162 2774 192 2842 δ’
214 2779 272 2862 ἐμὲ
296 2778 477 2846 ἐσελθόντα
498 2780 658 2864 παρέσται
679 2771 774 2862 καλή
795 2770 917 2863 γυνήή
938 2770 998 2860 έμή
1019 2775 1052 2850 ές

80 2883 177 2941 κοῖτον.
199 2879 312 2946 κέεται
326 2878 363 2942 δὲ
377 2873 480 2962 ἀγχοῦ
497 2883 554 2961 τῆς
568 2874 688 2943 ἐσόδου
704 2873 847 2962 θρόνος·
866 2875 919 2941 ἐπὶ
930 2878 1051 2939 τούτου

79 2973 273 3056 τῶνίματίων
283 2975 360 3042 κατ’
382 2972 774 3042 δνέλιαστονέκδύνονσα
784 2971 884 3059 θήσει
915 2972 971 3037 καὶ
981 2965 1048 3037 κατ’

80 3056 197 3155 λθνχίηυ
212 3068 341 3158 πολλὴν
355 3075 489 3160 παρέξει
501 3098 552 3140 τοι
566 3071 771 3158 θηήσασθαι.
805 3068 906 3137 έπεάν
927 3070 963 3136 δὲ
983 3066 1049 3136 ἀπὸ

81 3169 126 3228 τοῦ
138 3168 265 3255 θρόνου
280 3177 393 3258 στείχη
407 3172 459 3238 ἐπὶ
473 3169 535 3258 τήν
550 3167 654 3256 εύνήν
679 3164 762 3237 κατὰ
777 3167 888 3236 νώτου
901 3192 937 3233 τε
949 3163 1052 3251 αὐτῆς

82 3261 159 3351 λένῃ,
173 3270 223 3335 σοί
239 3271 363 3355 μελέτω
376 3266 414 3336 τὸ
431 3271 590 3337 ἐνθεῦτεν
617 3266 703 3346 όκως
716 3266 762 3353 μή
776 3286 813 3334 σε
828 3264 942 3347 όφεται
956 3261 1050 3330 ίόντα

83 3356 123 3425 διὰ
135 3369 272 3452 θυρέων.
303 3365 340 3434 Ὁ
363 3365 486 3453 μὲνδὴ
517 3372 561 3448 ὡς
594 3363 657 3434 οὑκ
679 3362 826 3453 ήδύνατο
861 3365 1051 3443 διαφυγεῖν,
1067 3370 1099 3420 ιο

83 3448 255 3553 ἀνέτοῖμος·
271 3466 290 3537 ὑ
303 3470 339 3536 δὲ
352 3469 562 3558 Κανδαύλης,
578 3469 648 3536 ἐπεὶ
659 3465 772 3535 ἐδόκεε
785 3458 855 3547 ῶρη
868 3465 925 3543 τῆς
941 3460 1052 3535 κοίτης
