2562 3926
225 242 287 309 σεο
597 246 851 305 menon
943 321 946 327 1

220 402 442 494 μνημόσυνον
467 407 600 492 ἑωυτῆς.
636 411 695 491 τῆς
718 396 769 472 όν
795 404 934 493 δεκάτης
954 414 1023 477 τόν
1047 405 1225 497 χρημάτων

222 505 430 591 ποιησαμένη
462 500 603 592 ὀβελούς
630 503 826 593 βουπόρους
860 503 1007 587 πολλούς
1037 508 1225 596 σιδηρέους,

222 600 305 670 ὅσον
320 603 479 690 ἐνεχώρεε
497 600 518 689 ἡ
535 601 655 690 δεκάτη
672 607 720 690 οί,
745 599 917 690 ἀπέπεμπε
939 606 972 685 ἐς
991 604 1166 692 Δελφούς·
1193 610 1227 671 οἳ

221 704 278 771 καὶ
296 709 363 771 νύν
384 707 431 771 ἔτι
452 703 670 769 συννενέαται
692 698 814 770 ὄπισθε
837 706 900 788 μὲν
920 710 981 770 τοῦ
1002 708 1137 791 βωμοῦ,
1163 697 1225 770 τόν

221 812 298 874 Χῖοι
313 801 499 888 ἀνέθεσαν,
528 794 647 871 ἀντίόν
667 804 703 871 δὲ
725 799 831 871 αύτοῦ
846 810 906 871 τοῦ
927 799 1022 890 νηού.
1070 806 1224 891 φιλέουσι

220 904 260 972 δέ
272 928 337 981 κως
360 904 398 970 ἐν
411 907 452 989 τῇ
465 900 643 987 Ναυκράτι
665 901 882 988 ἐπαφρόδιτοι
903 907 1059 988 γίνεσθαι
1080 904 1117 970 αλ
1135 902 1227 970 έταλ-

220 1024 292 1089 ραι·
320 1006 420 1068 τούτο
441 998 503 1086 μέν
523 998 588 1086 γάρ
602 998 705 1087 αύτη,
735 1005 792 1084 τῆς
811 1002 888 1087 πέρι
905 1002 1033 1086 λέγεται
1051 996 1108 1068 όδε
1128 996 1223 1070 ὁλό-

217 1127 294 1186 γος,
326 1098 414 1166 οὕτω
428 1097 483 1185 δη
508 1124 539 1166 τι
563 1093 676 1183 κλεινὴ
708 1096 853 1182 ἐγένετο,
886 1092 931 1174 τός
956 1092 1012 1161 καὶ
1044 1091 1165 1172 πάντες
1191 1095 1228 1161 οέ

209 1195 562 1287 Ἕλληνες-Ῥοδώπιος
578 1192 728 1285 τοῦνομα
746 1197 927 1284 ἐξέμαθον,
952 1197 1050 1263 τοῦτο
1068 1191 1105 1261 δέ
1122 1191 1224 1263 ἀστε-

219 1324 281 1384 ρον
299 1296 423 1382 ταύτης
442 1302 482 1385 τῇ
503 1292 633 1382 οὕνομα
654 1289 701 1383 ἦν
718 1292 884 1382 Ἀρχιδίκη
899 1291 1049 1382 ἀοίδιμος
1071 1291 1136 1363 ἀνά
1157 1293 1222 1383 τὴν

212 1395 353 1465 Ἑλλάδα
369 1396 517 1481 ἐγένετο,
546 1396 645 1462 ἕσσον
660 1396 696 1463 δέ
717 1401 775 1482 τῆς
792 1397 903 1480 ἑτέρης
916 1393 1218 1482 περιλεσχήνευτος.

218 1494 371 1579 Χάραξος
385 1491 421 1561 δὲ
435 1489 482 1571 ’ὡς
497 1492 684 1577 λυσάμενος
700 1488 861 1559 Ῥοδῶπιν
872 1488 1077 1577 ἀπενόστησε
1092 1493 1125 1570 ἐς
1140 1498 1220 1558 Μν-

218 1590 374 1678 τιληνην,
407 1592 444 1659 ἐν
463 1592 556 1675 μέλει·
573 1587 707 1676 Σαπφύ
730 1587 837 1659 πολλοὶ
862 1590 1127 1679 κατεκερτόμησέ
1150 1615 1218 1678 μιν.

212 1688 390 1768 Ῥοδώπιος
406 1689 469 1775 μέν
482 1714 548 1756 νυν
562 1688 639 1777 πέρι
653 1688 833 1775 πέπαυμαι.

153 1808 201 1864 136
300 1786 397 1859 Μετά
420 1792 457 1858 δὲ
478 1796 677 1877 Μυκερίνου
696 1790 857 1875 γενέσθαι
877 1785 1053 1873 Αἰγύπτου
1080 1790 1218 1872 βασιλέα
1248 1824 1251 1825 ⁷

216 1897 331 1978 έλεγον
345 1891 380 1956 ολ
391 1889 477 1973 λρέες
489 1886 676 1974 Ἄσυχιν,
701 1884 762 1955 τόν
776 1883 817 1953 τὰ
832 1882 916 1973 πρὸς
932 1882 1027 1973 ἥλιον
1042 1881 1220 1971 ἀνίσχοντα
1271 1904 1272 1945 ι

215 1997 352 2079 ποιησαι
366 1993 413 2079 τῷ
427 1984 597 2077 Ἡφαίστῳ
612 1982 823 2073 προπύλαια,
845 1983 944 2052 έόντα
958 1991 1071 2073 πολλῷ
1085 2007 1120 2050 τε
1135 1980 1220 2051 κάλ-

217 2101 311 2161 λιστα
332 2088 388 2156 καὶ
406 2091 519 2176 πολλῷ
540 2086 687 2172 μέγιστα.
727 2089 792 2169 ἔχει
812 2080 875 2169 μέν
896 2080 961 2172 γάρ
981 2086 1037 2152 καλ
1052 2081 1093 2152 τά
1109 2084 1218 2152 πάντα
1270 2078 1271 2107 ³

216 2174 556 2276 προπύλαιατύπους
578 2207 614 2252 τε
635 2182 924 2269 ἐγγεγλυμμένους
943 2184 998 2250 καί
1018 2180 1124 2269 ἀλλην
1138 2179 1220 2265 ὅφιν
1270 2206 1271 2239 1

218 2285 492 2372 οἰκοδομημάτων
512 2289 655 2370 μυρίην,
683 2283 794 2350 ἐκεῖνα
809 2281 845 2348 δέ
865 2282 922 2348 καλ
935 2287 1051 2373 μακρῷ
1065 2280 1217 2370 μάλιστα.

216 2387 268 2454 έπλ
281 2383 409 2452 τούτου
423 2381 661 2471 βασιλεύοντος
676 2386 791 2466 ἔλεγον
805 2375 936 2465 ἀμιξίης
946 2380 1075 2467 ἐούσης
1095 2387 1220 2467 πολλῆς

215 2480 396 2570 χρημάτων,
412 2484 572 2567 γενέσθαι
592 2479 702 2567 νόμον
722 2485 949 2567 Αίγυπτίοισι,
963 2476 1219 2551 ,ἀποδεικνύντα

215 2581 374 2667 ἐνέχυρον
400 2584 462 2647 τοῦ
486 2575 612 2668 πατρός
635 2575 697 2647 τόν
719 2580 825 2646 νέκυν
849 2575 1151 2668 ούτυλαμβάνειν
1180 2578 1219 2653 τὸ

214 2681 322 2767 χρέος·
346 2685 574 2766 προστεθῆναι
596 2677 632 2747 δέ
652 2683 701 2747 ἔτι
714 2677 823 2771 τούτῳ
843 2684 889 2769 τῷ
909 2677 1004 2770 νόμφ
1019 2677 1135 2764 τόνδε,
1157 2677 1237 2767 τόν

215 2775 351 2845 διδόντα
370 2774 406 2845 τό
428 2782 524 2864 χρέος
545 2779 600 2848 καί
622 2776 753 2865 ἀπάσης
767 2780 920 2864 κρατέειν
938 2784 997 2868 τῆς
1010 2786 1072 2849 τοῦ
1086 2780 1221 2869 λαμβά-

214 2899 332 2955 νοντος
354 2874 483 2964 θήκης,
512 2883 559 2965 τῷ
585 2876 622 2945 δὲ
645 2875 844 2947 ὑποτιθέντι
870 2881 970 2946 τούτο
994 2876 1031 2948 τό
1057 2881 1216 2969 ἐνέχυρον

211 2975 312 3064 τήνδε
345 2980 473 3049 έπείναι
504 2984 621 3067 ζημίην
653 2978 699 3067 μὴ
730 2979 924 3071 βουλομένῳ
957 2977 1145 3050 ἀποδοῦναι
1176 2981 1216 3052 τό
1267 3022 1268 3059 ;

212 3077 326 3168 χρέος,
351 3077 428 3168 μήτ’
456 3076 548 3172 αύτῷ
573 3078 805 3166 τελευτήσαντι
831 3077 916 3148 εἶναι
941 3085 1047 3168 ταφῆς
1073 3086 1219 3170 κυρῆσαι
1267 3078 1268 3119 ⁴

211 3172 287 3267 μήτ’
312 3176 351 3244 ἐν
366 3175 483 3266 ἐκείνῳ
497 3184 543 3268 τῷ
558 3184 714 3271 πατρωίφ
728 3177 824 3270 τάφφ
835 3175 914 3266 μήτ’
929 3180 968 3247 έν
982 3178 1072 3272 ἀλλην
1084 3183 1216 3268 μηδενὶ,
1266 3268 1267 3273 ¹

211 3271 287 3366 μη’τ’
310 3271 413 3343 ἀλλον
433 3277 561 3361 μηδένα
581 3285 650 3347 τῶν
667 3280 795 3346 ἑαυτοῦ
812 3274 1067 3366 ἀπογενόμενον
1086 3282 1215 3364 θάψαι·
1266 3296 1267 3371 ᾗ

210 3375 460 3464 ὑπερβαλέσθαι
482 3375 518 3444 δέ
537 3376 749 3465 βουλόμενον
768 3383 891 3446 τοῦτον
906 3375 967 3447 τόν
982 3382 1120 3467 βασιλέα
1134 3377 1217 3460 τούς
1266 3380 1267 3411 ¹

210 3472 376 3563 πρότερον
391 3474 518 3543 ἑαυτοῦ
537 3479 694 3564 βασιλέας
713 3478 919 3565 γενομένους
937 3476 1113 3565 Αἰγύπτου
1126 3504 1216 3569 μνη·
1265 3502 1266 3569 ι
