2562 3926
365 223 452 283 LIB.
484 225 528 281 ΙΙΙ.
562 224 660 282 ΟΑΡ.
694 230 800 286 5—9.
1018 224 1080 292 215

72 400 301 489 βουλομένων
315 398 356 469 τά
382 399 480 470 πιστά
503 401 675 473 ποιέεσθαι
698 383 802 484 ἄλλος·
818 400 906 493 άνηρ
929 402 1076 494 άμφοτέ·

74 528 145 591 ρων
171 498 288 570 αὐτῶν
314 503 350 570 ἐν
378 503 469 595 μέσῳ
497 501 618 583 ἕστεύς
646 509 732 595 λίθῳ
759 501 830 586 ὀξέι
856 504 894 574 τὰ
921 510 988 574 έσω
1009 511 1078 575 τάν

72 606 195 691 χειρῶν
213 599 302 690 παρά
320 601 399 685 τούς
422 603 610 684 δακτύλους
627 603 707 691 τούς
727 604 894 692 μεγάλους
913 605 1079 696 ἐπιτάμνει

73 703 129 771 καὶ
153 708 282 773 ἔπειτεν
305 703 419 791 λαβύν
442 706 478 772 ἐκ
500 710 561 773 τοῦ
585 709 717 792 λματίου
744 706 901 795 ἑκατέρου
931 707 1080 797 κροκύδα

74 800 205 891 άλείφει
229 808 278 896 τῷ
305 809 416 894 αἵματι
447 804 600 897 ἐνμέσῳ
631 807 804 894 κειμένους
837 813 959 887 λίθους
991 804 1081 890 ἑπτά,
1175 858 1182 877 ι

74 910 174 974 τούτο
192 903 244 983 ,δέ
261 908 382 974 ποιέων
414 909 576 1003 ἐπικαλέει
597 904 657 987 τόν
679 932 714 975 τε
738 905 909 979 Διόνυσον
937 907 994 977 καλ
1020 906 1082 994 την
1122 916 1149 930 ’“

77 1003 263 1094 Οὐρανίην.
316 1009 563 1089 ἐπιτελέσαντος
597 1006 636 1076 δέ
669 1005 791 1076 τούτου
831 1012 937 1078 ταῦτα
970 1006 988 1077 ὁ
1023 1008 1082 1088 τάς

73 1113 181 1187 πίστις
195 1106 415 1196 ποιησάμενος
427 1122 513 1181 τοῖσι
525 1116 652 1196 φίλοισι
664 1111 890 1199 παρεγγυάτω
899 1106 959 1177 τόν
972 1111 1082 1191 ξεῖνον

72 1201 94 1295 ἢ
111 1207 169 1276 καὶ
186 1206 246 1276 τὸν
263 1205 386 1296 άστδυ,
409 1202 452 1297 ἢν
469 1208 554 1299 πρὸς
572 1207 675 1279 άστὸυ
692 1210 859 1297 ποιέηται,
884 1214 919 1279 οί
934 1208 972 1279 δέ
989 1216 1080 1298 φίλοι

73 1308 129 1376 καί
157 1305 255 1377 αύτολ
280 1307 338 1391 τάς
364 1316 474 1391 πίστις
500 1315 662 1381 δικαιεύσι
692 1311 858 1398 σέβεσθαι.
908 1308 1080 1385 Διόνυσον

73 1408 111 1477 δὲ
136 1414 232 1477 θεῶν
256 1415 384 1497 μοῦνον
416 1411 473 1480 καὶ
504 1409 566 1499 την
596 1407 771 1500 Οὐρανίην
802 1407 956 1499 ἡγέονται
982 1408 1079 1495 εἶναι,

72 1510 129 1577 καὶ
154 1514 223 1578 τῶν
245 1515 367 1600 τριχῶν
389 1510 453 1601 την
476 1509 606 1601 κουρὴν
628 1517 806 1601 κείρεσδαί
824 1532 908 1601 φασι
932 1511 1080 1601 κατάπερ

76 1606 181 1679 αύτόν
204 1605 266 1676 τὸν
279 1608 453 1677 Διόνυσον
474 1608 656 1695 κεκάρθαι·
678 1612 845 1695 κείρονται
867 1609 903 1676 δέ
920 1609 1076 1697 περιτρό-

74 1719 176 1799 χαλα,
196 1712 451 1795 περιξυρεύντες
470 1702 550 1785 τούς
569 1706 769 1794 κροτάφους.
798 1702 1021 1793 ούνομάζουσι
1039 1708 1076 1773 δέ

75 1806 135 1877 τὸν
156 1809 220 1895 μὲν
233 1803 407 1876 Διόνυσον
427 1802 580 1894 Ὀροτάλ,
601 1801 664 1892 τὴν
686 1809 723 1881 δέ
745 1802 919 1893 Οὐρανίην
934 1803 1074 1875 Ἀλιλάτ.

73 1906 162 1977 Ἐπεὶ
184 1897 233 1974 οἷν
256 1901 318 1993 την
338 1912 451 1974 πίστιν
472 1919 558 1973 τοῖσι
578 1901 745 1991 ἀγγέλοισι
768 1911 853 1977 ’τοῖσι
865 1902 965 1991 ’παρὰ
981 1908 1111 1992 Rau-9

77 2006 188 2079 δύσεο
210 1999 421 2090 άπιγμένοισι
448 2002 624 2091 ἐποιήσατο
652 1999 859 2092 δἈράβιος,
893 2005 1076 2090 ἐμηχανᾶτο

77 2104 204 2172 τοιάδε·
227 2099 351 2183 ἀσκούς
364 2103 523 2190 καμήλων
534 2103 661 2191 πλήσας
672 2100 793 2181 ύδατος
807 2101 942 2182 ἐπέσαξε
956 2101 1008 2169 ἐπὶ
1018 2098 1078 2177 τάς

76 2201 160 2285 ζωᾶς
181 2207 250 2270 τῶν
270 2200 430 2291 καμήλων
448 2204 572 2284 πάσας,
593 2208 693 2269 τοῦτο
713 2201 749 2269 δὲ
765 2198 908 2291 ποιήσας
921 2194 1024 2287 ἤλασε
1044 2198 1077 2275 ἐς

74 2297 137 2388 την
147 2297 299 2387 άνυδρον
310 2301 364 2369 καί
378 2297 524 2387 ὑπέμενε
539 2301 688 2369 ἐνθαῦτα
699 2296 759 2369 τὸυ
769 2298 958 2388 Καμβύσεω
974 2318 1076 2384 στρα-

75 2400 144 2468 τύν.
169 2391 267 2479 οὗτος
283 2400 345 2487 μὲν
365 2395 631 2487 ὁπιθανύτερος
647 2406 715 2468 τῶν
730 2399 842 2486 λόγων
862 2406 1004 2487 είρηται,
1025 2399 1078 2462 δεῖ

75 2500 113 2569 δέ
127 2496 258 2568 καὶτὸν
272 2500 372 2568 ἕσσον
388 2495 556 2583 πιθανὸν,
571 2500 645 2566 ἐπεί
655 2524 693 2584 γε
707 2495 748 2584 δὴ
764 2502 902 2586 λέγεται,
916 2498 1072 2583 βηδηναι.

74 2596 224 2687 ποταμός
243 2600 310 2668 ἐστι
331 2600 432 2686 μέγας
449 2600 487 2667 ἐν
505 2605 546 2688 τῇ
562 2594 714 2687 Ἀραβίη,
736 2605 781 2690 τῷ
798 2596 928 2683 οὔνομα
948 2595 1072 2681 Κόρυς,

75 2699 204 2765 ἐκδιδοῖ
216 2695 251 2764 δέ
263 2689 360 2776 οὗτος
371 2699 404 2777 ἐς
414 2695 475 2785 την
487 2694 655 2784 Ἐρυδρην
669 2699 874 2782 καλεομένην
886 2693 1071 2764 θάλασσαν.

74 2791 140 2863 άπὸ
156 2793 280 2862 τούτου
290 2790 330 2882 δὴ
347 2787 396 2862 άυ
408 2801 469 2863 τοῦ
483 2800 635 2882 ποταμοῦ
649 2797 776 2880 λέγεται
787 2790 850 2861 ’τὰν
860 2795 996 2879 βασιλέα
1007 2798 1074 2858 τῶν

71 2886 244 2979 Ἀραβίων
250 2891 446 2981 ῥαψάμενον
460 2898 528 2960 τάν
543 2888 721 2978 ὠμοβοέων
731 2891 786 2958 καί
796 2895 864 2957 τῶν
874 2885 985 2957 άλλων
996 2891 1074 2975 δερ-

72 2990 191 3079 μάτων
205 2984 322 3077 ὀχετὸν
335 2990 437 3078 μηκεί
446 2991 681 3076 ἐξικνεύμενον
692 2992 724 3069 ἐς
734 2987 796 3076 την
807 2986 972 3076 άνυδρον,
989 2985 1074 3074 άγα-

71 3101 147 3175 γετν
160 3082 216 3154 διά
233 3082 273 3174 δὴ
291 3087 415 3156 τούτου
428 3083 466 3156 τὸ
482 3084 592 3173 ὕδωρ,
615 3089 652 3155 ἐν
673 3085 709 3154 δέ
723 3093 763 3177 τῇ
777 3083 913 3178 άυύδρρ)
929 3087 1075 3174 μεγάλας

73 3182 254 3273 δεξαμενάς
275 3182 480 3273 ὀρύξασθαι,
500 3187 558 3254 ἵνα
575 3183 750 3272 δεκόμεναι
770 3182 808 3254 τά
824 3183 916 3271 ὕδωρ
934 3184 1070 3267 σύζωσι.

72 3279 150 3366 ὁδὸς
165 3283 198 3353 δ’
213 3286 282 3356 έστλ
295 3284 451 3355 δυάδεκα
465 3280 617 3372 ἡμερέων
630 3280 696 3357 άπὸ
711 3290 772 3354 τού
782 3288 934 3370 ποταμοῦ
947 3281 981 3357 ἐς
990 3279 1074 3344 ταύ·

71 3411 133 3475 την
155 3383 216 3477 την
238 3380 405 3478 άνυδρον.
440 3377 536 3477 άγειν
562 3384 603 3453 δέ
622 3411 679 3476 μιν
701 3382 756 3454 διά
779 3381 904 3477 ὀχετύν
929 3383 963 3462 ές
985 3379 1075 3471 τριξά

64 3492 176 3579 χωρία.
