2618 3928
339 242 425 298 LIB.
457 243 517 299 VII.
551 241 651 301 cAP.
684 246 825 303 ’λλ-81.
1024 237 1086 304 157

17 450 18 453 =
79 402 163 474 κατά
175 400 237 491 τὴν
248 407 398 472 Κιλίκων
406 400 502 480 τάξιν
513 397 646 481 διεξιών
658 403 817 488 γένωμαι,
831 399 906 471 τότε
920 402 1084 486 σημανέω.
1098 422 1103 433 ’

8 504 10 561 λ
79 503 212 572 Μιλύαι
226 500 262 570 δὲ
273 500 391 587 αἰχμάς
402 523 438 567 τε
448 503 589 586 βραχέας
604 496 693 585 εἶχον
706 500 762 567 καί
773 501 890 585 εἵματα
903 502 1087 584 ἐνεπεπορ-

79 601 196 669 πέατο·
220 596 309 685 εἶχον
326 599 363 666 δέ
377 595 490 666 αὐτόν
504 595 584 677 τόξα
597 598 800 683 μετεξέτεροι
812 596 942 683 Λύκια,
958 598 1035 684 περὶ
1050 594 1086 664 δέ

78 705 153 787 τῇσι
166 703 331 785 κεφαλῇσι
346 697 384 763 έκ
398 698 591 782 διφθερέων
606 698 829 780 πεποιημένας
843 698 975 774 κυνέας.
1004 693 1086 762 τού-

79 821 147 864 των
161 793 300 865 πάντων
319 785 400 882 ἦρχε
412 793 545 881 Βάδρης
559 790 772 872 ὁῪστάυεος.
810 793 945 880 Μόσχοι
958 793 995 862 δὲ
1010 790 1087 879 περὶ
1099 807 1135 863 78

8 888 10 905 ²
80 896 142 982 μέν
155 899 232 984 τῇσι
245 899 409 983 κεφαλῇσι
423 894 546 973 κυνέας
560 895 695 974 ξυλίνας
709 891 809 980 εἶχεν,
826 891 967 972 άσπίδας
980 892 1018 961 δέ
1031 894 1087 961 καὶ

78 989 198 1081 αἰχμάς
211 988 368 1079 σμικράς,
386 990 503 1079 λόγχαι
517 993 554 1060 δέ
569 995 697 1079 ἐπῇσαν
716 992 867 1080 μεγάλαι.
905 994 1087 1079 Τιβαρηνοὶ

79 1096 116 1162 δέ
142 1093 199 1160 καὶ
217 1088 408 1178 Μάκρωνες
436 1091 493 1158 καί
515 1090 729 1160 Μοσύνοικοι
759 1091 844 1160 κατά
867 1114 929 1175 περ
951 1090 1087 1177 Μόσχοι

78 1190 316 1277 ἐσκευασμένοι
332 1188 580 1277 ἐστρατεύοντο.
602 1191 744 1269 τούτους
756 1190 793 1257 δέ
805 1189 1013 1258 συνέτασσον
1023 1186 1087 1276 άρ-

79 1314 193 1376 χοντες
205 1290 286 1373 οἵδε,
300 1288 460 1375 Μόσχους
473 1287 535 1374 μὲν
547 1291 603 1357 καί
612 1285 824 1378 Τιβαρηνούς
836 1285 1054 1376 Ἀριόμαρδος
1067 1284 1084 1353 ὁ

79 1395 229 1471 Δαρείου
241 1413 277 1456 τε
289 1401 366 1467 παῖς
380 1389 436 1458 καὶ
449 1388 612 1477 Πάρμυος
631 1397 689 1477 τῇς
698 1391 865 1477 Σμέρδιος
878 1394 940 1457 τοῦ
953 1388 1084 1475 Κύρου,

79 1486 275 1574 Μάκρωνας
285 1485 321 1557 δέ
332 1484 1083 1577 καὶΜοσυνοίκουςἎρταόκτηςὸΧοράσμιος,
1130 1530 1133 1535 »

79 1581 257 1673 δςΣηστδν
267 1581 330 1673 τῇν
340 1582 617 1679 ένἘλλησπόντμ
628 1584 838 1675 ἐπετρόπευε.
856 1593 974 1673 Μᾶρες
986 1584 1022 1654 δέ
1033 1586 1085 1653 ἐπὶ
1099 1603 1133 1661 79

78 1685 141 1770 μέν
154 1691 228 1774 τῇσι
241 1692 405 1775 κεφαλῇσι
419 1686 546 1773 κράνεα
556 1685 716 1773 έπιχάρια
729 1682 854 1755 πλεκτά
870 1683 970 1772 εἶχεν,
985 1680 1086 1752 άσπό-

8 1858 9 1875 2
80 1788 140 1863 δας
154 1783 190 1852 δέ
206 1788 405 1871 δερματίνας
419 1784 560 1875 σμικράς
575 1788 631 1856 καί
647 1783 795 1855 άιιόντια.
819 1786 944 1872 Κόλχοι
958 1789 995 1854 δέ
1010 1785 1086 1871 περὶ

8 1908 12 1986 ⁵„
79 1884 141 1952 μέν
151 1889 226 1970 τῇσι
237 1891 401 1972 κεφαλῇσι
410 1885 537 1973 κράνεα
548 1886 683 1972 ξύλινα,
697 1882 839 1964 άσπίδας
848 1887 887 1974 δέ
898 1881 1085 1971 ὠμοβοΐνας

9 2000 11 2069 J
79 1977 222 2067 σμικράς
235 1980 353 2068 αἰχμάς
367 2008 403 2051 τε
416 1988 573 2072 βραχέας,
588 1981 673 2071 πρός
687 1984 725 2051 δέ
740 1985 795 2052 καί
808 1988 970 2071 μαχαίρας
985 1979 1082 2070 εἶχον.

9 2096 10 2179 2
82 2083 215 2164 Μαρῶν
235 2080 273 2147 δέ
292 2083 348 2149 καί
368 2082 510 2170 Κόλχων
528 2076 610 2171 ἦρχε
626 2083 847 2171 Φαρανδάτης
868 2079 887 2152 ὁ
910 2083 1082 2161 Τεάσπιος.

9 2192 10 2195 ’
79 2180 262 2269 Αλαρόδιοι
277 2181 313 2250 δὲ
327 2186 382 2253 καὶ
395 2185 583 2273 Σάσπειρες
599 2185 684 2254 κατά
698 2209 760 2273 περ
775 2185 900 2272 Κόλχοι
918 2182 1085 2270 ὡπλισμέ-

78 2305 134 2347 νοι
151 2280 397 2367 ἐστρατεύοντο.
425 2284 559 2353 τούτων
570 2284 614 2351 ,δέ
638 2288 822 2363 Μασίστιος
842 2281 1084 2371 ὁΣιρομίτρεω

10 2470 11 2473 ¹
76 2370 165 2466 ἦρχε.
190 2375 239 2446 Τά
253 2381 291 2448 δέ
300 2379 483 2470 νησιωτικά
494 2387 597 2452 έδυεα
608 2377 649 2451 τά
661 2383 698 2450 έκ
711 2389 769 2476 τῇς
779 2379 944 2471 Ἐρυθρῆς
952 2381 1084 2452 θαλάσ·
1096 2397 1133 2455 80

10 2532 11 2579 5
77 2497 137 2563 σης
152 2477 313 2566 ἑπόμενα,
335 2481 450 2569 νη’σων
464 2482 517 2570 δέ,
538 2483 577 2551 έν
589 2487 666 2571 τῇσι
680 2476 759 2560 τούς
774 2478 1009 2561 ἀνασπάστους
1022 2507 1084 2549 κα-

11 2628 16 2641 .
78 2574 259 2660 λεομένους
273 2586 448 2662 κατοικίζει
463 2579 636 2668 βασιλεύς,
652 2576 823 2666 άχχοτάτω
837 2585 906 2648 τῶν
916 2585 1083 2666 Μηδικῶν

11 2704 12 2741 ι
77 2669 167 2757 εἶχον
177 2673 303 2761 ἐσθῆτά
314 2701 350 2744 τε
359 2679 415 2746 καί
425 2675 521 2748 ὅπλα.
537 2678 668 2749 τούτων
679 2677 716 2748 δέ
724 2685 792 2748 τῶν
802 2682 993 2767 νησιωτέων
1002 2672 1083 2767 ἦρχε

78 2770 282 2859 Μαρδόντης
296 2769 314 2843 ὁ
330 2781 498 2863 Βαγαίου,
513 2772 551 2856 δς
565 2778 603 2845 έν
613 2777 764 2866 Μυκάλη
777 2778 988 2866 στρατημέων
1003 2782 1083 2846 δευ-

12 2908 13 2965 3
76 2870 161 2961 τέρμ
177 2875 244 2940 έτελ
256 2874 386 2957 τούτων
403 2875 594 2963 ἐτελεύτησε
608 2878 646 2946 έν
658 2884 698 2967 τῇ
712 2876 808 2967 μάχη.

164 2976 277 3039 Ταῦτα
289 2965 335 3060 ἦν
347 2971 389 3042 τά
405 2970 479 3044 κατ’
500 2972 641 3063 ἤπειρον
656 2975 905 3062 στρατευόμενά
925 3000 962 3043 τε
976 2981 1079 3044 έδυεα
1095 2989 1126 3045 81

12 3118 15 3139 τ
74 3070 129 3140 καὶ
140 3070 324 3157 τεταγμένα
335 3069 416 3152 έςτό
427 3073 536 3155 πεζόν.
555 3074 678 3143 τούτου
692 3066 741 3142 τόν
752 3080 813 3142 τοῦ
823 3079 967 3160 στρατοῦ
977 3065 1082 3160 ἦρχον

12 3182 13 3189 ’
75 3164 186 3260 οὗτοι,
201 3174 238 3240 οἵ
248 3195 311 3261 περ
327 3177 482 3261 εἰρέαται,
497 3177 598 3244 καλοί
609 3175 821 3255 διατάξαντες
831 3175 886 3242 καί
897 3170 1081 3258 ἐξαριθμή-

75 3289 192 3350 σαντες
205 3262 301 3341 ούτοι
314 3263 403 3358 ἦσαν
417 3274 473 3340 καὶ
490 3272 660 3360 χιλιάρχας
673 3298 709 3341 τε
725 3274 781 3342 καί
795 3271 981 3360 μυριάρχας
995 3266 1080 3337 άπο-

74 3369 243 3454 δέξαυτες,
268 3369 508 3458 ἑκατοντάρχας
525 3369 562 3439 δδ
582 3374 638 3441 καὶ
658 3369 820 3457 δεκάρχας
836 3375 870 3438 ολ
887 3368 1077 3487 μυριάρχαι.

75 3468 195 3534 τελέων
210 3465 247 3534 δέ
260 3470 316 3535 καί
331 3470 461 3537 έδυέων
473 3463 562 3555 η’σαν
572 3466 667 3539 άλλοι
681 3469 895 3557 σημάντορες.
916 3485 1005 3552 ησαυ
1017 3465 1080 3551 μέν
