2594 3936
340 255 424 311 LIB.
455 253 515 309 VII.
548 252 647 310 GAP.
679 255 822 312 81—89.
1028 251 1088 316 159

77 420 277 504 πολεμίοισι,
293 412 456 497 βάλλουσι
468 408 527 491 τάς
538 409 651 498 σειράς
664 411 718 478 ἐπ’
732 407 825 502 άκρῷ
836 411 979 500 βρόχους
991 417 1088 502 ἐχού·

77 537 157 600 σας,
173 511 251 581 ὅτευ
265 508 296 578 δ’
314 505 359 577 άν
372 509 466 596 τύχη,
481 507 525 595 ἤν
541 534 577 576 τε
590 511 697 576 ἵππου
710 506 754 595 ἦν
767 534 802 576 τε
816 506 1014 601 άυθραῖπου,
1031 513 1085 583 ,ἐπ’

78 608 207 683 ἑαυτὸν
223 611 328 695 ἵλκει,
347 613 381 676 oc
395 606 432 675 δέ
448 609 486 675 ἐυ
499 608 610 692 ἕρκεσι
624 608 914 695 ἐμπαλασσόμενοι
929 617 1089 699 διαφθεί-

78 734 206 795 ρονται.
221 706 352 774 τούτων
362 704 425 792 μὲν
436 702 520 791 αύτη
530 701 551 791 ἡ
563 705 662 792 μάχη,
673 707 730 773 καὶ
740 707 953 796 ἐπετετάχατο
964 714 998 790 ἐς
1008 709 1088 790 τούς

77 810 220 895 Πέρσας.
243 807 359 892 Μῆδοι
369 805 406 871 δὲ
416 802 479 889 τήν
493 826 555 887 περ
570 806 607 871 ἐν
617 809 663 893 τῷ
674 808 759 895 πεζῷ
774 803 864 892 εἶχον
878 805 1015 895 σκενὴν,
1031 811 1136 884 xatas

78 912 215 974 Κίσσιοι
229 899 396 981 ὡσαύτως.
415 899 513 969 Ἰνδοί
527 901 564 968 δέ
578 906 682 989 σκευῇ
696 904 759 987 μὲν
775 903 952 991 ἐσεσάχατο
967 912 1008 995 τῷ
1024 902 1089 973 αύ-

78 1010 120 1094 τῷ
134 1005 190 1073 καὶ
205 1005 241 1072 έν
255 1009 301 1095 τῷ
315 1008 416 1093 πεζῷ,
431 998 583 1088 ἤλαυνον
598 1000 634 1067 δὲ
645 1001 782 1087 κέλητας
797 1004 852 1070 καὶ
863 1000 1005 1090 ἅρματα,
1019 999 1087 1087 ὑπὸ

80 1103 118 1169 δέ
133 1115 218 1169 τοῖσι
230 1098 355 1188 άρμασι
370 1096 505 1184 ὑπῆσαν
520 1099 617 1164 ἵπποι
631 1098 687 1164 καὶ
697 1095 772 1165 ὄνοι
787 1096 907 1186 άχριοι.
927 1100 1088 1187 Βάκτριοι

81 1202 118 1269 δὲ
138 1199 340 1269 ἐσκευάδατο
363 1195 521 1277 ὡσαύτως
541 1199 597 1265 καί
617 1200 719 1288 ἐντῷ
739 1194 922 1289 πεζῷ,’καλ
940 1200 1089 1269 Κάσπιοι

81 1297 212 1386 ὁμοίως.
232 1301 355 1385 Λίβυες
370 1299 472 1366 δὲκαὶ
484 1293 579 1365 αύτοῖ
590 1295 674 1364 κατά
685 1320 748 1382 περ
761 1299 853 1388 ἐντῷ
864 1303 966 1389 πεζῷ·
980 1295 1088 1386 ἤλαυ-

84 1424 145 1465 νον
159 1397 196 1464 δέ
209 1397 265 1464 καὶ
276 1389 370 1465 οὗτοι
384 1396 506 1475 πάντες
517 1394 658 1483 άρματα.
683 1392 726 1474 εἵς
738 1392 769 1462 δ’
783 1393 891 1475 αύτυς
901 1396 1088 1484 Κάσπειροι

81 1500 137 1566 καὶ
146 1495 349 1579 Παρικάνιοι
365 1496 542 1582 ἐσεσάχατο
557 1493 679 1583 ὁμοίως
692 1499 748 1565 καὶ
764 1498 860 1588 ἐντῷ
875 1503 969 1590 πεζῷ.
988 1496 1089 1586 Ἆρά-

81 1602 150 1682 βιοι
160 1595 197 1662 δὲ
207 1591 334 1681 σκενὴυ
344 1595 406 1681 μέν
418 1593 507 1682 εἰχον
516 1591 579 1683 τὴν
590 1590 697 1681 αὐτὴν
708 1596 764 1665 καί
775 1598 812 1664 ἐν
822 1602 868 1687 τῷ
879 1602 975 1688 πεζῷ,
982 1595 1089 1685 ἥλαυ·

82 1720 145 1762 νου
161 1693 198 1765 δὲ
209 1693 331 1773 πάντες
345 1693 515 1781 καμήλους
529 1700 692 1781 ταχυτῆτα
704 1691 746 1761 ού
756 1697 954 1780 λειπομένας
964 1699 1087 1771 ἵππων.

85 1796 197 1859 Ταῦτα
214 1789 252 1858 τά
277 1797 380 1860 έθνεα
400 1798 511 1878 μούνα
531 1795 668 1880 ἵππευε,
690 1789 834 1881 άρυθμὸς
855 1794 891 1863 δέ
905 1800 963 1881 τῆς
979 1797 1086 1862 ἵππου
1102 1821 1136 1877 gy

82 1890 211 1973 ἐγένετο
227 1885 314 1957 ύκτά
325 1889 497 1978 μυριάδες,
514 1891 618 1978 πάρεξ
629 1897 697 1959 τῷν
708 1889 867 1978 καμήλων
881 1893 1015 1960 καὶτῶν
1026 1890 1089 1979 άρ·

5 2048 7 2063 ,
83 1988 206 2077 μάτων.
242 1990 364 2074 Οίμέν
377 2013 444 2057 νυν
460 1986 555 2057 άλλοι
570 1992 684 2069 ίππέες
698 1988 869 2076 ἐτετάχατο
883 1987 968 2058 κατά
982 1994 1087 2079 τέλεα,

5 2092 7 2137 ἒ
82 2084 276 2175 Ἆράβιοιδὲ
288 2090 417 2171 ἐσχατοι
429 2085 690 2173 ἐπετεταχατο
667 2114 724 2156 ατε
734 2113 800 2175 χαρ
810 2116 879 2159 τιον
888 2093 1002 2158 ιππων
1016 2091 1090 2160 ούτι

83 2185 295 2270 αυεχομενων
305 2208 365 2263 τας
375 2184 581 2272 καμηλους
557 2204 690 2273 υστεροι
702 2187 915 2277 ἐτετάχατο,
900 2217 957 2259 ινα
966 2218 1012 2278 μη
1023 2216 1089 2278 φο-

5 2298 7 2363 ξ
83 2284 191 2371 βεοιτο
202 2307 239 2349 το
252 2281 400 2351 ίππικύν.
415 2280 589 2372 ἵππαρχοι
600 2277 669 2352 δέ
645 2304 734 2373 ησαυ
744 2283 975 2378 Αρμαμίθρης
986 2317 1021 2358 τε
1034 2290 1090 2358 καί
1106 2303 1143 2360 88

86 2387 225 2460 Τίθαιος
246 2380 372 2461 Δάτιος
392 2387 515 2461 παῖδες.
549 2380 566 2450 6
591 2384 628 2450 δὲ
644 2389 752 2471 τρίτος
776 2406 837 2473 σφι
860 2396 1089 2476 συνίππαρχος

5 2556 6 2563 χ
84 2479 281 2565 Φαρνουχης
291 2485 519 2550 κατελέλειπτο
532 2481 721 2570 ἐνΣαρδισι
732 2486 911 2554 νοσέων
889 2513 934 2569 ως
944 2515 1009 2577 χαρ
1022 2487 1090 2578 ὡρ-

85 2576 202 2663 μέοντο
218 2578 255 2644 ἐκ
269 2583 379 2665 Σαρδί
380 2605 444 2666 ων,
460 2582 515 2648 ἐπί
526 2579 706 2669 συμφορὴν
721 2585 856 2652 ἐνέπεσε
871 2582 1086 2673 ἀνεθέλητον.

5 2670 7 2689 ³
86 2673 261 2744 ἐλαύνοντι
280 2676 347 2800 γάρ
365 2676 433 2747 oc‘
416 2678 482 2748 υπδ
499 2679 578 2762 τούς
597 2683 704 2762 πόδας
716 2690 778 2751 τοῦ
798 2686 905 2751 ἵππου
918 2682 1089 2774 ὑπέδραμε

86 2773 196 2859 κύων,
211 2769 296 2843 καί
281 2799 300 2842 ο
315 2776 416 2856 ἵππος
431 2774 473 2843 ού
486 2796 564 2865 προι
553 2777 636 2848 ίδώυ
650 2779 805 2867 ἐφοβήθη
819 2806 856 2847 τε
869 2784 924 2850 καί
936 2784 1017 2864 στάς
1030 2779 1089 2872 ὀρ-

5 2866 7 2961 }
84 2866 148 2948 θός
163 2866 407 2942 ἀπεσείσατο
372 2900 433 2943 του
447 2877 663 2965 Φαρνούχεα,
680 2875 793 2946 πεσάν
807 2879 844 2948 δὲ
855 2874 936 2968 αἵμά
951 2907 987 2949 τε
997 2880 1089 2976 ἤμεε,

5 3020 8 3063 !
85 2971 139 3036 καὶ
156 2970 189 3047 ἐς
206 2977 329 3055 φθίσιν
342 2972 542 3060 περιῆλθε’
523 3002 545 3062 η
563 2983 695 3056 υουσος.
723 2974 784 3045 τδν
799 2980 865 3047 δέ”
852 3005 956 3050 ιππον
972 2979 1090 3050 αὐτίκα

5 3104 7 3121 ι
85 3061 157 3133 κατ’
177 3062 279 3153 ἀρχάς
295 3070 455 3157 ἐποίησαν
476 3076 545 3140 οίο
547 3071 690 3142 ίκέται
668 3100 712 3153 ως
729 3079 876 3146 ἐκέλευε·
904 3078 1018 3160 ἐςτδυ
1023 3086 1090 3166 χῶ-

85 3189 161 3251 ρον,
184 3168 221 3237 ἐν
232 3173 279 3257 τῷ
291 3192 354 3291 περ
368 3170 577 3260 κατέβαλε
543 3198 604 3242 τον
614 3172 828 3262 δεσπότεα,’
809 3177 1039 3265 απαχαγύντες
1053 3181 1090 3246 ἐν

84 3277 167 3331 τοῖσι
179 3262 324 3350 χούνασι
334 3264 504 3356 άπέταμον
513 3297 554 3339 τα
542 3269 694 3341 σκέλεα.
716 3274 917 3363 Φαρνούχης
926 3273 1043 3363 μὲν“
1001 3302 1089 3344 οντα

85 3363 260 3448 παρελύθη
275 3389 334 3450 της
347 3363 536 3491 ημεμουίης.

170 3463 246 3527 Τῶν
261 3459 297 3530 δέ
309 3470 473 3554 τριηρέων
485 3466 631 3557 άριθμδς
641 3471 704 3557 μέν
714 3474 845 3560 ἐγένετο
857 3469 938 3541 ἑπτά
949 3476 1005 3541 καί
1016 3479 1088 3562 διη-
1101 3487 1136 3542 89
