2606 3930
337 229 432 312 ιιι·
453 247 509 313 ιιι·
531 254 629 314 ονε.
663 258 862 318 ιιι-ια
1023 255 1088 323 28⁵
1134 213 1161 276 .·

83 413 183 485 δέυτι
194 412 231 484 τύ
250 411 334 504 εἷ.μα
359 410 488 503 ἀναβάς
499 415 535 484 δδ
550 417 583 494 ές
597 411 638 482 τά
650 420 768 483 Σοῦσα
783 419 867 497 ἵζετο
889 419 922 498 ές
942 416 982 487 τά
998 420 1086 506 πρά-

84 510 178 587 θυρα
201 508 276 569 τῶν
288 502 441 589 βασιλέος
462 505 576 568 οἰκίον
591 525 647 567 παι
635 501 728 585 ἔφη
741 506 891 587 Δαρείου
913 500 1085 591 εὐεργέτης

84 597 179 667 εἶναι.
204 595 357 687 ἀγγέλλει
370 605 475 668 ταῦτα
491 596 639 677 ἀκούσας
659 596 862 687 ὁπυλυυρός
880 626 926 694 τρι
912 604 1083 689 βασιλέι·
1187 673 1192 680 ‚

82 722 102 762 ο
89 690 156 763 ’δὲ
184 693 347 782 δαμάσας
373 698 462 784 λέγει
475 693 561 782 πρὸς
573 692 694 764 αὐτόν
737 700 804 765 Καὶ
825 704 874 777 τίς
890 670 976 767 έστι
976 697 1085 818 Ελλη-

84 819 155 861 υαν
169 789 363 884 εὐεργέτης,
392 803 440 888 τῷ
460 793 525 885 έγυδ
542 798 781 884 πρυαιδέυμαι,
811 788 930 866 νεαστλ
946 795 1058 920 μὲν
1023 822 1084 884 την
1152 832 1154 836 v

81 890 189 1017 ἀρχην
205 899 309 982 ἔχωνς
324 894 511 986 αυαβέβητιε
524 894 595 966 δ
559 925 593 985 η
605 923 655 976 τις
667 923 688 983 η
674 891 797 967 ”addet
782 903 811 976 ίς
824 922 873 966 και
884 921 952 980 παρ
955 893 1084 986 ’ἡμέας

80 992 214 1078 αὐτῶν,
246 999 309 1081 ἔχεο
333 995 370 1065 δέ
396 999 492 1083 χρέος
516 1002 621 1065 είπείν
649 993 750 1063 οὐδέν
772 992 896 1083 ἀνδρὸς
908 993 1083 1085 Ἕλληνος

80 1091 174 1181 ὅμως
185 1095 223 1162 δὲ
237 1092 343 1163 αὐτὸν
357 1096 524 1185 παράγετε
534 1103 610 1184 έσιο,
625 1099 683 1164 ἴνα
695 1100 799 1185 είδέοι,
814 1103 850 1166 τί
856 1098 985 1166 έδέλου
995 1100 1084 1182 λέγει

80 1198 194 1260 ταῦτα.
239 1199 377 1282 Παρῆγε
402 1191 602 1283 ὁπυλουρδς
625 1191 689 1262 τδυ
706 1202 938 1285 Συλοσῶντα,
958 1195 1082 1265 στάντα

81 1288 116 1358 δδ
141 1290 176 1368 ές
199 1291 304 1376 μέσον
334 1291 490 1378 εἰρώτευν
514 1297 548 1362 οί
575 1295 748 1381 ἑρμηνέες,
776 1299 826 1375 τίς
850 1319 886 1363 τε
911 1302 961 1383 είη
982 1295 1037 1362 καί
1051 1298 1086 1360 τί

79 1387 223 1475 ποιήσας
238 1385 412 1477 εὐεργέτης
424 1393 506 1477 φησί
520 1389 605 1459 εἶναι
615 1389 777 1480 βασιλέος.
795 1389 866 1460 εἶπε
877 1383 927 1461 dv
938 1390 1082 1481 ‹3260-

79 1493 150 1554 σῶν
166 1483 276 1555 πάντα
290 1485 331 1555 τά
344 1492 421 1576 περί
433 1487 496 1577 τὴν
508 1493 647 1576 χλανίδα
661 1489 837 1580 γενόμενα,
853 1494 908 1561 καί
925 1488 970 1571 ὡς
980 1488 1081 1570 αὐτὸς

80 1595 129 1672 εἴη
152 1587 280 1666 ἐκεῖνος
294 1584 312 1655 6
331 1589 420 1669 δούς.
448 1586 618 1679 ἀμείβεται
632 1589 717 1675 πρδς
732 1598 836 1661 ταῦτα
849 1601 1009 1677 Δαρεῖυς·
1040 1582 1080 1656 Ὦ

79 1684 295 1771 γευναιότατ’
310 1684 462 1774 ἀνδρῶν,
491 1686 534 1757 οὐ
552 1692 678 1770 ἐκεῖνος
698 1688 743 1776 εί,
771 1687 808 1770 ὃς
828 1693 900 1811 ἐμοὶ
921 1686 1080 1776 οὐδεμίαν
1202 1710 1204 1715 ’

80 1789 191 1871 ἔχοντί
205 1812 255 1854 κω
271 1787 418 1909 δυ’ναμιυ
433 1791 575 1872 ἔδωκας,
591 1795 621 1858 εί
634 1792 689 1857 καὶ
703 1789 842 1876 σμικρά,
858 1784 931 1857 ἀλλ’
949 1780 999 1856 οὐν
1021 1796 1079 1873 ίοη

79 1913 116 1974 γε
136 1915 158 2007 η
175 1887 270 1974 χάρις
291 1884 412 1975 ὁμοίως
458 1886 503 1970 ὡς
527 1895 558 1958 εί
576 1896 642 1959 νῦν
657 1891 763 1958 κοθέν
783 1915 815 1958 τι
835 1890 919 1976 μέγα
932 1889 1077 1976 λάβοιμι.

82 1981 153 2054 ἀντ’
187 1977 236 2053 οἷν
252 2012 304 2054 τοι
316 1983 443 2073 χρυσδν
468 1985 561 2056 καί”
538 2013 689 2074 αργυρυυ
709 1984 853 2056 ἀπλετυυ
874 1989 1010 2102 δίδωμι,
1036 1978 1081 2061 ὥς

80 2083 215 2170 μήποτέ
223 2108 275 2151 τοι
288 2084 496 2207 μεταμεληση
506 2096 654 2170 Δαρείου
665 2081 725 2153 τδυ
730 2082 936 2162 Ὑστάσπεος
947 2072 986 2150 εὐ
1002 2105 1081 2148 ποι-

79 2182 208 2268 ησαυτι.
258 2183 358 2268 Λέγει
384 2183 469 2269 πρὸς
492 2191 597 2254 ταῦτα
619 2181 638 2253 6
661 2190 843 2253 Συλοσῶν·
889 2178 979 2304 Ἐμοδ
999 2204 1080 2268 μητε

80 2279 224 2371 χρυσὸν,
240 2307 267 2350 υ
254 2274 437 2372 βασιλεῦ,
454 2285 536 2373 μήτε
549 2282 701 2373 ἀργυρυν
718 2287 831 2369 δίδου,
854 2277 929 2350 ἀλλ’.
945 2276 1081 2349 ἀνασυ-

80 2379 225 2468 σάμευός
255 2407 311 2469 μοι
332 2380 394 2469 τὴν
418 2383 566 2470 πατρίδα
589 2380 727 2470 Σάμον,
755 2376 818 2467 τὴν
832 2385 897 2447 νῦν
911 2375 1079 2465 ἀδελφεοῦ

76 2487 138 2550 τοῦ
155 2481 242 2567 έμού
255 2480 490 2570 Πολυκράτεος
510 2479 745 2561 ἀποθανόντος
765 2478 826 2550 ὑπ’
844 2477 996 2568 Ὀροίτεα
1014 2485 1080 2566 ἔχει

80 2583 200 2657 δοῦλος
211 2573 378 2670 ἡμέτερος,
385 2580 512 2668 ταύτην
521 2605 579 2667 μοι
591 2578 648 2660 δδς
658 2578 742 2649 ἀνευ
752 2604 788 2648 τε
796 2579 907 2666 φόνον
918 2581 972 2648 καὶ
983 2581 1080 2659 έξαν-

79 2678 303 2764 δραποδίσιυς.
350 2684 461 2748 Ταῦτα
478 2676 624 2758 ἀκούσας
633 2689 777 2764 Δαρεῖυς
791 2675 969 2747 ἀπέστελλε
979 2696 1081 2765 στρα-
1096 2702 1142 2759 141

78 2773 151 2862 τιηυ
176 2799 214 2842 τε
234 2776 291 2844 καί
308 2773 496 2865 στρατηγὸν
514 2774 659 2846 Ὀτάνεα
681 2773 817 2864 ἀνδρῶν
837 2781 906 2844 τῶν
921 2772 1001 2843 έπτά
1022 2802 1081 2863 γε·

78 2873 243 2960 νόμενον,
278 2875 526 2964 ἐντειλάμενος,
561 2873 654 2945 ὅσον
689 2873 813 2962 ἐδεήθη
842 2870 861 2943 6
895 2882 1079 2964 Συλοσῶν,
1141 2918 1144 2924 ι

79 2971 182 3042 ταῦτά
200 2975 235 3041 oc
253 2973 382 3043 ποιέειν
397 2976 559 3045 ἐπιτελέα
578 2969 724 3062 καταβάς
745 2972 783 3041 δὲ
799 2974 852 3041 έπλ
873 2970 936 3061 την
949 2974 1082 3045 θάλασ-

79 3093 142 3142 σαν
160 3069 180 3141 6
199 3068 338 3159 Ὀτάνης
358 3079 487 3145 ἔστελλε
508 3072 571 3163 τὴν
594 3073 761 3162 στρατιήν.
810 3080 875 3162 Τῆς
896 3075 933 3146 δὲ
958 3076 1081 3164 Σάμου
1095 3094 1146 3149 142

79 3167 324 3260 Μαιάνδριος
309 3198 328 3240 ο
343 3178 561 3262 Μαιανδρίου
578 3172 693 3262 εἴχετο
708 3173 846 3295 κράτος,
863 3175 1079 3265 ἐπιτροπαίην

78 3268 166 3359 παρά
180 3270 420 3356 Πολυκράτεος
443 3270 558 3362 λαριδν
579 3298 643 3361 την
666 3269 788 3361 ἀργήν·
815 3299 862 3365 τεο
847 3271 1079 3360 δικαιοτάτην
1164 3280 1171 3295 ’

77 3367 215 3459 ἀνδρῶν
229 3373 426 3464 βουλομένῳ
440 3369 651 3459 γενέσθαι’
611 3397 675 3442 ουκ
691 3340 865 3458 έξεγένετδ
890 3364 1001 3453 ἐπειδὴ
1013 3367 1078 3454 γάρ

77 3474 111 3543 οί
130 3472 335 3565 ἐξηγγέλθη
341 3466 360 3542 6
378 3472 624 3571 Πολυκράτας
634 3470 801 3565 θάνατος,
822 3472 931 3559 ἐποίεε
949 3465 1080 3553 τοιάδε·
