2562 3926
254 218 256 225 X
343 257 780 320 Llss.111.cAP.15-19..
870 281 873 285 <
995 255 1057 320 εει

76 428 126 496 τοῦ
140 423 288 518 Ἀμάσιος
307 431 436 501 ἐντολαὶ
454 424 551 503 αύται
568 438 606 505 αί
622 436 655 515 ἐς
672 432 733 524 τήν
750 432 860 523 ταφήν
877 460 912 503 τε
931 433 1059 504 καὶτῶν

78 525 247 622 ἄνθρωπον
277 540 410 623 ἔχουσαι
433 533 474 606 ού
497 563 554 626 μοι
578 537 732 608 δοκέουσι
758 534 865 628 ἀρχὴν
888 538 1076 637 γενέσθαι,

78 627 171 714 άλλως
189 630 222 704 δ’
241 634 324 706 αύτά
344 636 523 725 Αἰγύπτιοι
541 645 698 729 σεμνοῦν.
889 639 896 659 x

102 803 109 821 ,
140 735 232 806 Μετὰ
249 738 286 806 δὲ
299 746 404 808 ταῦτα
418 737 436 809 ὁ
450 741 634 829 Καμβύσης
649 740 872 830 ἐβουλεύσατο
882 746 1058 832 τριφασίας
1079 758 1110 810 17

79 844 248 927 στρατηίας,
266 843 323 910 ἐπί
332 869 368 913 τε
384 835 634 934 Καρχηδονίους
647 845 703 913 καὶ
715 844 770 913 ἐπὶ
785 841 993 933 Ἀμμωνίους
1005 844 1061 911 καὶ

79 930 121 1006 ἐπὶ
135 939 211 1023 τούς
227 952 431 1034 μακροβίους
449 953 640 1033 Αἰθίοπας,
661 946 860 1034 οἰκημένους
878 943 917 1015 δέ
933 942 1061 1035 Λιβύης

79 1039 122 1107 έτλ
133 1048 171 1132 τῇ
184 1051 278 1137 νοτίῃ
293 1045 459 1138 θαλάσση.
477 1049 712 1141 βουλευομένῳ
728 1050 770 1117 δέ
777 1051 814 1118 oc
824 1051 918 1130 ἔδοξε
931 1047 985 1117 ἐπὶ
998 1046 1061 1137 μὲν

78 1145 314 1233 Καρχηδονίους
331 1148 568 1245 τδνναυτικόν
586 1149 728 1241 στρατόν
746 1146 980 1237 ἀποστέλλειν,
1007 1148 1062 1219 ἐπὶ
1144 1145 1151 1152 ’

79 1239 108 1311 δδ
118 1241 320 1336 Ἀμμωνίους
338 1252 400 1320 τού
411 1258 509 1336 πεζοῶ
522 1249 762 1342 ἀποκρίναντα,
782 1253 836 1320 ἐπὶ
850 1251 888 1320 δὲ
900 1248 981 1333 τούς
994 1256 1061 1321 Αί-

78 1348 181 1439 δίοτας
193 1350 358 1432 κατόπτας
371 1359 525 1444 πρῶτον,
542 1351 731 1444 ὀψομένους
743 1381 779 1424 τε
790 1352 853 1440 τὴν
866 1355 903 1422 ἐν
915 1350 1061 1422 τούτοισι

78 1459 147 1517 τοῖσι
161 1458 307 1536 Αίδίοψι
323 1456 506 1547 λεγομένην
524 1454 609 1524 εἶναι
624 1452 724 1543 ἡλίου
741 1454 921 1544 τράπεζαν,
947 1460 979 1524 εί
994 1459 1062 1524 ἔστι

77 1541 230 1639 ἀληθέως,
248 1556 402 1645 καὶπρὸς
416 1557 522 1646 ταύτη
535 1555 575 1625 τά
591 1555 677 1626 ἀλλα
689 1558 949 1647 κατοψομένους,
967 1559 1061 1646 δῶρα

78 1646 108 1717 a}
119 1659 162 1746 ιφ
178 1655 268 1752 λόνφ
280 1659 446 1746 φέροντας
462 1663 511 1752 τῶ
521 1660 651 1747 βασιλέι·
662 1655 786 1729 αύτῶν.
814 1656 856 1730 Ἡ
867 1658 905 1729 δὲ
918 1655 1061 1749 τράπεζα
1080 1675 1113 1729 18

76 1757 125 1822 τού
139 1753 233 1844 ἡλίου
251 1758 365 1848 τοιήδε
381 1787 431 1859 τις
449 1762 578 1848 λέγεται
600 1759 701 1831 εἶναι·
726 1759 852 1851 λειμῶν
876 1763 944 1831 ἐστι
962 1762 999 1830 ἐν
1015 1765 1062 1853 τῷ

76 1868 246 1956 προαστείῳ
266 1863 423 1944 ἐπίπλεος
440 1869 551 1953 κρεῶν
569 1864 686 1951 ἐφθῶν
704 1861 841 1933 πάντων
856 1867 927 1932 τῶν
945 1887 1063 1951 τετρα·

72 1954 193 2051 ,πόδων,
219 1967 253 2047 ἐς
270 1962 332 2033 τδν
350 1963 410 2046 τάς
433 1965 496 2055 μὲν
513 1965 638 2047 νύκτας
657 1962 911 2052 ἐπιτηδεύοντας
933 1964 1065 2032 τιθέναι

77 2055 108 2124 τί
121 2066 196 2153 κρέα
211 2064 294 2147 τούς
315 2069 352 2136 ἐν
365 2067 454 2138 τέλει
470 2069 630 2148 ἑκάστους
649 2066 764 2147 ἐόντας
780 2070 849 2134 τῶν
861 2060 987 2151 ἀστῶν,
1004 2060 1064 2142 τάς

77 2158 107 2227 δδ
120 2161 237 2257 ἡμέρας
255 2174 443 2239 δαίνυσθαι
454 2168 635 2259 προσιόντα
646 2168 707 2238 τάν
717 2164 940 2257 βουλόμενον·
958 2163 1065 2254 φάναι

78 2259 108 2333 δέ
121 2267 195 2351 τούς
214 2274 416 2362 ἐπιχωρίους
439 2276 546 2342 ταντα
569 2269 631 2359 τήν
648 2274 714 2361 χήν
739 2266 846 2358 αύτήν
866 2265 1065 2339 ἀναδιδόναι
1098 2326 1109 2337 s

30 2390 32 2447 ξ
78 2361 223 2442 διάστοτε.
250 2370 274 2462 ἡ
292 2373 355 2461 μὲν
372 2371 414 2462 δή
432 2372 574 2464 τράπεζα
586 2379 647 2445 τοῦ
659 2370 757 2462 ἡλίου
771 2370 955 2460 καλεομένη
970 2368 1065 2457 λέχε-

30 2468 32 2561 J
77 2488 119 2535 ττι
132 2469 215 2545 είναι
237 2474 360 2563 τοιήδε.
404 2475 571 2567 Καμβύση
596 2475 635 2546 δέ
652 2472 698 2556 ῶς
716 2478 808 2558 ἔδοξε
825 2474 967 2562 πέμπειν
982 2468 1063 2552 τούς
1083 2486 1116 2541 19

30 2604 31 2617 ¹
76 2575 305 2664 κατασκόπους,
323 2573 444 2647 αύτίκα
461 2580 684 2668 μετεπέμπετο
703 2581 736 2661 ἐξ
750 2575 983 2664 Ἐλεφαντίνης
1000 2570 1064 2642 πό-

76 2673 134 2755 λιος
148 2682 216 2751 τῶν
237 2675 475 2769 Ἰχθυοφάγων
493 2675 631 2777 ἀνδρῶν
648 2677 726 2760 τούς
747 2675 992 2769 ἐπισταμένουςΙ
1004 2671 1066 2761 τὴν

77 2781 248 2851 Αἰθιοπίδα
274 2784 444 2870 γλῶσσαν.
478 2785 522 2855 ,ἐν
548 2774 575 2873 ᾧ
599 2781 637 2851 δὲ
662 2781 801 2860 τούτους
824 2777 1003 2868 μετήισαν,
1029 2777 1067 2844 ἐν

75 2875 169 2974 τούτῳ
188 2882 324 2954 ἐκέλευε
338 2885 393 2952 ἐπὶ
404 2880 466 2970 τήν
480 2883 683 2974 Καρχηδόνα
695 2880 819 2951 πλῶειν
831 2879 893 2950 τόν
905 2875 1066 2949 ναυτικόν

77 2983 214 3070 στρατόν.
254 2991 408 3065 Φοίνικες
426 2982 470 3053 δέ
481 2980 545 3053 ούκ
557 2991 687 3073 ἔφασαν
701 2982 849 3071 ποιήσειν
865 2986 987 3052 ταῦτα·
1006 2978 1067 3070 ὁρ-

76 3088 165 3154 κίοισί
178 3113 216 3156 τε
234 3086 300 3177 γάρ
317 3084 486 3175 μεγάλοισι
504 3086 712 3172 ἐνδεδέσθαι,
730 3083 787 3155 καὶ
802 3079 865 3154 ούκ
883 3078 926 3154 ῶν
942 3082 1067 3154 ποιέειν

77 3176 139 3253 ὅσια
151 3189 205 3256 ἐπὶ
218 3187 300 3269 τούς
314 3193 437 3281 παῖδας
449 3186 529 3269 τούς
542 3189 677 3258 ἑωυτῶν
689 3185 951 3287 στρατευόμενοι.
986 3193 1067 3254 Φοι-

76 3293 167 3357 νίκων
185 3291 224 3360 δέ
242 3288 284 3361 ού
301 3289 520 3379 βουλομένων
542 3293 578 3359 οί
592 3293 702 3360 λοιποὶ
726 3287 790 3360 ούκ
808 3284 1066 3377 ἀξιόμαχοιέχί-

76 3411 173 3459 οοντο.
211 3391 438 3484 Καρχηδόνιοι
454 3390 517 3481 μέν
533 3418 599 3461 νυν
616 3388 706 3462 οὕτω
719 3390 933 3476 δουλοσύνην
946 3379 1067 3467 διέφυ-

75 3514 129 3575 νιν
144 3491 229 3585 πρὸς
247 3492 419 3590 Περσέων.
462 3492 646 3589 Καμβύσης
663 3492 729 3587 γάρ
746 3498 826 3584 βίην
839 3487 902 3561 οὐκ
919 3485 1066 3556 ἐδικαίου
1161 3546 1162 3549 ,

75 3594 269 3693 προσφέρειν
289 3598 437 3689 Φοίνιξι,
461 3593 513 3674 δτι
528 3595 634 3689 ’σφέας
657 3622 693 3673 τε
710 3588 836 3679 αύτούς
860 3581 1068 3665 ίδιδιίιιεστν
