<?xml version="1.0" encoding="UTF-8"?>
<!DOCTYPE html PUBLIC "-//W3C//DTD XHTML 1.0 Transitional//EN"
    "http://www.w3.org/TR/xhtml1/DTD/xhtml1-transitional.dtd">
<html xmlns="http://www.w3.org/1999/xhtml" xml:lang="en" lang="en">
 <head>
  <title>
</title>
<meta http-equiv="Content-Type" content="text/html;charset=utf-8" />
  <meta name='ocr-system' content='tesseract 3.04.00' />
  <meta name='ocr-capabilities' content='ocr_page ocr_carea ocr_par ocr_line ocrx_word'/>
</head>
<body>
  <div class='ocr_page' id='page_1' title='image "./historiarumlibr03herogoog_0709.png"; bbox 0 0 2588 3926; ppageno 0'>
   <div class='ocr_carea' id='block_1_1' title="bbox 81 390 1276 3537">
    <p class='ocr_par' dir='ltr' id='par_1_1' title="bbox 81 390 1276 3563">
     <span class='ocr_line' id='line_1_1' title="bbox 163 390 1219 483; baseline -0.001 -17"><span class='ocrx_word' id='word_1_1' title='bbox 163 419 192 472; x_wconf 87' lang='lat'><strong><em>11</em></strong></span> <span class='ocrx_word' id='word_1_2' title='bbox 210 395 384 483; x_wconf 84' lang='grc' dir='ltr'><strong><em>Σπάρτης,</em></strong></span> <span class='ocrx_word' id='word_1_3' title='bbox 406 399 440 464; x_wconf 89' lang='grc' dir='ltr'><strong><em>οί</em></strong></span> <span class='ocrx_word' id='word_1_4' title='bbox 451 394 487 463; x_wconf 74' lang='grc' dir='ltr'><strong><em>δὲ</em></strong></span> <span class='ocrx_word' id='word_1_5' title='bbox 502 395 655 481; x_wconf 87' lang='grc' dir='ltr'><strong><em>άγγελοι,</em></strong></span> <span class='ocrx_word' id='word_1_6' title='bbox 677 390 722 473; x_wconf 82' lang='grc' dir='ltr'><strong><em>ὑς</em></strong></span> <span class='ocrx_word' id='word_1_7' title='bbox 734 391 840 481; x_wconf 82' lang='grc' dir='ltr'><strong><em>ἡμέρη</em></strong></span> <span class='ocrx_word' id='word_1_8' title='bbox 855 392 1024 482; x_wconf 87' lang='grc' dir='ltr'><strong><em>ἐγεγόνεε,</em></strong></span> <span class='ocrx_word' id='word_1_9' title='bbox 1045 391 1149 464; x_wconf 81' lang='grc' dir='ltr'><strong><em>όύδὲν</em></strong></span> <span class='ocrx_word' id='word_1_10' title='bbox 1171 402 1219 466; x_wconf 86' lang='grc' dir='ltr'><strong><em>εί-</em></strong></span> 
     </span>
     <span class='ocr_line' id='line_1_2' title="bbox 208 488 1216 583; baseline -0.003 -19"><span class='ocrx_word' id='word_1_11' title='bbox 208 496 302 575; x_wconf 88' lang='grc' dir='ltr'><strong><em>δότες</em></strong></span> <span class='ocrx_word' id='word_1_12' title='bbox 315 495 458 581; x_wconf 76' lang='grc' dir='ltr'><strong><em>περὶτῆς</em></strong></span> <span class='ocrx_word' id='word_1_13' title='bbox 472 493 590 573; x_wconf 77' lang='grc' dir='ltr'><strong><em>ἐξόδου</em></strong></span> <span class='ocrx_word' id='word_1_14' title='bbox 604 494 755 577; x_wconf 77' lang='grc' dir='ltr'><strong><em>ἐπῆλθον</em></strong></span> <span class='ocrx_word' id='word_1_15' title='bbox 766 494 819 560; x_wconf 80' lang='grc' dir='ltr'><strong><em>ἐπὶ</em></strong></span> <span class='ocrx_word' id='word_1_16' title='bbox 832 488 911 570; x_wconf 87' lang='grc' dir='ltr'><strong><em>τοὺς</em></strong></span> <span class='ocrx_word' id='word_1_17' title='bbox 925 490 1081 578; x_wconf 80' lang='grc' dir='ltr'><strong><em>ἐφόρους,</em></strong></span> <span class='ocrx_word' id='word_1_18' title='bbox 1097 495 1136 561; x_wconf 89' lang='grc' dir='ltr'><strong><em>ἐν</em></strong></span> <span class='ocrx_word' id='word_1_19' title='bbox 1146 492 1216 583; x_wconf 79' lang='grc' dir='ltr'><strong><em>νόῳ</em></strong></span> 
     </span>
     <span class='ocr_line' id='line_1_3' title="bbox 209 586 1215 679; baseline -0.002 -18"><span class='ocrx_word' id='word_1_20' title='bbox 209 588 248 679; x_wconf 85' lang='grc' dir='ltr'><strong><em>δή</em></strong></span> <span class='ocrx_word' id='word_1_21' title='bbox 260 597 389 679; x_wconf 82' lang='grc' dir='ltr'><strong><em>ἔχοντες</em></strong></span> <span class='ocrx_word' id='word_1_22' title='bbox 401 587 675 660; x_wconf 76' lang='grc' dir='ltr'><strong><em>ἀπαλλάσσεσθαι</em></strong></span> <span class='ocrx_word' id='word_1_23' title='bbox 686 591 741 658; x_wconf 80' lang='grc' dir='ltr'><strong><em>καὶ</em></strong></span> <span class='ocrx_word' id='word_1_24' title='bbox 752 588 847 658; x_wconf 80' lang='grc' dir='ltr'><strong><em>αὐτοὶ</em></strong></span> <span class='ocrx_word' id='word_1_25' title='bbox 858 589 910 657; x_wconf 76' lang='grc' dir='ltr'><strong><em>ἐπὶ</em></strong></span> <span class='ocrx_word' id='word_1_26' title='bbox 921 586 984 676; x_wconf 85' lang='grc' dir='ltr'><strong><em>τήν</em></strong></span> <span class='ocrx_word' id='word_1_27' title='bbox 995 591 1125 658; x_wconf 78' lang='grc' dir='ltr'><strong><em>ἑωυτοῦ</em></strong></span> <span class='ocrx_word' id='word_1_28' title='bbox 1135 592 1215 659; x_wconf 80' lang='grc' dir='ltr'><strong><em>ἕκα-</em></strong></span> 
     </span>
     <span class='ocr_line' id='line_1_4' title="bbox 207 679 1213 776; baseline 0.001 -19"><span class='ocrx_word' id='word_1_29' title='bbox 207 709 299 768; x_wconf 85' lang='grc' dir='ltr'><strong><em>στος·</em></strong></span> <span class='ocrx_word' id='word_1_30' title='bbox 323 688 521 766; x_wconf 75' lang='grc' dir='ltr'><strong><em>ἐπελθόντες</em></strong></span> <span class='ocrx_word' id='word_1_31' title='bbox 538 689 575 755; x_wconf 78' lang='grc' dir='ltr'><strong><em>δὲ</em></strong></span> <span class='ocrx_word' id='word_1_32' title='bbox 591 692 707 774; x_wconf 85' lang='grc' dir='ltr'><strong><em>ἐλεγον</em></strong></span> <span class='ocrx_word' id='word_1_33' title='bbox 721 687 816 755; x_wconf 87' lang='grc' dir='ltr'><strong><em>τάδε·</em></strong></span> <span class='ocrx_word' id='word_1_34' title='bbox 838 684 946 772; x_wconf 67' lang='grc' dir='ltr'><strong><em>Ὑμεῖς</em></strong></span> <span class='ocrx_word' id='word_1_35' title='bbox 958 689 1037 776; x_wconf 75' lang='grc' dir='ltr'><strong><em>μὲν,</em></strong></span> <span class='ocrx_word' id='word_1_36' title='bbox 1056 679 1085 756; x_wconf 79' lang='grc' dir='ltr'><strong><em>ά</em></strong></span> <span class='ocrx_word' id='word_1_37' title='bbox 1101 697 1213 758; x_wconf 87' lang='grc' dir='ltr'><strong><em>Λακε-</em></strong></span> 
     </span>
     <span class='ocr_line' id='line_1_5' title="bbox 208 782 1212 875; baseline -0.001 -18"><span class='ocrx_word' id='word_1_38' title='bbox 208 788 392 875; x_wconf 85' lang='grc' dir='ltr'><strong><em>δαιμόνιοι,</em></strong></span> <span class='ocrx_word' id='word_1_39' title='bbox 414 784 519 855; x_wconf 88' lang='grc' dir='ltr'><strong><em>αύτού</em></strong></span> <span class='ocrx_word' id='word_1_40' title='bbox 533 790 611 875; x_wconf 76' lang='grc' dir='ltr'><strong><em>τῇδε</em></strong></span> <span class='ocrx_word' id='word_1_41' title='bbox 627 787 784 872; x_wconf 86' lang='grc' dir='ltr'><strong><em>μένοντες</em></strong></span> <span class='ocrx_word' id='word_1_42' title='bbox 801 782 978 854; x_wconf 68' lang='grc' dir='ltr'><strong><em>Ὑακίνθιά</em></strong></span> <span class='ocrx_word' id='word_1_43' title='bbox 994 812 1030 856; x_wconf 91' lang='grc' dir='ltr'><strong><em>τε</em></strong></span> <span class='ocrx_word' id='word_1_44' title='bbox 1046 783 1144 873; x_wconf 83' lang='grc' dir='ltr'><strong><em>άγετε</em></strong></span> <span class='ocrx_word' id='word_1_45' title='bbox 1159 790 1212 857; x_wconf 83' lang='grc' dir='ltr'><strong><em>καλ</em></strong></span> 
     </span>
     <span class='ocr_line' id='line_1_6' title="bbox 206 880 1256 972; baseline 0 -17"><span class='ocrx_word' id='word_1_46' title='bbox 206 892 350 972; x_wconf 76' lang='grc' dir='ltr'><strong><em>παίζετε,</em></strong></span> <span class='ocrx_word' id='word_1_47' title='bbox 368 883 634 971; x_wconf 76' lang='grc' dir='ltr'><strong><em>καταπροδόντες</em></strong></span> <span class='ocrx_word' id='word_1_48' title='bbox 646 880 726 963; x_wconf 84' lang='grc' dir='ltr'><strong><em>τούς</em></strong></span> <span class='ocrx_word' id='word_1_49' title='bbox 746 883 957 970; x_wconf 83' lang='grc' dir='ltr'><strong><em>συμμάχους·</em></strong></span> <span class='ocrx_word' id='word_1_50' title='bbox 987 880 1163 971; x_wconf 77' lang='grc' dir='ltr'><strong><em>Ἀθηναῖοι</em></strong></span> <span class='ocrx_word' id='word_1_51' title='bbox 1176 885 1212 955; x_wconf 79' lang='grc' dir='ltr'><strong><em>δὲ</em></strong></span> <span class='ocrx_word' id='word_1_52' title='bbox 1250 959 1256 969; x_wconf 67' lang='grc'><strong><em>,</em></strong></span> 
     </span>
     <span class='ocr_line' id='line_1_7' title="bbox 207 979 1211 1071; baseline -0.001 -18"><span class='ocrx_word' id='word_1_53' title='bbox 207 982 251 1064; x_wconf 79' lang='grc' dir='ltr'><strong><em>ὡς</em></strong></span> <span class='ocrx_word' id='word_1_54' title='bbox 265 981 478 1071; x_wconf 75' lang='grc' dir='ltr'><strong><em>ἀδικεόμενοι</em></strong></span> <span class='ocrx_word' id='word_1_55' title='bbox 492 980 559 1051; x_wconf 81' lang='grc' dir='ltr'><strong><em>ὑπὸ</em></strong></span> <span class='ocrx_word' id='word_1_56' title='bbox 574 979 698 1068; x_wconf 81' lang='grc' dir='ltr'><strong><em>ὑμέων,</em></strong></span> <span class='ocrx_word' id='word_1_57' title='bbox 713 981 787 1069; x_wconf 92' lang='grc' dir='ltr'><strong><em>χήτι</em></strong></span> <span class='ocrx_word' id='word_1_58' title='bbox 802 1007 838 1049; x_wconf 91' lang='grc' dir='ltr'><strong><em>τε</em></strong></span> <span class='ocrx_word' id='word_1_59' title='bbox 854 981 1048 1071; x_wconf 88' lang='grc' dir='ltr'><strong><em>συμμάχων,</em></strong></span> <span class='ocrx_word' id='word_1_60' title='bbox 1064 985 1211 1054; x_wconf 87' lang='grc' dir='ltr'><strong><em>καταλύ-</em></strong></span> 
     </span>
     <span class='ocr_line' id='line_1_8' title="bbox 206 1074 1212 1172; baseline 0 -22"><span class='ocrx_word' id='word_1_61' title='bbox 206 1101 321 1150; x_wconf 88' lang='grc' dir='ltr'><strong><em>σονται</em></strong></span> <span class='ocrx_word' id='word_1_62' title='bbox 335 1087 382 1172; x_wconf 76' lang='grc' dir='ltr'><strong><em>τῷ</em></strong></span> <span class='ocrx_word' id='word_1_63' title='bbox 396 1084 510 1169; x_wconf 88' lang='grc' dir='ltr'><strong><em>Πέρση</em></strong></span> <span class='ocrx_word' id='word_1_64' title='bbox 526 1077 631 1166; x_wconf 81' lang='grc' dir='ltr'><strong><em>οὕτω,</em></strong></span> <span class='ocrx_word' id='word_1_65' title='bbox 648 1076 737 1158; x_wconf 80' lang='grc' dir='ltr'><strong><em>ὅκως</em></strong></span> <span class='ocrx_word' id='word_1_66' title='bbox 751 1074 796 1146; x_wconf 84' lang='grc' dir='ltr'><strong><em>άν</em></strong></span> <span class='ocrx_word' id='word_1_67' title='bbox 812 1078 990 1148; x_wconf 88' lang='grc' dir='ltr'><strong><em>δύνωνται.</em></strong></span> <span class='ocrx_word' id='word_1_68' title='bbox 1019 1082 1212 1151; x_wconf 87' lang='grc' dir='ltr'><strong><em>καταλυσά-</em></strong></span> 
     </span>
     <span class='ocr_line' id='line_1_9' title="bbox 205 1177 1210 1269; baseline -0.004 -17"><span class='ocrx_word' id='word_1_69' title='bbox 205 1208 300 1269; x_wconf 84' lang='grc' dir='ltr'><strong><em>μενοι</em></strong></span> <span class='ocrx_word' id='word_1_70' title='bbox 312 1183 359 1269; x_wconf 80' lang='grc' dir='ltr'><strong><em>δέ,</em></strong></span> <span class='ocrx_word' id='word_1_71' title='bbox 376 1186 460 1269; x_wconf 82' lang='grc' dir='ltr'><strong><em>δῆλα</em></strong></span> <span class='ocrx_word' id='word_1_72' title='bbox 470 1182 534 1268; x_wconf 82' lang='grc' dir='ltr'><strong><em>γάρ</em></strong></span> <span class='ocrx_word' id='word_1_73' title='bbox 548 1178 612 1268; x_wconf 87' lang='grc' dir='ltr'><strong><em>[δή]</em></strong></span> <span class='ocrx_word' id='word_1_74' title='bbox 626 1177 678 1248; x_wconf 81' lang='grc' dir='ltr'><strong><em>ότι</em></strong></span> <span class='ocrx_word' id='word_1_75' title='bbox 690 1178 857 1266; x_wconf 89' lang='grc' dir='ltr'><strong><em>σύμμαχοι</em></strong></span> <span class='ocrx_word' id='word_1_76' title='bbox 868 1181 1020 1265; x_wconf 86' lang='grc' dir='ltr'><strong><em>βασιλέος</em></strong></span> <span class='ocrx_word' id='word_1_77' title='bbox 1032 1179 1210 1268; x_wconf 86' lang='grc' dir='ltr'><strong><em>γινόμεθα,</em></strong></span> 
     </span>
     <span class='ocr_line' id='line_1_10' title="bbox 205 1271 1212 1366; baseline -0.002 -18"><span class='ocrx_word' id='word_1_78' title='bbox 205 1279 521 1366; x_wconf 81' lang='grc' dir='ltr'><strong><em>συστρατευσόμεθα</em></strong></span> <span class='ocrx_word' id='word_1_79' title='bbox 535 1280 588 1348; x_wconf 82' lang='grc' dir='ltr'><strong><em>ἐπὶ</em></strong></span> <span class='ocrx_word' id='word_1_80' title='bbox 602 1271 727 1364; x_wconf 78' lang='grc' dir='ltr'><strong><em>τήνάν</em></strong></span> <span class='ocrx_word' id='word_1_81' title='bbox 741 1279 863 1345; x_wconf 88' lang='grc' dir='ltr'><strong><em>ἐκείνοι</em></strong></span> <span class='ocrx_word' id='word_1_82' title='bbox 880 1277 1085 1363; x_wconf 79' lang='grc' dir='ltr'><strong><em>ἐξηγέωνται.</em></strong></span> <span class='ocrx_word' id='word_1_83' title='bbox 1116 1275 1212 1365; x_wconf 81' lang='grc' dir='ltr'><strong><em>ὑμεῖς</em></strong></span> 
     </span>
     <span class='ocr_line' id='line_1_11' title="bbox 205 1375 1210 1468; baseline 0 -20"><span class='ocrx_word' id='word_1_84' title='bbox 205 1380 241 1448; x_wconf 73' lang='grc' dir='ltr'><strong><em>δὲ</em></strong></span> <span class='ocrx_word' id='word_1_85' title='bbox 255 1377 292 1448; x_wconf 82' lang='grc' dir='ltr'><strong><em>τὸ</em></strong></span> <span class='ocrx_word' id='word_1_86' title='bbox 309 1383 470 1449; x_wconf 84' lang='grc' dir='ltr'><strong><em>ἐνθεῦτεν</em></strong></span> <span class='ocrx_word' id='word_1_87' title='bbox 481 1380 696 1468; x_wconf 87' lang='grc' dir='ltr'><strong><em>μαθήσεσθε,</em></strong></span> <span class='ocrx_word' id='word_1_88' title='bbox 717 1375 833 1448; x_wconf 75' lang='grc' dir='ltr'><strong><em>ὁκοῖον</em></strong></span> <span class='ocrx_word' id='word_1_89' title='bbox 851 1375 895 1445; x_wconf 85' lang='grc' dir='ltr'><strong><em>άν</em></strong></span> <span class='ocrx_word' id='word_1_90' title='bbox 908 1403 942 1445; x_wconf 93' lang='grc' dir='ltr'><strong><em>τι</em></strong></span> <span class='ocrx_word' id='word_1_91' title='bbox 955 1375 1036 1466; x_wconf 85' lang='grc' dir='ltr'><strong><em>ὑμίν</em></strong></span> <span class='ocrx_word' id='word_1_92' title='bbox 1056 1381 1088 1459; x_wconf 84' lang='grc' dir='ltr'><strong><em>ἐξ</em></strong></span> <span class='ocrx_word' id='word_1_93' title='bbox 1104 1375 1210 1448; x_wconf 84' lang='grc' dir='ltr'><strong><em>αὑτοῦ</em></strong></span> 
     </span>
     <span class='ocr_line' id='line_1_12' title="bbox 205 1475 1210 1568; baseline 0.001 -21"><span class='ocrx_word' id='word_1_94' title='bbox 205 1481 351 1568; x_wconf 85' lang='grc' dir='ltr'><strong><em>ἐκβαίνη.</em></strong></span> <span class='ocrx_word' id='word_1_95' title='bbox 379 1486 490 1549; x_wconf 85' lang='grc' dir='ltr'><strong><em>Ταῦτα</em></strong></span> <span class='ocrx_word' id='word_1_96' title='bbox 507 1479 675 1566; x_wconf 89' lang='grc' dir='ltr'><strong><em>λεγόντων</em></strong></span> <span class='ocrx_word' id='word_1_97' title='bbox 690 1485 758 1547; x_wconf 78' lang='grc' dir='ltr'><strong><em>τῶν</em></strong></span> <span class='ocrx_word' id='word_1_98' title='bbox 769 1475 921 1564; x_wconf 89' lang='grc' dir='ltr'><strong><em>άγγέλων</em></strong></span> <span class='ocrx_word' id='word_1_99' title='bbox 935 1482 970 1546; x_wconf 75' lang='lat' dir='ltr'><strong><em>oc</em></strong></span> <span class='ocrx_word' id='word_1_100' title='bbox 979 1484 1097 1566; x_wconf 81' lang='grc' dir='ltr'><strong><em>ἔφοροι</em></strong></span> <span class='ocrx_word' id='word_1_101' title='bbox 1112 1476 1210 1548; x_wconf 72' lang='grc' dir='ltr'><strong><em>εἶπαν</em></strong></span> 
     </span>
     <span class='ocr_line' id='line_1_13' title="bbox 204 1573 1210 1668; baseline -0.001 -24"><span class='ocrx_word' id='word_1_102' title='bbox 204 1574 256 1644; x_wconf 88' lang='grc' dir='ltr'><strong><em>ἐπ’</em></strong></span> <span class='ocrx_word' id='word_1_103' title='bbox 280 1574 386 1661; x_wconf 82' lang='grc' dir='ltr'><strong><em>ὅρκου</em></strong></span> <span class='ocrx_word' id='word_1_104' title='bbox 400 1581 456 1646; x_wconf 78' lang='grc' dir='ltr'><strong><em>καί</em></strong></span> <span class='ocrx_word' id='word_1_105' title='bbox 477 1575 517 1664; x_wconf 85' lang='grc' dir='ltr'><strong><em>δή</em></strong></span> <span class='ocrx_word' id='word_1_106' title='bbox 533 1579 663 1647; x_wconf 84' lang='grc' dir='ltr'><strong><em>δοκέειν</em></strong></span> <span class='ocrx_word' id='word_1_107' title='bbox 679 1573 763 1645; x_wconf 76' lang='grc' dir='ltr'><strong><em>εἶναι</em></strong></span> <span class='ocrx_word' id='word_1_108' title='bbox 773 1578 812 1645; x_wconf 82' lang='grc' dir='ltr'><strong><em>ἐν</em></strong></span> <span class='ocrx_word' id='word_1_109' title='bbox 829 1573 999 1668; x_wconf 75' lang='grc' dir='ltr'><strong><em>Ὀρεστείῳ</em></strong></span> <span class='ocrx_word' id='word_1_110' title='bbox 1021 1583 1210 1663; x_wconf 82' lang='grc' dir='ltr'><strong><em>στείχοντας</em></strong></span> 
     </span>
     <span class='ocr_line' id='line_1_14' title="bbox 204 1670 1257 1763; baseline 0.001 -21"><span class='ocrx_word' id='word_1_111' title='bbox 204 1674 258 1742; x_wconf 84' lang='grc' dir='ltr'><strong><em>ἐπὶ</em></strong></span> <span class='ocrx_word' id='word_1_112' title='bbox 270 1670 350 1752; x_wconf 85' lang='grc' dir='ltr'><strong><em>τοὺς</em></strong></span> <span class='ocrx_word' id='word_1_113' title='bbox 365 1678 508 1757; x_wconf 87' lang='grc' dir='ltr'><strong><em>ξείνους·</em></strong></span> <span class='ocrx_word' id='word_1_114' title='bbox 531 1679 660 1756; x_wconf 83' lang='grc' dir='ltr'><strong><em>ξείνους</em></strong></span> <span class='ocrx_word' id='word_1_115' title='bbox 677 1671 741 1760; x_wconf 84' lang='grc' dir='ltr'><strong><em>γάρ</em></strong></span> <span class='ocrx_word' id='word_1_116' title='bbox 755 1672 895 1742; x_wconf 79' lang='grc' dir='ltr'><strong><em>ἐκάλεον</em></strong></span> <span class='ocrx_word' id='word_1_117' title='bbox 909 1671 988 1753; x_wconf 87' lang='grc' dir='ltr'><strong><em>τοὺς</em></strong></span> <span class='ocrx_word' id='word_1_118' title='bbox 1003 1676 1206 1763; x_wconf 81' lang='grc' dir='ltr'><strong><em>βαρβάρους.</em></strong></span> <span class='ocrx_word' id='word_1_119' title='bbox 1249 1678 1257 1689; x_wconf 88' lang='grc'><strong>’</strong></span> 
     </span>
     <span class='ocr_line' id='line_1_15' title="bbox 204 1769 1208 1862; baseline 0.001 -22"><span class='ocrx_word' id='word_1_120' title='bbox 204 1776 239 1841; x_wconf 88' lang='grc' dir='ltr'><strong><em>οί</em></strong></span> <span class='ocrx_word' id='word_1_121' title='bbox 250 1774 286 1841; x_wconf 82' lang='grc' dir='ltr'><strong><em>δέ</em></strong></span> <span class='ocrx_word' id='word_1_122' title='bbox 302 1769 346 1853; x_wconf 80' lang='grc' dir='ltr'><strong><em>ὡς</em></strong></span> <span class='ocrx_word' id='word_1_123' title='bbox 360 1771 423 1842; x_wconf 82' lang='grc' dir='ltr'><strong><em>οὐκ</em></strong></span> <span class='ocrx_word' id='word_1_124' title='bbox 435 1773 558 1855; x_wconf 88' lang='grc' dir='ltr'><strong><em>είδότες</em></strong></span> <span class='ocrx_word' id='word_1_125' title='bbox 570 1774 768 1861; x_wconf 85' lang='grc' dir='ltr'><strong><em>ἐπειράτεον</em></strong></span> <span class='ocrx_word' id='word_1_126' title='bbox 778 1769 815 1842; x_wconf 86' lang='grc' dir='ltr'><strong><em>τὺ</em></strong></span> <span class='ocrx_word' id='word_1_127' title='bbox 828 1771 1021 1860; x_wconf 87' lang='grc' dir='ltr'><strong><em>λεγόμενον,</em></strong></span> <span class='ocrx_word' id='word_1_128' title='bbox 1033 1774 1208 1862; x_wconf 87' lang='grc' dir='ltr'><strong><em>ἐπειρόμε-</em></strong></span> 
     </span>
     <span class='ocr_line' id='line_1_16' title="bbox 204 1870 1276 1960; baseline 0.001 -23"><span class='ocrx_word' id='word_1_129' title='bbox 204 1894 258 1939; x_wconf 91' lang='grc' dir='ltr'><strong><em>νοι</em></strong></span> <span class='ocrx_word' id='word_1_130' title='bbox 273 1870 309 1940; x_wconf 75' lang='grc' dir='ltr'><strong><em>δὲ</em></strong></span> <span class='ocrx_word' id='word_1_131' title='bbox 320 1873 484 1960; x_wconf 80' lang='grc' dir='ltr'><strong><em>ἐξέμαθον</em></strong></span> <span class='ocrx_word' id='word_1_132' title='bbox 496 1880 565 1941; x_wconf 83' lang='grc' dir='ltr'><strong><em>πάν</em></strong></span> <span class='ocrx_word' id='word_1_133' title='bbox 575 1871 612 1942; x_wconf 84' lang='grc' dir='ltr'><strong><em>τό</em></strong></span> <span class='ocrx_word' id='word_1_134' title='bbox 625 1870 697 1959; x_wconf 80' lang='grc' dir='ltr'><strong><em>ἐὰν,</em></strong></span> <span class='ocrx_word' id='word_1_135' title='bbox 716 1870 800 1940; x_wconf 75' lang='grc' dir='ltr'><strong><em>ὥστε</em></strong></span> <span class='ocrx_word' id='word_1_136' title='bbox 811 1872 849 1938; x_wconf 92' lang='grc' dir='ltr'><strong><em>ἐν</em></strong></span> <span class='ocrx_word' id='word_1_137' title='bbox 861 1870 1018 1957; x_wconf 80' lang='grc' dir='ltr'><strong><em>θάνματι</em></strong></span> <span class='ocrx_word' id='word_1_138' title='bbox 1030 1871 1206 1957; x_wconf 89' lang='grc' dir='ltr'><strong><em>γενόμενοι</em></strong></span> <span class='ocrx_word' id='word_1_139' title='bbox 1275 1874 1276 1949; x_wconf 58' lang='grc' dir='ltr'>ᾗ</span> 
     </span>
     <span class='ocr_line' id='line_1_17' title="bbox 204 1968 1206 2060; baseline 0.005 -25"><span class='ocrx_word' id='word_1_140' title='bbox 204 1969 404 2055; x_wconf 83' lang='grc' dir='ltr'><strong><em>ἐπορεύοντο</em></strong></span> <span class='ocrx_word' id='word_1_141' title='bbox 416 1970 478 2060; x_wconf 86' lang='grc' dir='ltr'><strong><em>τήν</em></strong></span> <span class='ocrx_word' id='word_1_142' title='bbox 487 1980 642 2059; x_wconf 89' lang='grc' dir='ltr'><strong><em>ταχίστην</em></strong></span> <span class='ocrx_word' id='word_1_143' title='bbox 656 1972 849 2049; x_wconf 86' lang='grc' dir='ltr'><strong><em>διάκοντες·</em></strong></span> <span class='ocrx_word' id='word_1_144' title='bbox 872 1968 938 2039; x_wconf 87' lang='grc' dir='ltr'><strong><em>σύν</em></strong></span> <span class='ocrx_word' id='word_1_145' title='bbox 946 1973 986 2040; x_wconf 89' lang='grc' dir='ltr'><strong><em>δέ</em></strong></span> <span class='ocrx_word' id='word_1_146' title='bbox 995 1990 1056 2057; x_wconf 87' lang='grc' dir='ltr'><strong><em>σφι</em></strong></span> <span class='ocrx_word' id='word_1_147' title='bbox 1066 1978 1135 2039; x_wconf 77' lang='grc' dir='ltr'><strong><em>τῶν</em></strong></span> <span class='ocrx_word' id='word_1_148' title='bbox 1146 1995 1206 2040; x_wconf 85' lang='grc' dir='ltr'><strong><em>πε-</em></strong></span> 
     </span>
     <span class='ocr_line' id='line_1_18' title="bbox 203 2067 1205 2157; baseline 0.002 -22"><span class='ocrx_word' id='word_1_149' title='bbox 203 2072 340 2151; x_wconf 91' lang='grc' dir='ltr'><strong><em>ριοίκων</em></strong></span> <span class='ocrx_word' id='word_1_150' title='bbox 355 2074 629 2157; x_wconf 86' lang='grc' dir='ltr'><strong><em>Λακεδαιμονίων</em></strong></span> <span class='ocrx_word' id='word_1_151' title='bbox 643 2070 783 2156; x_wconf 78' lang='grc' dir='ltr'><strong><em>λογάδες</em></strong></span> <span class='ocrx_word' id='word_1_152' title='bbox 797 2076 1053 2156; x_wconf 84' lang='grc' dir='ltr'><strong><em>πεντακισχίλιοι</em></strong></span> <span class='ocrx_word' id='word_1_153' title='bbox 1074 2067 1205 2139; x_wconf 84' lang='grc' dir='ltr'><strong><em>ὁπλῖται</em></strong></span> 
     </span>
     <span class='ocr_line' id='line_1_19' title="bbox 202 2112 1274 2243; baseline 0.013 -14"><span class='ocrx_word' id='word_1_154' title='bbox 202 2160 308 2231; x_wconf 79' lang='grc' dir='ltr'><strong><em>τώυτὸ</em></strong></span> <span class='ocrx_word' id='word_1_155' title='bbox 324 2173 423 2234; x_wconf 86' lang='grc' dir='ltr'><strong><em>τοῦτο</em></strong></span> <span class='ocrx_word' id='word_1_156' title='bbox 439 2171 578 2238; x_wconf 83' lang='grc' dir='ltr'><strong><em>ἐποίεον.</em></strong></span> <span class='ocrx_word' id='word_1_157' title='bbox 1264 2112 1274 2243; x_wconf 68' lang='grc' dir='ltr'><strong><em>ὑ</em></strong></span> 
     </span>
     <span class='ocr_line' id='line_1_20' title="bbox 158 2263 1273 2389; baseline 0.007 -59"><span class='ocrx_word' id='word_1_158' title='bbox 158 2285 188 2337; x_wconf 73' lang='lat'><strong><em>12</em></strong></span> <span class='ocrx_word' id='word_1_159' title='bbox 287 2266 332 2330; x_wconf 89' lang='grc' dir='ltr'><strong><em>Οί</em></strong></span> <span class='ocrx_word' id='word_1_160' title='bbox 339 2266 402 2350; x_wconf 81' lang='grc' dir='ltr'><strong><em>μὲν</em></strong></span> <span class='ocrx_word' id='word_1_161' title='bbox 413 2263 454 2352; x_wconf 84' lang='grc' dir='ltr'><strong><em>δή</em></strong></span> <span class='ocrx_word' id='word_1_162' title='bbox 467 2270 499 2345; x_wconf 88' lang='grc' dir='ltr'><strong><em>ἐς</em></strong></span> <span class='ocrx_word' id='word_1_163' title='bbox 510 2266 569 2336; x_wconf 83' lang='grc' dir='ltr'><strong><em>τὸν</em></strong></span> <span class='ocrx_word' id='word_1_164' title='bbox 583 2265 719 2354; x_wconf 82' lang='grc' dir='ltr'><strong><em>Ἰσθμόν</em></strong></span> <span class='ocrx_word' id='word_1_165' title='bbox 732 2265 920 2355; x_wconf 85' lang='grc' dir='ltr'><strong><em>ήπείγοντο,</em></strong></span> <span class='ocrx_word' id='word_1_166' title='bbox 935 2266 1074 2354; x_wconf 76' lang='grc' dir='ltr'><strong><em>Ἀργεῖοι</em></strong></span> <span class='ocrx_word' id='word_1_167' title='bbox 1087 2268 1123 2337; x_wconf 76' lang='grc' dir='ltr'><strong><em>δὲ</em></strong></span> <span class='ocrx_word' id='word_1_168' title='bbox 1134 2271 1210 2338; x_wconf 82' lang='grc' dir='ltr'><strong><em>ἐπεί</em></strong></span> <span class='ocrx_word' id='word_1_169' title='bbox 1266 2300 1273 2389; x_wconf 68' lang='grc' dir='ltr'><strong><em>ή</em></strong></span> 
     </span>
     <span class='ocr_line' id='line_1_21' title="bbox 202 2358 1207 2455; baseline 0.01 -30"><span class='ocrx_word' id='word_1_170' title='bbox 202 2384 236 2427; x_wconf 89' lang='grc' dir='ltr'><strong><em>τε</em></strong></span> <span class='ocrx_word' id='word_1_171' title='bbox 249 2358 383 2445; x_wconf 88' lang='grc' dir='ltr'><strong><em>τάχιστα</em></strong></span> <span class='ocrx_word' id='word_1_172' title='bbox 394 2364 563 2435; x_wconf 88' lang='grc' dir='ltr'><strong><em>ἐπύθοντο</em></strong></span> <span class='ocrx_word' id='word_1_173' title='bbox 575 2363 654 2445; x_wconf 88' lang='grc' dir='ltr'><strong><em>τούς</em></strong></span> <span class='ocrx_word' id='word_1_174' title='bbox 665 2363 746 2452; x_wconf 84' lang='grc' dir='ltr'><strong><em>μετά</em></strong></span> <span class='ocrx_word' id='word_1_175' title='bbox 753 2374 953 2436; x_wconf 87' lang='grc' dir='ltr'><strong><em>Παυσανίεω</em></strong></span> <span class='ocrx_word' id='word_1_176' title='bbox 963 2368 1207 2455; x_wconf 81' lang='grc' dir='ltr'><strong><em>ἐξεληλυθότας</em></strong></span> 
     </span>
     <span class='ocr_line' id='line_1_22' title="bbox 202 2458 1272 2558; baseline 0.012 -34"><span class='ocrx_word' id='word_1_177' title='bbox 202 2460 238 2525; x_wconf 87' lang='grc' dir='ltr'><strong><em>ἐκ</em></strong></span> <span class='ocrx_word' id='word_1_178' title='bbox 249 2458 418 2548; x_wconf 81' lang='grc' dir='ltr'><strong><em>Σπάρτης,</em></strong></span> <span class='ocrx_word' id='word_1_179' title='bbox 434 2465 601 2552; x_wconf 86' lang='grc' dir='ltr'><strong><em>πέμπουσι</em></strong></span> <span class='ocrx_word' id='word_1_180' title='bbox 615 2466 747 2555; x_wconf 87' lang='grc' dir='ltr'><strong><em>κήρυκα</em></strong></span> <span class='ocrx_word' id='word_1_181' title='bbox 760 2475 831 2553; x_wconf 79' lang='grc' dir='ltr'><strong><em>τῶν</em></strong></span> <span class='ocrx_word' id='word_1_182' title='bbox 844 2466 1086 2558; x_wconf 82' lang='grc' dir='ltr'><strong><em>ἡμεροδρόμων</em></strong></span> <span class='ocrx_word' id='word_1_183' title='bbox 1101 2468 1206 2539; x_wconf 81' lang='grc' dir='ltr'><strong><em>ἄνευ·</em></strong></span> <span class='ocrx_word' id='word_1_184' title='bbox 1271 2490 1272 2537; x_wconf 74' lang='grc' dir='ltr'><strong><em>ι</em></strong></span> 
     </span>
     <span class='ocr_line' id='line_1_23' title="bbox 202 2553 1206 2655; baseline 0.014 -34"><span class='ocrx_word' id='word_1_185' title='bbox 202 2553 317 2639; x_wconf 87' lang='grc' dir='ltr'><strong><em>ρόντες</em></strong></span> <span class='ocrx_word' id='word_1_186' title='bbox 327 2554 388 2623; x_wconf 84' lang='grc' dir='ltr'><strong><em>τόν</em></strong></span> <span class='ocrx_word' id='word_1_187' title='bbox 397 2555 535 2646; x_wconf 89' lang='grc' dir='ltr'><strong><em>άριστον</em></strong></span> <span class='ocrx_word' id='word_1_188' title='bbox 543 2565 577 2642; x_wconf 90' lang='grc' dir='ltr'><strong><em>ἐς</em></strong></span> <span class='ocrx_word' id='word_1_189' title='bbox 585 2561 648 2650; x_wconf 92' lang='grc' dir='ltr'><strong><em>τήν</em></strong></span> <span class='ocrx_word' id='word_1_190' title='bbox 660 2564 990 2655; x_wconf 77' lang='grc' dir='ltr'><strong><em>Ἀττικήν,πρότερον</em></strong></span> <span class='ocrx_word' id='word_1_191' title='bbox 1000 2563 1206 2653; x_wconf 72' lang='grc' dir='ltr'><strong><em>αύτοὶΜαρ·</em></strong></span> 
     </span>
     <span class='ocr_line' id='line_1_24' title="bbox 202 2652 1271 2752; baseline 0.011 -31"><span class='ocrx_word' id='word_1_192' title='bbox 202 2658 303 2745; x_wconf 75' lang='grc' dir='ltr'><strong><em>δονίω</em></strong></span> <span class='ocrx_word' id='word_1_193' title='bbox 315 2652 558 2748; x_wconf 85' lang='grc' dir='ltr'><strong><em>ὑποδεξάμενοι</em></strong></span> <span class='ocrx_word' id='word_1_194' title='bbox 573 2664 707 2750; x_wconf 80' lang='grc' dir='ltr'><strong><em>σχήσειν</em></strong></span> <span class='ocrx_word' id='word_1_195' title='bbox 717 2660 778 2732; x_wconf 80' lang='grc' dir='ltr'><strong><em>τὸν</em></strong></span> <span class='ocrx_word' id='word_1_196' title='bbox 787 2663 1002 2752; x_wconf 82' lang='grc' dir='ltr'><strong><em>Σπαρτιήτην</em></strong></span> <span class='ocrx_word' id='word_1_197' title='bbox 1017 2662 1062 2751; x_wconf 87' lang='grc' dir='ltr'><strong><em>μή</em></strong></span> <span class='ocrx_word' id='word_1_198' title='bbox 1073 2666 1203 2745; x_wconf 85' lang='grc' dir='ltr'><strong><em>ἐξιέναι.</em></strong></span> <span class='ocrx_word' id='word_1_199' title='bbox 1270 2656 1271 2679; x_wconf 59' lang='grc'>’</span> 
     </span>
     <span class='ocr_line' id='line_1_25' title="bbox 202 2752 1270 2854; baseline 0.014 -33"><span class='ocrx_word' id='word_1_200' title='bbox 202 2752 238 2832; x_wconf 83' lang='grc' dir='ltr'><strong><em>ὃς</em></strong></span> <span class='ocrx_word' id='word_1_201' title='bbox 252 2756 372 2824; x_wconf 86' lang='grc' dir='ltr'><strong><em>ἐπείτε</em></strong></span> <span class='ocrx_word' id='word_1_202' title='bbox 387 2753 522 2830; x_wconf 86' lang='grc' dir='ltr'><strong><em>άπίκετο</em></strong></span> <span class='ocrx_word' id='word_1_203' title='bbox 538 2763 571 2840; x_wconf 83' lang='grc' dir='ltr'><strong><em>ἐς</em></strong></span> <span class='ocrx_word' id='word_1_204' title='bbox 585 2760 643 2842; x_wconf 87' lang='grc' dir='ltr'><strong><em>τάς</em></strong></span> <span class='ocrx_word' id='word_1_205' title='bbox 653 2760 814 2849; x_wconf 87' lang='grc' dir='ltr'><strong><em>Ἀθήνας,</em></strong></span> <span class='ocrx_word' id='word_1_206' title='bbox 833 2769 924 2849; x_wconf 87' lang='grc' dir='ltr'><strong><em>ἐλεγε</em></strong></span> <span class='ocrx_word' id='word_1_207' title='bbox 939 2765 1033 2833; x_wconf 87' lang='grc' dir='ltr'><strong><em>τάδε·</em></strong></span> <span class='ocrx_word' id='word_1_208' title='bbox 1060 2764 1205 2854; x_wconf 88' lang='grc' dir='ltr'><strong><em>Μαρδό-</em></strong></span> <span class='ocrx_word' id='word_1_209' title='bbox 1269 2768 1270 2829; x_wconf 60' lang='grc' dir='ltr'><strong><em>λ</em></strong></span> 
     </span>
     <span class='ocr_line' id='line_1_26' title="bbox 199 2856 1203 2948; baseline 0.011 -29"><span class='ocrx_word' id='word_1_210' title='bbox 199 2877 268 2937; x_wconf 90' lang='grc' dir='ltr'><strong><em>νιε,</em></strong></span> <span class='ocrx_word' id='word_1_211' title='bbox 284 2856 436 2941; x_wconf 79' lang='grc' dir='ltr'><strong><em>ἔπεμψάν</em></strong></span> <span class='ocrx_word' id='word_1_212' title='bbox 450 2884 492 2944; x_wconf 86' lang='grc' dir='ltr'><strong><em>με</em></strong></span> <span class='ocrx_word' id='word_1_213' title='bbox 503 2857 645 2946; x_wconf 82' lang='grc' dir='ltr'><strong><em>Ἀργεϊοι</em></strong></span> <span class='ocrx_word' id='word_1_214' title='bbox 661 2860 836 2948; x_wconf 85' lang='grc' dir='ltr'><strong><em>φράσοντά</em></strong></span> <span class='ocrx_word' id='word_1_215' title='bbox 849 2887 911 2947; x_wconf 91' lang='grc' dir='ltr'><strong><em>τοι,</em></strong></span> <span class='ocrx_word' id='word_1_216' title='bbox 927 2859 979 2930; x_wconf 85' lang='grc' dir='ltr'><strong><em>ὅτι</em></strong></span> <span class='ocrx_word' id='word_1_217' title='bbox 993 2865 1029 2929; x_wconf 89' lang='grc' dir='ltr'><strong><em>ἐκ</em></strong></span> <span class='ocrx_word' id='word_1_218' title='bbox 1038 2866 1203 2930; x_wconf 82' lang='grc' dir='ltr'><strong><em>Λακεδαί-</em></strong></span> 
     </span>
     <span class='ocr_line' id='line_1_27' title="bbox 199 2952 1205 3046; baseline 0.002 -19"><span class='ocrx_word' id='word_1_219' title='bbox 199 2971 302 3033; x_wconf 71' lang='grc' dir='ltr'><strong>μονος</strong></span> <span class='ocrx_word' id='word_1_220' title='bbox 323 2952 503 3041; x_wconf 84' lang='grc' dir='ltr'><strong><em>ἐξελήλυθε</em></strong></span> <span class='ocrx_word' id='word_1_221' title='bbox 526 2955 548 3042; x_wconf 86' lang='grc' dir='ltr'><strong><em>ή</em></strong></span> <span class='ocrx_word' id='word_1_222' title='bbox 570 2959 704 3046; x_wconf 86' lang='grc' dir='ltr'><strong><em>νεότης,</em></strong></span> <span class='ocrx_word' id='word_1_223' title='bbox 730 2956 850 3040; x_wconf 81' lang='grc' dir='ltr'><strong><em>καλάς</em></strong></span> <span class='ocrx_word' id='word_1_224' title='bbox 872 2957 914 3028; x_wconf 87' lang='grc' dir='ltr'><strong><em>ού</em></strong></span> <span class='ocrx_word' id='word_1_225' title='bbox 939 2962 1076 3029; x_wconf 84' lang='grc' dir='ltr'><strong><em>δυνατοὶ</em></strong></span> <span class='ocrx_word' id='word_1_226' title='bbox 1097 2957 1205 3045; x_wconf 81' lang='grc' dir='ltr'><strong><em>αὑτήν</em></strong></span> 
     </span>
     <span class='ocr_line' id='line_1_28' title="bbox 200 3047 1268 3144; baseline 0.008 -32"><span class='ocrx_word' id='word_1_227' title='bbox 200 3055 305 3132; x_wconf 82' lang='grc' dir='ltr'><strong><em>ίσχειν</em></strong></span> <span class='ocrx_word' id='word_1_228' title='bbox 320 3052 382 3118; x_wconf 80' lang='grc' dir='ltr'><strong><em>είσλ</em></strong></span> <span class='ocrx_word' id='word_1_229' title='bbox 392 3047 534 3138; x_wconf 77' lang='grc' dir='ltr'><strong><em>Ἀργεῖοι</em></strong></span> <span class='ocrx_word' id='word_1_230' title='bbox 548 3051 593 3141; x_wconf 85' lang='grc' dir='ltr'><strong><em>μή</em></strong></span> <span class='ocrx_word' id='word_1_231' title='bbox 610 3053 673 3124; x_wconf 85' lang='grc' dir='ltr'><strong><em>οὑκ</em></strong></span> <span class='ocrx_word' id='word_1_232' title='bbox 689 3058 818 3137; x_wconf 83' lang='grc' dir='ltr'><strong><em>ἐξιέναι.</em></strong></span> <span class='ocrx_word' id='word_1_233' title='bbox 846 3054 931 3142; x_wconf 86' lang='grc' dir='ltr'><strong><em>πρὸς</em></strong></span> <span class='ocrx_word' id='word_1_234' title='bbox 944 3063 1048 3125; x_wconf 83' lang='grc' dir='ltr'><strong><em>ταῦτα</em></strong></span> <span class='ocrx_word' id='word_1_235' title='bbox 1061 3058 1204 3144; x_wconf 84' lang='grc' dir='ltr'><strong><em>τύγχανε</em></strong></span> <span class='ocrx_word' id='word_1_236' title='bbox 1267 3096 1268 3121; x_wconf 62' lang='grc' dir='ltr'><strong><em>ι</em></strong></span> 
     </span>
     <span class='ocr_line' id='line_1_29' title="bbox 200 3138 1267 3269; baseline 0.007 -56"><span class='ocrx_word' id='word_1_237' title='bbox 200 3138 239 3213; x_wconf 81' lang='grc' dir='ltr'><strong><em>εὖ</em></strong></span> <span class='ocrx_word' id='word_1_238' title='bbox 258 3149 513 3236; x_wconf 89' lang='grc' dir='ltr'><strong><em>βουλευόμενος.</em></strong></span> <span class='ocrx_word' id='word_1_239' title='bbox 542 3150 578 3221; x_wconf 88' lang='grc' dir='ltr'><strong><em>Ὁ</em></strong></span> <span class='ocrx_word' id='word_1_240' title='bbox 593 3153 656 3240; x_wconf 78' lang='grc' dir='ltr'><strong><em>μὲν</em></strong></span> <span class='ocrx_word' id='word_1_241' title='bbox 677 3153 717 3242; x_wconf 84' lang='grc' dir='ltr'><strong><em>δή</em></strong></span> <span class='ocrx_word' id='word_1_242' title='bbox 740 3164 834 3233; x_wconf 85' lang='grc' dir='ltr'><strong><em>είπας</em></strong></span> <span class='ocrx_word' id='word_1_243' title='bbox 854 3161 958 3224; x_wconf 82' lang='grc' dir='ltr'><strong><em>ταῦτα</em></strong></span> <span class='ocrx_word' id='word_1_244' title='bbox 972 3151 1204 3224; x_wconf 77' lang='grc' dir='ltr'><strong><em>ἀπαλλάσσετο</em></strong></span> <span class='ocrx_word' id='word_1_245' title='bbox 1266 3206 1267 3269; x_wconf 61' lang='grc' dir='ltr'><strong><em>η</em></strong></span> 
     </span>
     <span class='ocr_line' id='line_1_30' title="bbox 153 3240 1205 3341; baseline 0.004 -26"><span class='ocrx_word' id='word_1_246' title='bbox 153 3261 185 3316; x_wconf 84' lang='grc'><strong><em>13</em></strong></span> <span class='ocrx_word' id='word_1_247' title='bbox 200 3240 322 3333; x_wconf 88' lang='grc' dir='ltr'><strong><em>ὀπίσω,</em></strong></span> <span class='ocrx_word' id='word_1_248' title='bbox 348 3249 541 3336; x_wconf 85' lang='grc' dir='ltr'><strong><em>Μαρδόνιος</em></strong></span> <span class='ocrx_word' id='word_1_249' title='bbox 557 3251 594 3320; x_wconf 71' lang='grc' dir='ltr'><strong><em>δέ</em></strong></span> <span class='ocrx_word' id='word_1_250' title='bbox 607 3250 763 3340; x_wconf 78' lang='grc' dir='ltr'><strong><em>οὐδαμῶς</em></strong></span> <span class='ocrx_word' id='word_1_251' title='bbox 777 3258 824 3322; x_wconf 84' lang='grc' dir='ltr'><strong><em>ἐτι</em></strong></span> <span class='ocrx_word' id='word_1_252' title='bbox 838 3252 1017 3339; x_wconf 88' lang='grc' dir='ltr'><strong><em>πρόθυμος</em></strong></span> <span class='ocrx_word' id='word_1_253' title='bbox 1032 3245 1075 3341; x_wconf 89' lang='grc' dir='ltr'><strong><em>ήν</em></strong></span> <span class='ocrx_word' id='word_1_254' title='bbox 1089 3253 1205 3338; x_wconf 86' lang='grc' dir='ltr'><strong><em>μένειν</em></strong></span> 
     </span>
     <span class='ocr_line' id='line_1_31' title="bbox 81 3338 1266 3438; baseline 0.006 -27"><span class='ocrx_word' id='word_1_255' title='bbox 81 3346 87 3357; x_wconf 78' lang='grc'><em>“</em></span> <span class='ocrx_word' id='word_1_256' title='bbox 199 3346 236 3412; x_wconf 88' lang='grc' dir='ltr'><strong><em>ἐν</em></strong></span> <span class='ocrx_word' id='word_1_257' title='bbox 249 3352 289 3434; x_wconf 77' lang='grc' dir='ltr'><strong><em>τῇ</em></strong></span> <span class='ocrx_word' id='word_1_258' title='bbox 300 3344 444 3437; x_wconf 80' lang='grc' dir='ltr'><strong><em>Ἀττικῇ,</em></strong></span> <span class='ocrx_word' id='word_1_259' title='bbox 461 3346 505 3428; x_wconf 75' lang='grc' dir='ltr'><strong><em>ὡς</em></strong></span> <span class='ocrx_word' id='word_1_260' title='bbox 519 3347 645 3438; x_wconf 86' lang='grc' dir='ltr'><strong><em>ήκονσε</em></strong></span> <span class='ocrx_word' id='word_1_261' title='bbox 659 3361 770 3421; x_wconf 87' lang='grc' dir='ltr'><strong><em>ταῦτα.</em></strong></span> <span class='ocrx_word' id='word_1_262' title='bbox 799 3354 879 3438; x_wconf 81' lang='grc' dir='ltr'><strong><em>πρὶν</em></strong></span> <span class='ocrx_word' id='word_1_263' title='bbox 893 3354 956 3438; x_wconf 84' lang='grc' dir='ltr'><strong><em>μέν</em></strong></span> <span class='ocrx_word' id='word_1_264' title='bbox 972 3377 1038 3420; x_wconf 89' lang='grc' dir='ltr'><strong><em>νυν</em></strong></span> <span class='ocrx_word' id='word_1_265' title='bbox 1054 3347 1075 3438; x_wconf 85' lang='grc' dir='ltr'><strong><em>ή</em></strong></span> <span class='ocrx_word' id='word_1_266' title='bbox 1093 3355 1206 3420; x_wconf 88' lang='grc' dir='ltr'><strong><em>πυθέ-</em></strong></span> <span class='ocrx_word' id='word_1_267' title='bbox 1265 3338 1266 3417; x_wconf 63' lang='grc' dir='ltr'><strong><em>ὑ</em></strong></span> 
     </span>
     <span class='ocr_line' id='line_1_32' title="bbox 200 3441 1204 3537; baseline 0.011 -31"><span class='ocrx_word' id='word_1_268' title='bbox 200 3451 298 3525; x_wconf 89' lang='grc' dir='ltr'><strong><em>σθαι,</em></strong></span> <span class='ocrx_word' id='word_1_269' title='bbox 324 3441 510 3531; x_wconf 83' lang='grc' dir='ltr'><strong><em>άνεκάχενε</em></strong></span> <span class='ocrx_word' id='word_1_270' title='bbox 536 3450 665 3517; x_wconf 82' lang='grc' dir='ltr'><strong><em>ἐθέλων</em></strong></span> <span class='ocrx_word' id='word_1_271' title='bbox 691 3452 813 3519; x_wconf 90' lang='grc' dir='ltr'><strong><em>είδέναι</em></strong></span> <span class='ocrx_word' id='word_1_272' title='bbox 839 3447 875 3518; x_wconf 84' lang='grc' dir='ltr'><strong><em>τό</em></strong></span> <span class='ocrx_word' id='word_1_273' title='bbox 898 3446 978 3534; x_wconf 92' lang='grc' dir='ltr'><strong><em>παρ’</em></strong></span> <span class='ocrx_word' id='word_1_274' title='bbox 1002 3446 1204 3537; x_wconf 76' lang='grc' dir='ltr'><strong><em>Ἀθηναίων,</em></strong></span> 
     </span>
    </p>
   </div>
   <div class='ocr_carea' id='block_1_2' title="bbox 208 236 835 300">
    <p class='ocr_par' dir='ltr' id='par_1_2' title="bbox 208 236 835 300">
     <span class='ocr_line' id='line_1_33' title="bbox 208 236 835 300; baseline -0.011 0"><span class='ocrx_word' id='word_1_275' title='bbox 208 237 271 300; x_wconf 69' lang='lat'><strong><em>292</em></strong></span> <span class='ocrx_word' id='word_1_276' title='bbox 584 236 835 294; x_wconf 81' lang='lat' dir='ltr'>HERODOTI</span> 
     </span>
    </p>
   </div>
   <div class='ocr_carea' id='block_1_3' title="bbox 0 0 1298 3926">
    <p class='ocr_par' dir='ltr' id='par_1_3' title="bbox 0 0 1298 3926">
     <span class='ocr_line' id='line_1_34' title="bbox 0 0 1298 3926; baseline 0 3"><span class='ocrx_word' id='word_1_277' title='bbox 0 0 1298 3926; x_wconf 95' lang='lat' dir='ltr'><strong><em> </em></strong></span> 
     </span>
    </p>
   </div>
  </div>
 </body>
</html>
