2588 3926
374 237 460 293 LIB.
494 237 541 292 lx.
575 235 675 293 CAP,
709 243 850 298 26-28.
1055 234 1114 297 301

111 390 268 482 Ἀττικήν.
293 396 347 463 καὶ
361 396 398 463 έν
413 408 498 462 τοῖσι
513 401 690 477 Τρωικοῖσι
707 391 842 462 πόνοισι
857 390 1016 484 οὐδαμῶν
1031 400 1116 468 ἐλει-

28 550 30 561 ,
112 489 256 578 πύμεθα.
289 487 363 560 ἀλλ’
380 487 423 559 ού
437 491 503 575 γάρ
517 516 549 557 τι
564 492 696 576 προέχει
710 488 840 559 τούτων
853 493 1113 580 ἐπιμεμνῆσθαι·

26 570 30 609 ³
112 589 167 657 καί
181 588 246 678 γάρ
260 585 305 658 ἀν
318 591 454 677 χρηστοί
464 587 538 656 τότε
550 588 662 666 ἐόντες
674 583 774 657 ὡυτοὶ
789 594 854 654 νῦν
868 583 912 656 ἀν
927 587 994 657 εἶεν
1004 598 1114 676 φλαν·

4 686 6 721 ²
112 685 261 775 ρύτεροι,
277 691 333 757 καὶ
345 687 420 756 τότε
431 686 542 765 ἐόντες
556 693 703 771 φλαῦροι
714 691 780 753 νύν
794 681 838 752 ἀν
849 684 916 754 εἷεν
929 683 1110 773 ἀμείνονες.

19 852 25 867 ,,
65 796 72 805 “
111 792 264 854 παλαιῶν
274 788 337 873 μέν
347 812 414 855 νυν
424 791 533 873 ἔργων
544 782 617 864 ἀλις
629 789 721 852 ἔστω.
736 780 818 870 ἡμῖν
830 785 866 851 δέ
877 789 908 851 εί
916 784 1021 869 μηδέν
1032 781 1112 852 ἀλλο

2 869 12 923 ’ί
111 881 179 949 ἐστὶ
192 878 477 970 ἀποδεδεγμένον,
495 880 606 968 ὥσπερ
624 882 691 948 ἐστὶ
704 880 812 949 πολλά
826 905 862 947 τε
876 882 931 947 παλ
943 873 982 947 εὖ
997 885 1113 966 ἔχοντα

2 960 19 1027 ἐξ
111 986 142 1049 εί
154 982 255 1052 τέοισι
266 986 322 1051 καλ
332 980 655 1068 ἀλλοισιῈλλήνων,
672 977 756 1049 ἀλλά
767 981 823 1049 καὶ
834 975 899 1046 ἀπὸ
911 983 972 1046 τού
983 982 1021 1045 ἐν
1033 985 1113 1046 Μα-

110 1084 243 1163 ραθῶνι
258 1085 359 1167 ἔργον
373 1078 463 1161 ἀξιοί
471 1085 562 1165 εἰμεν
574 1085 672 1147 τοῦτο
686 1075 722 1145 τδ
742 1082 840 1164 γέρας
854 1082 941 1164 ἐχειν
957 1078 1013 1145 καί
1028 1073 1111 1145 ἀλλα

13 1250 15 1259 ,
109 1174 194 1262 πρδς
204 1179 323 1270 τούτῳ,
335 1182 455 1259 οἵτινες
465 1185 587 1266 μοῦνοι
598 1175 767 1264 Ἐλλήνων
779 1174 819 1264 δή
831 1174 1110 1264 μουνομαχήσαν-

1 1287 18 1365 53
108 1299 162 1353 τις
183 1283 229 1367 τῷ
245 1279 360 1366 Πέρση
380 1282 435 1346 καὶ
459 1283 544 1369 ἔργω
565 1275 714 1365 τοσούτω
733 1276 998 1363 ἐπιχειρήσαντες
1015 1297 1111 1360 περι-

9 1422 14 1459 ,
108 1373 295 1460 εγενόμεθα
306 1380 361 1444 καὶ
371 1375 572 1463 ἐνικήσαμεν
582 1380 685 1443 ἔθνεα
697 1375 731 1453 ἐξ
742 1399 778 1441 τε
789 1377 845 1441 καὶ
854 1374 1108 1459 τεσσεράκοντα.

2 1489 14 1533 ’.
107 1465 163 1559 ἀρ’
181 1470 223 1541 ού
240 1478 365 1543 δίκαιοί
377 1481 468 1562 είμεν
482 1480 570 1560 ἐχειν
585 1473 711 1559 ταύτην
724 1470 787 1558 τήν
801 1472 895 1551 τάξιν
909 1468 974 1540 ἀπὸ
986 1469 1109 1539 τούτου

2 1549 12 1615 δ
106 1573 239 1660 μούνου
254 1580 315 1643 τού
330 1580 449 1662 ἕργον;
471 1571 545 1649 ἀλλ’
561 1569 603 1641 ού
616 1569 682 1659 γάρ
697 1574 735 1639 έν
748 1576 793 1663 τῷ
807 1574 923 1661 τοιῷδε
938 1569 1046 1653 τάξιος
1061 1570 1110 1636 εἴ·

106 1700 205 1744 υεκεν
218 1675 406 1757 στασιάζειν
419 1678 555 1762 πρέπει,
579 1671 690 1760 ἄρτιοί
706 1679 797 1759 εἰμεν
818 1678 999 1741 πεύθεσθαι
1016 1669 1107 1758 ὑμῖν,

1 1758 13 1811 ³¹
106 1768 135 1843 ά
148 1776 425 1863 Λακεδαιμόνιοι,
443 1779 500 1844 ἵνα
516 1777 623 1844 δοκέει
635 1773 894 1861 ἐπιτηδεότατον
906 1770 1009 1859 ἡμέας
1024 1768 1106 1838 εἶναι

7 1872 12 1909 ³
106 1871 242 1939 ἑστάναι
258 1871 313 1939 καὶ
329 1870 401 1939 κατ’
419 1870 591 1951 οὕστινας·
619 1873 728 1961 πάντη
743 1870 808 1958 γάρ
822 1872 1015 1958 τεταγμένοι
1035 1894 1108 1938 πει-

5 1970 9 2005 ³
105 1971 280 2059 ρησύμεθα
291 1970 375 2040 εἶναι
384 1978 526 2059 χρηστοί.
541 1975 715 2058 ἐξηγέεσθε
725 1972 762 2040 δέ
772 1969 816 2051 ὡς
825 1973 1042 2057 πεισομένων.
1064 1974 1109 2038 Οἱ
1120 1975 1154 2030 λδ

4 2072 8 2107 ³
103 2070 166 2157 μὲν
180 2075 284 2138 ταῦτα
300 2066 494 2157 ἀμείβοντο,
507 2074 782 2157 Λακεδαιμονίων
797 2072 834 2139 δὲ
852 2067 1000 2158 ἀνέβωσε
1016 2066 1107 2137 άπαν

1 2244 3 2254 ,
103 2167 140 2238 τδ
153 2168 380 2255 στρατόπεδον
390 2168 590 2257 Ἀθηναίονς
600 2168 866 2258 ἀξιονικοτέρους
875 2171 960 2241 εἶναι
971 2177 1058 2258 ἔχειν
1068 2170 1105 2239 τδ

1 2262 6 2345 f
102 2271 203 2356 κέρας
223 2267 307 2358 ἤπερ
325 2269 495 2358 Ἀρκάδας.
529 2271 618 2341 οὕτω
634 2272 674 2361 δή
696 2280 793 2359 ἔσχον
814 2279 849 2342 οί
862 2272 1034 2362 Ἀθηναῖοι
1051 2279 1106 2343 καλ

1 2367 3 2400 ³
103 2363 352 2455 ὑπερεβάλοντο
366 2366 445 2449 τούς
462 2370 633 2458 Τεγεήτας.

1 2473 3 2480 ’
185 2464 338 2535 Μετάδέ
358 2474 461 2536 ταῦτα
478 2469 657 2538 ἐτάσσοντο
678 2461 743 2538 άδε
763 2474 798 2539 οί
815 2472 1050 2559 ἐπιφοιτῶντές
1070 2497 1105 2540 τε

101 2564 157 2632 καὶ
168 2567 202 2631 οἱ
209 2561 317 2651 ἀρχήν
327 2565 484 2647 ἐλθόντες
492 2560 678 2657 Ἑλλήνων·
700 2567 737 2638 τδ
749 2569 933 2656 μένδεξιδν
945 2574 1043 2659 κέρας
1058 2568 1105 2640 εί-

1 2655 2 2661 *
101 2687 161 2751 χον
171 2666 447 2749 Λακεδαιμονίων
459 2665 592 2753 μύριοι·
613 2667 744 2735 τούτων
756 2668 792 2737 δέ
804 2665 882 2748 τούς
893 2691 1104 2758 πεντακισχι-

57 2846 62 2853 ,
101 2765 194 2839 λίονς
209 2760 324 2840 ἐόντας
335 2765 546 2851 Σπαρτιήτας
556 2765 749 2852 ἐφύλασσον
762 2768 851 2847 ψιλοί
861 2774 929 2835 τῶν
941 2770 1103 2838 είλωτέων
1172 2851 1179 2864 ⁸

103 2863 361 2944 πεντακισχίλιοι
376 2863 430 2929 καί
440 2862 642 2950 τρισμύριοι,
658 2866 734 2948 περὶ
745 2861 887 2951 ἀνδρα”
867 2884 1007 2934 εκαστον
1022 2866 1103 2937 ἑπτά

101 2956 302 3072 τεταγμένρι.
326 2960 506 3045 προσεχέας
521 2964 561 3029 δέ
570 2981 631 3046 σφι
647 2965 775 3031 ειλοντο
791 2963 926 3033 ἑστάναι
941 2970 975 3034 οί
983 2975 1103 3087 Σπαρ·

99 3055 207 3134 τιήται
220 3048 299 3130 τούς
317 3055 478 3142 Τεγεήτας
493 3060 548 3127 καὶ
561 3067 655 3146 τιμῆς
670 3063 799 3129 εἵνεκεν
813 3060 898 3131 ταδ’
878 3071 1005 3153 αρετῆς
1022 3065 1106 3132 τού-

99 3140 249 3215 τωνδ’
225 3148 454 3234 ησανὸπλλται
467 3160 565 3240 χίλιοι
576 3157 862 3227 καλπεντακύσιοι.
881 3187 963 3247 μετα
950 3160 1011 3230 δὲ
1022 3162 1101 3231 τού

98 3269 178 3323 τονς
187 3248 322 3315 ἵσταντο
333 3255 531 3336 Κορινθίων
541 3259 808 3342 πεντακισχίλιοι,
819 3278 923 3349 παρα
899 3255 962 3326 δέ
969 3279 1030 3346 σφι
1043 3258 1104 3328 εὕ-

98 3366 199 3425 ροντο
218 3341 309 3431 παρά
331 3352 533 3416 Παυσανίεω
554 3349 688 3418 ἑστάναι
709 3337 955 3440 Ποτιδαιητέων
977 3382 1045 3423 των
1065 3372 1100 3425 ἐκ

101 3438 276 3528 Παλλήνης
289 3440 368 3522 τούς
382 3446 568 3531 παρεόντας
587 3454 804 3534 τριηκοσίους
832 3476 962 3520 τουτων
975 3456 1012 3521 δ
1027 3453 1097 3537 §16-
