2568 3938
189 192 252 293 κον
555 225 793 290 οεοοοονι

191 400 341 505 σμύρνης
366 400 555 483 δυσπετέως
577 361 728 471 κτέουται
750 405 786 471 οί
801 398 953 492 Ἀράβιοι.
993 399 1053 474 τόν
1075 399 1199 494 μένγε

190 500 376 592 λιβανωτόν
400 501 661 591 συλλέγουσι
619 531 685 592 την
709 502 858 595 στύρακα
887 509 1107 594 θυμιεῦντες,
1137 505 1200 596 τήν

190 608 224 687 ἐς
245 604 408 692 Ἕλληνας
440 610 591 687 Φοίνικες
626 603 793 693 ἐξάγουσι
839 605 965 694 ταύτην
997 611 1198 731 θρμιεύντες

189 706 410 832 λαμβάνουσι·
439 704 481 775 τά
505 703 571 798 γάρ
595 704 797 797 δένδρεα
758 733 800 776 τα
829 705 1125 831 λιβανωτρφόρα”
1105 736 1198 799 οφιες

187 805 382 898 ύπόπτεροι,
401 807 588 898 σμικροὶ
548 835 592 877 τα
607 807 774 897 μεγάθεα,
791 816 933 880 ποικίλοι
948 836 989 877 τα
978 806 1110 896 είδεα,
1127 837 1198 898 φν-

190 909 352 980 λάσσουσι
368 908 494 998 πλήθει
510 910 628 980 πολλοὶ
645 911 722 1001 περὶ
746 909 907 1000 δένδρεον
924 912 1082 997 ἕκαστον,
1106 903 1199 980 ούτοι

188 1016 284 1100 οἵπερ
309 1005 364 1080 ἐπ’
378 1021 559 1097 Αἴγυπτον
577 1010 879 1102 ἐπιστρατεύονται
914 1008 1030 1081 ούδενὶ
1053 1007 1130 1080 δέ’
1108 1019 1198 1104 αλλρι

51 1145 60 1164 1
188 1110 434 1182 ἀπελαύνονται
455 1110 520 1181 άπό
544 1117 612 1181 τάν
642 1110 855 1201 δενδρίων”
833 1141 854 1201 η
880 1118 939 1200 τῆς
964 1110 1129 1201 στύρακος
1149 1117 1197 1204 τῷ

122 1229 173 1286 108
189 1217 316 1306 καπνῷ.
352 1213 499 1300 Λέγουσι
516 1212 555 1281 δέ
572 1213 629 1282 καί
645 1214 722 1283 τόδε
736 1211 899 1302 Ἀράβιοι,
924 1211 969 1294 ὥς
986 1218 1077 1283 πάσα
1094 1210 1138 1282 άν
1155 1220 1197 1300 γη
1222 1290 1225 1296 ,

73 1366 75 1369 -
190 1318 374 1402 ἐπίμπλατο
389 1318 459 1383 τάν
471 1308 581 1401 όφίων
598 1314 740 1403 τούτων,
759 1321 791 1384 εί
804 1313 850 1403 μὴ
867 1317 1022 1402 γίνεσθαι
1038 1314 1111 1383 κατ’
1132 1311 1197 1390 αό-

81 1487 84 1491 ,
187 1412 267 1496 τούς
284 1408 359 1485 οἷόν
375 1442 407 1484 τι
420 1416 475 1483 καλ
493 1413 577 1484 κατά
594 1414 654 1497 τάς
673 1418 806 1504 ἐχίδνας
823 1413 1011 1504 ἠπιστάμην
1033 1421 1196 1501 γίνεσθαι.

187 1523 247 1585 καί
267 1542 334 1596 κως
355 1520 417 1584 τού
433 1521 533 1584 θείου
557 1512 578 1603 ἡ
603 1523 763 1607 προνοίη»,
787 1508 899 1606 ὥσπερ
922 1517 979 1586 καὶ
1002 1516 1093 1597 οίκός
1117 1517 1195 1604 ἐστι,

187 1620 290 1689 ἐοῦσα
304 1615 402 1704 σοφὴ,
418 1615 481 1684 ὅσα
498 1615 561 1705 μέν
574 1616 687 1705 ’ψυχήν
699 1644 736 1687 τε
748 1615 842 1687 δειλοὶ
855 1619 912 1686 καὶ
926 1617 1082 1705 ἐδώδιμα,
1096 1622 1197 1686 ταῦτα

62 1714 65 1719 ⁴
192 1716 254 1799 μὲν
273 1714 382 1784 πάντα
401 1717 575 1804 πολύγονα
595 1724 771 1806 πεποίηκε,
794 1721 850 1786 ἵνα
872 1715 917 1806 μὴ
938 1720 1074 1807 ἐπιλίπῃ
1093 1740 1189 1783 κατε-

191 1812 375 1900 σθιόμενα,
390 1812 453 1884 ὅσα
468 1818 505 1885 δὲ
515 1820 647 1903 σχέτλια
657 1814 743 1885 καλ
724 1842 863 1905 ανιηρα
879 1812 1068 1903 ὀλιγόγονα.
1089 1819 1189 1882 τοῦτο

100 1966 103 1971 .
190 1910 312 2001 μέν,“
291 1940 343 1983 οτι
358 1909 377 1987 ό
391 1911 525 2001 λαγός“
507 1912 587 1984 υπδ
584 1913 715 1997 παντὸς
727 1916 908 2005 θηρεύεται
921 1922 1054 2009 θηρίου
1061 1910 1150 1983 ταδ’
1129 1938 1189 2000 ορ-

189 2021 296 2091 νιθος
302 2014 357 2082 καλ
370 2009 575 2103 άνθρύπου,
597 2012 686 2083 ούτω
700 2014 743 2103 δη
755 2040 788 2084 τι
801 2012 994 2102 πολύγονόν
1008 2015 1093 2081 ἐστι
1116 2013 1189 2079 ἐπι-

93 2202 95 2207 .
189 2113 359 2182 κυΐσκεται
374 2121 504 2201 μοῦνον
517 2116 655 2185 πάντων
667 2122 816 2205 θηρίων,
832 2117 888 2183 καλ
897 2139 936 2183 το
923 2111 1009 2202 μὲν
1020 2110 1116 2182 δασύ
1120 2120 1188 2181 των

188 2215 316 2281 τέκνων
332 2216 369 2282 ἐν
388 2221 429 2303 τῇ
448 2218 582 2304 γαστρὶ,
604 2241 642 2285 το
630 2212 701 2285 δέ
721 2211 839 2301 ψιλόν,
860 2239 899 2283 το
887 2210 995 2284 δέ”
971 2237 1046 2300 αρτι
1060 2215 1098 2282 ἐν
1113 2219 1188 2303 τῇσι

88 2355 91 2359 ›
188 2312 330 2399 μήτρησι
356 2311 553 2400 πλάσσεται,
581 2311 619 2382 τό
648 2312 685 2383 δὲ
711 2311 907 2403 άναιρέεται.
936 2319 1033 2382 τοῦτο
1058 2311 1121 2400 μδν
1145 2307 1187 2398 δη

128 2468 130 2471 .
187 2410 321 2479 τοιοῦτό
335 2412 420 2499 ἐστι,
440 2408 462 2500 ἡ
478 2415 515 2481 δέ
528 2411 569 2500 δὴ
586 2416 702 2483 λέαινα
718 2412 776 2483 ἐόν
795 2412 1013 2501 ἰσχυρότατον
1028 2412 1084 2479 καὶ
1097 2420 1187 2496 θρα-

189 2509 334 2578 σύτατον
348 2507 435 2592 άπαξ
451 2510 488 2579 ἐν
502 2518 548 2602 τῷ
558 2518 621 2604 βίῳ
631 2517 733 2581 τίκτει
744 2514 799 2580 έν·
820 2517 978 2581 τίκτουσα
988 2506 1053 2597 γάρ
1064 2527 1187 2576 συνεκ-

188 2608 303 2696 βάλλει
319 2616 365 2700 τῷ
379 2613 485 2702 τέκνω
501 2609 560 2691 τάς
574 2611 709 2701 μήτρας.
737 2608 775 2680 τό
795 2612 833 2680 δὲ
847 2619 956 2679 αίτιον
969 2609 1093 2678 τούτου
1108 2607 1186 2676 τόδε

188 2710 272 2776 ἐστί·
295 2705 397 2776 ἐπεάν
416 2704 439 2778 ό
453 2708 610 2797 σκύμνος
620 2712 661 2797 ἐν
673 2716 713 2800 τῇ
728 2709 825 2797 μητρί
845 2705 912 2776 ἐάν
925 2705 1062 2796 άρχηται
1077 2710 1186 2774 διακι·

147 2816 149 2819 ’
186 2805 362 2895 νεόμενος,
384 2803 403 2876 ὁ
424 2810 461 2878 δὲ
487 2813 572 2896 ἔχων
596 2806 719 2896 ὄνυχας
740 2812 873 2896 θηρίων
891 2803 1026 2876 πολλόν
1048 2803 1186 2873 πάντων

186 2901 368 2988 ὀξυτάτους
395 2905 538 2996 άμύσσει
568 2905 627 2987 τάς
651 2908 809 2996 μήτρας,
830 2903 1059 2992 αύξανόμενός
1083 2928 1120 2971 τε
1142 2898 1184 2988 δη

99 3090 102 3096 ⁴
186 3008 299 3096 πολλῷ
314 3013 444 3092 μᾶλλον
464 3008 650 3077 ἐπικνέεται
670 3006 913 3095 καταγράφων·
938 3007 1040 3083 πέλας
1058 3029 1094 3097 τε
1108 2997 1183 3090 δήό

96 3126 98 3131 ·
184 3104 283 3184 τόκος
297 3106 381 3193 ἐστλ,
403 3110 458 3177 καλ
471 3105 508 3176 τό
524 3108 684 3197 παράπαν
697 3114 842 3176 λείπεται
857 3102 986 3174 αὐτέων
998 3099 1091 3190 ύγιδς
1104 3100 1185 3171 ούδὲ

85 3217 168 3271 109
183 3205 230 3272 ἕν.
259 3199 319 3284 δὶς
336 3205 372 3274 δὲ
387 3209 442 3276 καλ
453 3211 490 3276 αί
498 3212 628 3294 ἔχιδναί
635 3234 671 3277 τε
681 3209 737 3276 παλ
749 3211 783 3276 οί
795 3208 832 3275 ἐν
841 3200 1054 3294 Ἀραβίοισι*
1035 3204 1184 3273 υπόπτε-

184 3330 238 3387 ροι
256 3300 349 3392 όφιες
363 3311 395 3375 εί
407 3304 598 3393 ἐγίνοντο*
575 3334 620 3388 ως
640 3335 661 3396 η
679 3308 781 3397 φύσις
795 3303 925 3375 αύτοίσι
937 3301 1097 3392 ὑπάρχει,
1119 3301 1184 3372 ούκ

183 3398 228 3469 άν
242 3429 288 3520 ην
301 3402 446 3491 βιάσιμα
461 3402 690 3493 άυθρύποισι·
711 3414 784 3476 νῦν
793 3402 824 3475 δ’
848 3400 950 3474 ἐπεάν
964 3402 1183 3493 θορνύωνται

63 3580 66 3583 ¹
185 3497 267 3568 κατὰ
284 3500 401 3590 ζεύγεα
420 3504 476 3574 καλ
491 3502 586 3573 ἐν’
545 3530 629 3596 αντη
645 3501 668 3597 ᾖ
682 3502 701 3574 ό
719 3511 821 3594 ἔρσην
837 3530 877 3595 τη
863 3498 1105 3593 ἐκποιήσι,’
1085 3525 1184 3572 απιε-
