2606 3920
197 236 261 300 210
575 242 829 302 HERODOTI

199 404 293 467 αὐτοὶ
306 400 371 488 γάρ
386 419 491 487 σφεας
505 406 539 470 οί
553 406 709 489 Ἕλληνες
723 403 975 490 ἐπεκαλέσαντο,
989 409 1144 489 λέγοντες
1158 398 1204 471 δι’

199 498 417 587 ἆγγέλων,’
395 529 440 581 ως
459 499 552 571 αὐτοὶ
575 499 676 588 μδν“
654 526 770 588 ηκοιευ
790 503 975 590 πρόδρομοι
996 509 1065 572 τόν
1079 501 1204 613 ἄλλων,

199 606 234 669 oc
249 604 406 670 δὲλοιπολ
416 628 484 669 των
495 602 679 688 συμμάχων
690 600 910 688 προσδόκιμοι
921 608 1033 670 πᾶσαν
1046 580 1113 670 είεύ
1123 599 1205 688 ἡμέ-

199 725 280 785 ρην,
297 725 318 785 η
305 696 489 768 θαλασσα
505 700 543 767 τέ
556 718 616 783 σφι
635 708 685 785 είη
697 700 734 766 έν
745 696 912 787 φυλακῇ
893 724 943 767 υπ
946 697 1180 820 ’Ἀθηναίων
1170 725 1206 767 τε

199 802 434 886 φρουρεομένη
455 800 510 864 καί
525 799 733 883 Αὐγινητέωυ
752 799 808 864 καλ
827 821 896 864 των
915 795 1003 877 ές
969 824 1030 866 τον
1042 794 1206 866 ναυτικόν

199 895 341 983 στρατόν
355 899 563 983 ταχθέντων,
588 900 647 963 καί
658 914 719 980 σφι
735 903 786 981 είη
807 892 922 963 δεινὸν
936 888 1053 1003 οὐδένρ
1082 892 1205 981 οὐγὰρ

198 992 284 1063 θεὸν
299 992 383 1063 εἶναι
397 992 458 1063 τδν
469 992 606 1063 ἐπιόντα
616 994 669 1061 ἐπὶ
678 989 899 1080 τὴνἙλλάδα,
911 991 986 1063 ἀλλ’
1000 993 1204 1081 ἄνθρωπον·

200 1089 285 1158 εἶναι
301 1090 337 1158 δέ
352 1088 483 1176 θνητόν
497 1088 620 1157 οὐδένα
635 1085 715 1157 οὐδὲ
732 1094 885 1175 ἔσεσθαι,
905 1096 952 1179 τῷ
973 1088 1080 1159 κακόν
1094 1093 1129 1171 ἐξ
1143 1087 1207 1179 ὐρ-

199 1194 256 1275 χῆς
271 1188 437 1279 γινομένῳ
454 1186 495 1255 οὐ
515 1193 717 1274 συνεμίχθη,
739 1201 824 1256 τοῖσι
838 1189 876 1256 δέ
895 1194 1078 1274 μεγίστοισι
1093 1188 1208 1259 αὐτόν

200 1289 353 1375 μέγιστα·
382 1284 532 1374 ὀφείλειν
554 1279 603 1355 οὐν
624 1289 679 1354 καί
700 1284 759 1354 τόν
774 1286 1019 1373 ἐπελαύνοντα,
1042 1284 1087 1367 ὦς
1106 1288 1207 1357 έόντα

199 1384 348 1472 θνητόν,
363 1383 428 1452 ἀπὸ
444 1392 502 1473 τῆς
517 1385 615 1471 δόξης
630 1397 743 1452 πεσείν
759 1381 811 1451 ἄν.
840 1387 885 1453 Os
900 1384 937 1453 δδ
950 1392 1054 1453 ταῦτα
1068 1399 1207 1455 πυνθα-

132 1503 185 1557 204
202 1484 340 1570 νόμενοι
360 1483 525 1572 ἐβοήθεον
546 1484 579 1561 ές
593 1481 656 1568 τὴν
672 1489 826 1567 Τρηχῖνα.
865 1481 1021 1552 Τούτοισι
1040 1474 1129 1571 ἦσαν
1145 1487 1207 1571 μέν

202 1608 267 1650 νυν
279 1583 334 1649 καί
345 1578 439 1647 ἄλλοι
450 1582 628 1666 στρατηγοὶ
638 1577 721 1647 κατὰ
732 1579 850 1657 πόλιας
861 1578 1020 1666 ἑκάστων,
1031 1577 1049 1649 ὁ
1062 1581 1099 1650 δέ
1108 1591 1206 1650 θωυ-

202 1678 384 1765 μαζόμενος
398 1678 540 1764 μάλιστα
556 1682 610 1746 καί
630 1675 755 1755 παντὸς
769 1684 831 1745 τοῦ
847 1679 1091 1764 στρατεύματος
1104 1676 1208 1766 ἡγεό-

201 1803 302 1865 μενος
313 1777 576 1863 Λακεδαιμόνιος
593 1770 636 1864 ἦν
650 1780 820 1861 Λεωνίδης
838 1772 1130 1865 δἈναξανδρίδεω
1145 1785 1207 1848 τοῦ

202 1877 344 1953 Λέοντος
361 1881 422 1943 τοῦ
432 1873 691 1962 Εὐρυκρατίδεω
702 1879 763 1941 τοῦ
774 1870 1001 1963 Ἀναξάνδρου
1017 1882 1078 1943 τοῦ
1089 1875 1204 1965 Εὐρυ-

202 1976 341 2060 κράτεος
355 1981 417 2043 τοῦ
430 1975 640 2058 Πολυδώρου
658 1978 718 2040 τοῦ
729 1968 944 2057 Ἀλκαμένεος
960 1981 1022 2041 τοῦ
1036 1977 1206 2061 Ῥηλέιιλον
1291 1972 1293 1979 ⁴

202 2100 262 2142 του
249 2070 431 2159 Ἀρχέλεω
446 2100 506 2141 του
492 2071 700 2159 Ἡγησίλεω
715 2095 777 2138 του
763 2070 978 2156 Δορύσσου
993 2097 1055 2139 του
1040 2072 1209 2159 Λεωβό-

202 2160 308 2257 βότεω
322 2177 383 2238 τοῦ
396 2168 611 2256 Ἐχεστράτου
626 2195 686 2236 του
672 2167 811 2254 Ἤγιος
824 2193 885 2235 του
871 2166 1135 2251 Εὐρυσθένεος
1146 2178 1208 2238 τοῦ

199 2266 439 2355 Ἀριστοδήμου
453 2276 515 2336 τοῦ
527 2266 766 2355 Ἀριστομύχου
780 2292 839 2334 του
826 2271 1041 2336 Κλεοδαίου
1055 2275 1116 2336 τοῦ
1129 2267 1207 2338 “m-

202 2375 265 2436 λου
275 2391 335 2434 του
321 2364 533 2451 Ἡρακλέος,
545 2364 750 2451 κτησάμενος
759 2391 822 2450 την
831 2370 1038 2453 βασιληίην’
1021 2368 1207 2456 ενΣπύρτη

133 2467 235 2545 νουέξ
133 2461 514 2552 νουᾶπροοδοκήτου.
552 2467 666 2558 alt-{mv
684 2487 750 2551 γαρ
771 2467 806 2530 υ
791 2462 949 2532 ίέόντων
969 2468 1207 2554 πρεσβυτέρων

204 2560 378 2650 ἀδελφεῶν
398 2562 604 2651 Κλεομένεός
630 2589 664 2630 τε
686 2561 741 2629 καὶ
762 2565 912 2649 Δωριέος
938 2561 1122 2651 ἀπελήλατο
1149 2571 1208 2651 τῆς

204 2667 382 2751 φροντίδος
396 2664 541 2751 περὶτῆς
556 2666 738 2750 βασιληίης.
761 2656 995 2740 ἀποθανόντος
1010 2661 1047 2730 δέ
1058 2665 1209 2748 Κλεομέ-

204 2789 279 2841 νεος
293 2761 433 2839 ἄπαιδος
447 2767 582 2849 ἔρσενος
596 2760 721 2847 γόνου,
738 2763 889 2849 Δωριέος
903 2785 938 2829 τε
955 2757 1067 2828 οὐκέτι
1081 2761 1206 2848 ἐόντος,
1290 2824 1291 2857 ÷

205 2859 288 2930 ἀλλὰ
304 2859 560 2948 τελευτήσαντος
573 2866 628 2928 καλ
648 2859 771 2927 τούτου
785 2861 822 2926 έν
838 2863 992 2945 Σικελίη,
1010 2857 1100 2926 οὕτω
1117 2856 1159 2945 δὴ
1174 2861 1208 2938 ές
1290 2870 1291 2895 ¹

204 2964 378 3045 Λεωνίδην
392 2955 548 3047 ἀνέβαινε
561 2956 582 3044 ἡ
598 2964 769 3046 βασιληίη,
787 2958 842 3025 καί
857 2955 943 3024 διότι
956 2955 1119 3044 πρότερος
1133 2959 1208 3042 έγε-

204 3058 301 3146 γόνεε
313 3057 549 3146 Κλεομβρότου
565 3049 678 3146 (οὗτος
690 3053 754 3142 γὰρ
765 3049 810 3142 ἦν
819 3053 983 3134 νεότατος
992 3051 1209 3140 Ἀναξανδρί-

204 3161 269 3224 δεω
280 3166 381 3241 παῖς),
397 3157 451 3223 καὶ
463 3154 503 3241 δὴ
515 3159 570 3224 καὶ
582 3154 644 3241 εἶχε
657 3156 861 3239 Κλεομένεος
869 3155 1050 3240 θυγατέρα.
1066 3148 1122 3230 'os
1133 3150 1208 3218 τότε

202 3250 255 3340 ἤτε
266 3254 298 3330 ές
305 3251 526 3336 Θερμοπύλας
538 3253 770 3338 ἐπιλεξάμενος
781 3249 906 3340 ἄνδρας
915 3277 951 3320 τε
961 3248 1041 3330 τούς
1051 3267 1209 3318 κατεστε·

204 3353 289 3425 ῶτας
309 3355 534 3435 τριηκοσίους,
564 3353 619 3417 καὶ
638 3363 722 3417 τοῖσι
747 3349 930 3435 ἐτύγχανον
949 3351 1065 3425 παῖδες
1084 3347 1207 3425 έόντες.

202 3442 407 3532 παραλαβών
421 3449 457 3513 δὲ
468 3444 603 3515 ἀπίκετο
617 3449 672 3516 καί
683 3455 841 3535 Θηβαίων
851 3444 931 3525 τούς
941 3448 975 3525 ές
984 3442 1044 3514 τόν
1055 3440 1209 3531 ἀριθμόν
