2536 3934
196 244 240 316 78
574 249 825 311 HERODOTI

197 411 447 500 ἀπεσχίσθησαν
461 412 498 481 δὲ
512 409 577 481 ἀπό
593 420 661 482 τῶν
672 411 784 481 ἀλλων
795 408 917 478 Ἰοίνων
928 401 1023 478 οὗτοι
1034 405 1104 479 κατ’
1117 408 1201 481 ἀλλο
1250 474 1251 479 ,

197 511 260 599 μὲν
273 510 391 599 οὐδὲν,
413 510 575 591 ἀσθενέος
596 511 633 580 δέ
648 512 761 590 ἐόντος
777 516 839 578 τοῦ
853 507 977 591 παντός
991 511 1067 580 τότε
1081 508 1202 598 Ἑλλη·
1250 486 1253 563 λ

197 617 295 679 νικού
315 614 445 698 γένεος,
467 618 578 701 πολλῷ
600 611 638 679 δέ
661 604 706 698 ήν
726 608 972 679 ἀσθενέστατον
984 616 1054 679 τῶν
1069 612 1201 680 ἐθνέων
1253 668 1254 705 ,

196 708 234 778 τὰ
245 708 393 779 Ἰωνικόν
413 714 469 778 καί
488 711 592 797 λόχου
606 715 796 798 ἐλαχίστου·
825 709 877 778 ὅτι
899 708 965 800 μάρ
989 709 1034 799 μή
1046 710 1201 799 Ἆθήναι,
1253 712 1254 791 ξ

197 800 241 896 ήν
266 808 366 879 οὐδὲν
393 808 474 880 ἀλλο
498 812 645 898 πόλισμα
671 811 820 898 λόγιμον.
870 814 904 878 os
926 813 987 896 μέν
1011 837 1077 878 νυν
1102 807 1203 879 ἀλλοι
1254 852 1255 895 ι

187 907 301 988 Ἴωνες
317 912 372 977 καὶ
395 914 429 1001 οί
443 907 616 997 Ἀθηναῖοι
637 916 767 997 ἔφυγον
787 907 824 977 τό
841 908 988 998 οὐνομα,
1010 908 1052 979 οὐ
1075 909 1203 999 βουλό·
1254 902 1255 917 ’

198 1002 413 1094 μενοιἼωύες
429 1015 630 1096 κεκλῆσθαι,
649 1005 731 1077 ἀλλά
748 1010 804 1075 καί
818 1013 885 1075 νύν
901 1014 1081 1095 φαίνονταί
1093 1033 1151 1094 μοι
1169 1009 1204 1074 oc
1255 1038 1256 1077 ι

198 1108 315 1175 πολλοὶ
329 1105 441 1175 αὐτῶν
456 1108 718 1196 ἐπαισχύνεσθαι
732 1113 779 1197 τῷ
794 1103 974 1193 οὐνόματι·
1006 1110 1043 1176 αί
1054 1106 1091 1174 δὲ
1108 1105 1200 1174 δυω’·

199 1210 280 1273 δεκα
300 1205 413 1285 πόλιες
435 1199 534 1275 αὗται
552 1213 599 1301 τῷ
620 1232 656 1276 τε
677 1204 839 1293 οὐνόματι
852 1203 1037 1293 ἠγάλλοντο
1053 1207 1108 1274 καί
1122 1200 1202 1291 ίρόν

198 1303 378 1389 ἱδρύσαντο
395 1307 447 1373 ἐπὶ
460 1309 574 1392 σφέων
591 1304 738 1394 αὐτέων,
759 1314 805 1398 τῷ
822 1303 952 1394 οὐνομα
968 1311 1085 1375 ἔθεντο
1101 1311 1201 1373 Παν-

199 1401 334 1489 ιοόνιον,
356 1405 599 1490 ἐβουλεύσαντο
621 1405 657 1474 δέ
679 1404 784 1474 αὐτοῦ
799 1410 1002 1492 μεταδοῦναι
1016 1409 1199 1493 μηδαμοῖσι

200 1499 329 1568 ἀλλοισι
346 1499 468 1570 Ἰαόνων
492 1499 582 1588 (οὐδ’
598 1505 787 1591 ἐδεήθησαν
807 1503 844 1572 δὲ
858 1501 999 1591 οὐδαμοὶ
1015 1516 1199 1591 μετασχεῖν,

135 1613 182 1667 142
198 1597 250 1666 ὅτι
274 1596 319 1686 μή
341 1604 562 1689 Σμυρναίοι),
578 1604 673 1670 ’κατύ
698 1628 761 1690 περ
789 1608 824 1671 οί
844 1607 880 1672 ἐκ
901 1610 958 1692 τής
981 1601 1200 1678 πενταπόλιος

198 1704 265 1766 νῦν
279 1697 387 1785 χω’ρης
402 1703 568 1793 Δωριέες,
590 1703 756 1792 πρότερον
779 1703 816 1771 δὲ
836 1703 1006 1785 ἑξαπόλιος
1028 1698 1202 1790 τήςαύτής

198 1796 321 1884 ταύτης
344 1799 562 1887 καλεομένης,
591 1801 822 1886 φυλάσσονται
842 1795 891 1872 ἀν
911 1801 1084 1891 μηδαμοὺς
1107 1804 1202 1872 ἐσδέ-

200 1905 322 1980 ξασθαι
341 1906 410 1968 τῶν
424 1909 615 1986 προσοίκων
629 1907 794 1992 Δωριέων
810 1907 843 1984 ἐς
855 1903 893 1973 τὸ
914 1900 1097 1994 Τριοπικὸν
1110 1898 1200 1990 ίρόν,

200 1996 284 2066 ἀλλά
298 1999 354 2066 καλ
369 2001 483 2086 σφέων
504 1997 617 2069 αὐτῶν
633 1999 713 2082 τούς
735 2006 812 2087 περὶ
826 2001 863 2071 τό
878 2002 954 2091 ίρὸν
966 2001 1202 2091 ἀνομήσαντας

200 2098 392 2187 ἐξεκλήισαν
416 2106 474 2188 τής
498 2108 643 2190 μετοχῆς.
685 2103 723 2170 ἐν
744 2099 876 2194 γὰρτῷ
898 2101 1004 2189 ἀγῶνι
1017 2108 1079 2170 τοῦ
1099 2106 1202 2189 Τριο-

199 2207 279 2269 πίου
290 2198 497 2281 ’Λπόλλωνος
518 2204 673 2271 ἐτίθεσαν
692 2198 730 2270 τό
745 2202 918 2271 πάλαιί
862 2227 901 2291 τρ
903 2205 1021 2281 ίποδας
1039 2198 1202 2288 χαλκέους

199 2313 285 2367 τοῖσι
298 2299 455 2385 νικέουσι,
473 2302 528 2368 καὶ
545 2301 686 2381 τούτους
696 2308 790 2425 χρήν
810 2297 889 2380 τούς
909 2298 1141 2388 λαμβάνοντας
1161 2297 1200 2363 ἐκ

199 2422 260 2465 του
245 2401 354 2485 ίρού
375 2398 419 2519 μή
442 2400 613 2489 ἐκφέρειν,
636 2398 705 2470 ἀλλ’
724 2399 829 2470 αὐτου
815 2399 1040 2470 ἀνατιθέναι
1053 2426 1098 2492 ιφ
1084 2402 1198 2488 θεω.

200 2490 287 2581 ἀνήρ
313 2486 362 2561 ύν
380 2493 656 2587 Αλιτιαρνησεύς,
685 2526 731 2592 τω
757 2498 887 2586 οὐνομα
910 2493 955 2588 ήν
977 2465 1199 2619 Ἀμασικλέής,

200 2592 339 2681 νικήσας
351 2591 413 2661 τόν
427 2595 534 2683 νόμον
550 2568 766 2720 κατηλόχήσε,
782 2600 896 2687 φέρων
910 2598 947 2666 δέ
960 2595 1043 2685 πρὸς
1056 2594 1097 2665 τά
1112 2619 1201 2663 εωυ-

200 2697 261 2761 τοῦ
281 2696 334 2761 οίκ
335 2695 370 2760 ία
388 2695 705 2782 προσεπασσαλευσε
727 2694 788 2764 τόν
811 2699 960 2785 τρίποδα.
996 2692 1201 2777 διὰταύτην

199 2789 262 2879 τήν
278 2796 386 2878 αίτίην
400 2798 437 2863 αί
447 2799 545 2863 πέντε
558 2793 689 2882 πόλιες,
712 2799 835 2874 Λίνδος
855 2795 911 2863 καί
926 2790 1073 2879 Ἰηλυσός
1091 2816 1126 2859 τε
1142 2791 1201 2856 καὶ

199 2890 367 2978 Κάμειρος
386 2895 441 2960 καὶ
455 2900 532 2973 Κῶς
551 2918 588 2961 τε
612 2896 667 2971 καὶ
678 2897 813 2982 Κνίδος,
822 2891 1015 2979 ἐξεκλήισαν
1029 2896 1087 2978 τής
1100 2914 1201 2976 μετα·

198 2997 258 3077 χής
277 2986 341 3077 τήν
362 2992 460 3079 ἕκτην
479 2992 580 3061 πόλιν
594 2990 847 3080 Ἀλικαρνησόν.
886 2990 1034 3059 τούτοισι
1054 2993 1115 3077 μέν
1131 2998 1201 3056 νυν

133 3103 181 3158 145
198 3087 323 3175 ταύτην
341 3087 405 3175 τήν
426 3095 543 3178 ζημίην
562 3083 657 3159 οὗτοι
678 3094 857 3179 ἐπέθηκαν.
902 3091 1070 3159 Δοκέουσι
1090 3091 1130 3155 δέ
1140 3111 1201 3172 μοι

199 3189 351 3259 δυόδεκα
387 3188 480 3270 πόλις
513 3191 719 3280 ποιήσασθαι
740 3195 775 3261 ol
790 3190 905 3270 Ἴωνες
925 3190 981 3257 καί
1001 3183 1064 3254 οὐκ
1078 3188 1202 3270 ἐθελή-

198 3307 254 3356 σαι
275 3294 421 3367 πλεῦνας
441 3292 638 3369 ἐσδέξασθαι
659 3295 760 3361 τούδε
776 3293 921 3377 εἵνεκεν,
947 3284 999 3354 ὅτι
1012 3286 1068 3353 καὶ
1085 3282 1140 3352 ότε
1160 3284 1200 3350 ἐν

197 3385 445 3477 Πελοποννήσῳ
463 3395 591 3475 οἴκεον,
612 3388 766 3457 δυόδεκα
785 3381 831 3477 ήν
844 3385 957 3457 αὐτῶν
974 3386 1092 3471 μέρεα,
1113 3378 1200 3448 κατά

198 3509 261 3577 περ
295 3494 363 3556 νῦν
389 3483 529 3577 Ἀχαιοῖν
555 3494 624 3559 τῶν
654 3491 881 3573 ἐξελασάντων
894 3486 1014 3567 Ἴωνας
1044 3478 1200 3555 δυόδεννῖ
