2626 3932
199 223 242 286 80
533 307 537 320 ,
578 223 830 280 HERODOTI

200 385 294 471 διέβη
305 383 499 468 ἐςΑἰγιναν,
506 381 711 468 βουλόμενος
723 386 1118 470 συλλαβείνΑίγινητέων
1129 381 1212 463 τοὺς

158 535 161 543 ,
200 481 423 559 αἰτιωτάτους.
454 476 498 559 ὡς
513 479 549 547 δέ
566 481 719 567 ἐπειρᾶτο
734 479 993 567 συλλαμβάνων,
1010 477 1105 549 άλλοι
1115 504 1152 548 τε
1166 476 1209 567 δη

200 577 290 670 αὐτῷ
310 581 460 665 ἐγίνοντο
484 574 629 657 ἀντίξοοι
649 583 718 645 τῶν
736 578 960 665 Αἰγινητέων,
987 579 1024 645 έν
1046 577 1082 644 δέ
1098 573 1138 663 δὴ
1153 578 1211 644 καί
1298 602 1300 615 ·

199 675 302 767 Κρῑος
316 676 334 746 ὁ
350 683 563 765 Πολυκρίτου
580 677 739 763 μάλιστα,
754 673 792 756 δς
803 674 867 745 οὐκ
883 682 948 763 ἔφη
963 672 1068 745 αὐτὸν
1083 673 1210 744 οάδέυα

200 776 292 858 ἀξειν
305 781 465 864 χαίροντα
475 776 700 862 Αἰγινητέων·
724 772 808 843 ἀνευ
817 776 884 864 γάρ
898 802 957 863 μιν
967 777 1210 863 Σπαρτιητέων

199 882 260 944 τοῦ
274 881 392 944 κοινοῦ
403 876 530 944 ποιέειν
544 881 648 942 ταῦτα
665 871 725 942 ὑπ’
738 872 928 962 Ἀθηναίων
943 872 1210 960 ἀναγνωσθέντα

198 972 357 1060 χρήμασι·
380 970 449 1059 ἅμα
457 970 524 1061 γάρ
534 971 578 1040 ἀν
588 999 648 1059 μιν
658 978 704 1064 τῷ
716 976 815 1065 έτέρμ
827 976 958 1060 βασιλέι·
967 974 1112 1043 ἐλθόντα
1124 982 1210 1041 συλ-

200 1069 395 1157 λαμβάνων.
420 1074 512 1156 ἐλεγε
523 1070 560 1139 δὲ
573 1077 678 1138 ταῦτα
689 1073 722 1151 έξ
734 1074 908 1159 ἐπιστολῆς
921 1079 979 1160 τῆς
989 1071 1208 1160 Δημαρήτου.

201 1170 392 1254 Κλεομένης
408 1167 444 1236 δέ
458 1164 730 1255 ἀπελαυνόμενος
745 1172 781 1238 ἐκ
795 1176 854 1263 τῆς
869 1176 1010 1258 Αἰγίνης
1025 1181 1130 1259 εἰρετο
1147 1168 1210 1238 τὸν

200 1273 324 1355 Κρλον,
342 1265 407 1336 ὅτι
422 1271 457 1336 οί
469 1275 519 1353 είη
533 1263 571 1335 τό
589 1265 735 1354 οὕνομα·
765 1265 783 1336 ὁ
802 1270 841 1336 δέ
855 1273 890 1337 οἰ
903 1267 941 1337 τὸ
957 1266 1014 1337 έδν
1029 1274 1162 1357 ἔφρασε.
1190 1267 1208 1338 ὁ

201 1367 237 1435 δὲ
252 1370 443 1454 Κλεομένης
456 1364 540 1455 πρδς
552 1363 656 1434 αὐτὸν
667 1371 731 1453 ἔφη
742 1392 749 1406 ·
761 1364 848 1453 Ἤδη
864 1374 931 1436 νῦν
945 1372 1165 1454 καταχαλκοῦ,
1182 1360 1210 1435 ἀ

200 1469 289 1552 κριὲ,
304 1464 345 1534 τά
359 1470 458 1551 κέρεα
475 1465 520 1545 ὡς
534 1466 775 1553 συνοισόμενος
789 1467 922 1559 μεγάλω
937 1474 1038 1559 κακῷ.
1299 1534 1300 1537 ,

151 1594 184 1645 51
281 1564 336 1633 'Ev
350 1566 387 1633 δὲ
398 1573 438 1655 τῇ
447 1564 590 1655 Σπάρτη
603 1572 724 1634 τοῦτον
737 1562 798 1634 τδν
807 1566 932 1655 χρόνον
942 1563 1123 1653 ὑπομένων
1132 1575 1210 1653 Δη-
1297 1606 1300 1645 2

198 1665 345 1753 μάρητος
358 1662 376 1733 ὁ
389 1662 586 1750 Ἀρίστωνος
600 1668 753 1752 διέβαλλε
766 1662 827 1734 τδν
840 1667 1047 1752 Κλεομένεα,
1063 1661 1129 1732 ἐάν
1143 1671 1209 1751 βα·
1299 1750 1300 1755 ¹

199 1763 312 1845 σιλεύς
326 1768 381 1834 καί
394 1759 492 1846 οὗτος
503 1770 759 1855 Σπαρτιητέων,
775 1771 881 1853 οἰκίης
891 1766 928 1835 δέ
939 1772 996 1852 τῆς
1007 1764 1209 1834 ὑποδεεστέ-
1299 1790 1300 1847 g

200 1889 277 1952 ρης,
299 1861 373 1932 κατ’
392 1863 473 1933 ἀλλο
494 1866 556 1952 μὲν
576 1864 677 1936 οὐδέν
697 1864 938 1952 ὑποδεεστέρης
959 1862 1039 1955 (ἀπὸ
1058 1861 1124 1952 γάρ
1144 1870 1208 1931 τοῦ

200 1960 306 2031 αὐτοῦ
322 1963 514 2050 γεγόνασι),
532 1961 616 2032 κατά
633 1965 897 2052 πρεσβυγένειαν
909 1965 948 2031 δέ
960 1989 1026 2042 κως
1040 1968 1209 2049 τετίμηται

150 2084 185 2138 52
200 2069 328 2149 μᾶλλον
342 2062 363 2151 ἡ
376 2061 623 2150 Εὐρυσθένεος.
646 2062 907 2149 Λακεδαιμόνιοι
924 2059 989 2150 γάρ
1003 2058 1203 2149 ὁμολογέον·
1232 2090 1235 2094 ·

198 2187 252 2241 τες
266 2158 381 2230 οὐδενί
398 2168 518 2249 ποιητῇ
529 2166 664 2247 λέγουσι
678 2158 783 2229 αὐτὸν
794 2159 1032 2249 Ἀριστόδημον
1044 2158 1107 2249 τὸν
1116 2158 1209 2248 Ἀρι-

199 2262 367 2348 στομάχου
387 2266 449 2326 τοῦ
466 2262 654 2327 Κλεοδαίου
673 2266 735 2328 τοῦ
746 2257 867 2328 Ὕλλου
882 2258 1103 2347 βασιλεύοντα
1121 2256 1209 2345 ἀγα-

198 2373 271 2446 γεῖν
287 2358 390 2443 σφέας
404 2359 437 2434 ἐς
450 2356 576 2442 ταύτην
586 2354 648 2443 τὴν
661 2358 790 2446 χώρην,
804 2356 867 2446 τὴν
877 2365 943 2426 νῦν
954 2360 1113 2445 ἐκτέαται,
1129 2354 1207 2435 ἀλλ’
1298 2396 1299 2435 ;

200 2454 331 2534 οὐτοδς
345 2453 584 2542 Ἀριστοδήμου
596 2461 724 2536 παῖδας.
746 2454 828 2544 μετά
840 2457 877 2526 δὲ
886 2457 1011 2544 χρόνον
1025 2453 1067 2524 οὐ
1078 2453 1209 2524 πολλδυ
1292 2466 1299 2551 η

196 2552 419 2647 Ἀριστοδήμῳ
439 2568 548 2623 τεκεῖν
562 2551 630 2641 Ιτὴν
648 2570 808 2642 γυναῖκα,
831 2562 872 2644 τῇ
886 2552 1016 2641 οὕνομα
1034 2551 1209 2641 εἰναιἈρ-
1236 2554 1240 2559 ’
1297 2564 1299 2639 ξ

197 2661 308 2743 γείην·
326 2654 498 2741 θυγατέρα
508 2655 546 2722 δὲ
556 2651 663 2741 αὐτὴν
673 2659 808 2741 λέγουσι
824 2651 908 2722 εἶναι
919 2651 1129 2731 Αὐτεσίωνος
1143 2661 1209 2721 τοῦ
1238 2677 1242 2683 ’

202 2761 392 2841 Τισαμενοῦ
402 2760 464 2822 τοῦ
475 2752 695 2841 Θερσάνδρου
704 2760 766 2821 τοῦ
774 2759 1014 2832 Πολυνείκεος·
1029 2751 1157 2839 ταύτην
1169 2753 1210 2821 δὲ

199 2868 307 2920 τεκεῖν
322 2856 461 2939 δίδυμα,
486 2854 643 2920 ἐπιδόντα
658 2854 695 2920 δέ
711 2850 771 2920 τὸν
790 2850 1029 2940 Ἀριστόδημον
1049 2849 1209 2919 τὰτέκνα

199 2950 313 3045 νοόσμ
326 2958 493 3019 τελευτᾶν.
536 2955 824 3038 Λακεδαιμονίους
845 2948 883 3019 δέ
898 2947 978 3029 τοδς
997 2947 1072 3018 τότε
1087 2948 1208 3029 ἐόντας

198 3056 380 3139 βουλεῦσαι
394 3047 477 3118 κατά
491 3049 599 3136 νόμον
609 3052 747 3138 βασιλέα
756 3057 824 3119 τῶν
837 3054 967 3118 παίδων
981 3048 1041 3119 τὸν
1055 3050 1211 3137 πρεσβύ·
1297 3116 1298 3133 ,

171 3217 174 3222 ,
198 3174 297 3235 τερον
318 3148 539 3235 ποιήσασθαι·
572 3147 642 3218 οὐκ·
656 3143 705 3217 οἷν
726 3151 768 3238 δή
789 3172 894 3237 σφεας
916 3154 1020 3237 ἔχειν,
1043 3146 1210 3236 ὁκότερον
1297 3144 1298 3163 ’

198 3249 355 3331 ἕλωνται,
374 3243 457 3313 ὥστε
471 3248 527 3314 καί
537 3243 664 3333 ὁμοίων
675 3249 730 3316 καί
741 3256 824 3318 ἰσων
835 3246 977 3316 ἐόντων·
1000 3242 1042 3313 οό
1057 3248 1211 3332 δυναμέ-

200 3368 280 3423 νους
291 3343 327 3411 δέ
337 3351 481 3430 γνῶναι,
493 3339 516 3430 ἢ
527 3347 582 3414 καί
592 3345 657 3433 πρό
670 3346 803 3433 τούτου,
819 3349 1002 3433 ἐπειρωτᾶν
1012 3341 1074 3431 τὴν
1084 3352 1206 3414 τεκοῦυ
1297 3340 1298 3345 ¹

198 3460 271 3507 σαν.
290 3440 352 3525 τὴν
364 3442 400 3511 δέ
410 3441 603 3533 οὐδὲαάτην
615 3444 719 3531 φάναι
732 3446 984 3534 διαγινώσκειν·
1001 3448 1131 3516 εἰδυῖαν
1141 3447 1210 3534 μέν
