2606 3920
337 262 421 319 LIB.
453 263 525 318 VIII.
558 261 656 318 CAP.
691 269 863 322 123-128„
1040 261 1100 322 277

97 421 133 487 δὲ
148 426 217 488 τῶν
234 426 444 490 Πλαταιικῶν
462 420 660 504 καὶμᾶλλον
680 425 726 486 ἔτι
740 418 938 507 γενόμενος,
961 419 1047 507 ἔχων
1065 426 1099 501 ἓξ

10 550 11 581 ;
96 519 262 606 μυριάδας
275 526 418 606 στρατοῦ
434 525 496 586 τού
506 517 703 601 Μαρδόνιος
717 520 893 605 ἐξελέξατο,
908 526 1098 608 προέπεμπε

10 616 12 665 I
96 620 233 703 βασιλέα
248 620 342 703 μέχρι
357 623 417 684 τοῦ
431 615 549 703 πόρου.
582 612 707 693 ὡςδέό
724 610 1096 707 μένῆνέντηἈσίη,ὁ

97 713 133 780 δὲ
150 711 255 781 ὀπίσω
269 713 496 800 πορευόμενος
510 712 593 781 κατά
608 711 671 799 την
687 714 868 801 Παλλήνην
882 719 1025 804 ἐγίνετο,
1042 717 1099 786 ἅτε

10 834 12 861 fl
98 816 299 897 Μαρδονίου
313 839 348 881 τε
363 818 603 899 χειμερίζοντος
616 813 690 898 περὶ
704 819 892 899 Θεσσαλίην
903 839 938 881 τε
952 814 1008 882 καὶ
1018 821 1098 881 Μα-

97 916 253 998 κεδονίην
268 916 324 981 καὶ
337 911 437 981 οὐδέν
457 938 510 979 κω
528 916 779 996 κατεπείγοντος
792 908 888 996 ἥκειν
910 914 943 991 ές
962 912 998 980 τό
1016 911 1097 981 ἄλλο

97 1010 338 1098 στρατόπεδον,
367 1009 429 1078 ούκ
449 1013 594 1078 ἐδικαίευ
617 1006 764 1095 ίντυχωυ
789 1009 973 1080 ἀπεστεῶσι
995 1019 1097 1080 Ποτι-

97 1107 249 1197 δαιήτῃσι
259 1108 304 1196 μὴ
317 1106 379 1177 ούκ
390 1112 736 1195 ε’ξανδραποδίσασθαί
746 1127 858 1193 σφεας.
880 1114 914 1177 oc
921 1108 985 1197 γάρ
995 1119 1098 1178 Ποτι-

97 1212 237 1293 δαιῆται,
255 1205 299 1286 ὡς
309 1205 465 1295 βασιλεύς
476 1205 736 1294 παρεξεληλάκεε
747 1210 802 1273 καί
813 1203 831 1274 ό
844 1205 1001 1286 ναυτικὸς
1012 1221 1098 1275 τοῖσι

95 1310 245 1394 Πέρσησι
260 1306 394 1391 οίχύκεε
410 1306 547 1392 φεύγων
559 1309 595 1373 ἐκ
606 1313 663 1391 της
674 1313 881 1392 Σαλαμῖνος,
904 1309 940 1374 ἐκ
956 1313 1017 1374 τοῦ
1030 1332 1097 1391 φα·

96 1412 198 1489 νερού
216 1403 405 1473 ἀπέστασαν
421 1402 487 1471 άπὸ
508 1406 787 1492 τῶνβαρβάρων·
817 1402 860 1482 ὡς
875 1404 981 1472 δὲκαὶ
996 1397 1095 1473 ὧλλοι

96 1508 130 1572 οί
138 1501 387 1590 τῆνΠαλλήυηυ
398 1508 536 1589 ἔχοντες.
556 1501 722 1570 Ἐνθαῦτα
733 1499 773 1588 δὴ
786 1499 803 1570 ὁ
817 1499 1011 1592 Ἀρτάβαζος
1019 1507 1097 1572 ἐπο-
1117 1516 1163 1570 ΓΠ

96 1603 226 1686 λιόρκεε
246 1598 510 1688 τήνΠοτίδαιαυ.
541 1597 752 1678 ὑποπτεύσας
770 1599 806 1667 δὲ
820 1603 875 1668 καὶ
888 1599 966 1680 τούς
978 1600 1096 1670 Ὀλυν-

10 1692 14 1723 ”
97 1709 194 1778 θίους
208 1699 411 1768 άπίστασθαι
426 1696 490 1767 άπὸ
506 1702 673 1785 βασιλέος,
689 1700 743 1764 καὶ
757 1698 882 1784 ταύτην
893 1701 1093 1787 ἐπολιόρκεε.

10 1842 12 1897 ,
96 1797 184 1886 εἶχον
201 1801 237 1864 δὲ
248 1795 530 1881 αύτηνΒοττιαίοι
547 1801 581 1864 οί
596 1799 632 1864 ἐκ
646 1801 706 1861 τοῦ
717 1802 885 1881 Θερμαίου
898 1797 1026 1865 κόλπου
1044 1801 1096 1877 ἐξ-

10 1944 12 1993 ;
97 1895 297 1973 αναστάυτες
311 1893 377 1969 ὑπὸ
390 1895 612 1964 Μακεδόνων.
635 1897 704 1962 ἐπεὶ
715 1896 754 1960 δέ
765 1912 868 1979 σφεας
880 1891 944 1963 εἷλε
957 1905 1096 1980 πολιορ-

96 1999 198 2080 κέων,
215 1996 397 2078 κατέσφαξε
413 1989 583 2078 ἐξαγαγών
595 1994 628 2070 ἐς
646 1998 783 2078 λίμνην,
799 1990 861 2079 τὴν
872 1996 908 2061 δὲ
919 1994 1020 2062 πόλιν
1030 2021 1096 2061 πα-

96 2090 447 2183 ραδιδοϊΠριτοβούλω
457 2096 636 2180 Τορωναίῳ
646 2088 876 2176 ἐπιτροπεύειν
885 2095 940 2158 καλ
949 2098 994 2181 τῷ
1002 2099 1095 2159 Χαλ-

95 2194 211 2280 κιδικῷ
226 2190 331 2274 γένεϊ,
347 2192 401 2257 καὶ
417 2187 504 2256 οὕτω
514 2180 682 2256 ’Όλυνθον
692 2189 870 2266 Χαλκιδέες
882 2194 988 2273 ἔσχον.
1008 2186 1094 2267 Ἐξε-
1112 2198 1163 2251 128

94 2287 164 2358 λων
185 2287 221 2355 δὲ
240 2287 366 2373 ταύτην
386 2285 404 2355 ὁ
424 2285 618 2376 Ἀρτάβαζος
639 2294 678 2374 τῇ
693 2291 854 2374 Ποτιδαίη
873 2289 1095 2372 ἐντεταμένως

93 2401 261 2475 προσεῖχε,
283 2389 477 2473 προσέχοντι
498 2391 536 2454 δέ
554 2391 588 2454 οἱ
602 2385 788 2472 προθύμως
802 2391 995 2453 συντίθεται
1009 2408 1094 2467 προ-

95 2491 211 2571 δοσίην
228 2486 419 2571 Τιμόξεινος
434 2484 452 2554 ὁ
466 2494 535 2554 τῶν
548 2491 748 2554 Σκιωναίων
762 2482 959 2570 στρατηγός,
975 2482 1092 2552 όντιυα

95 2586 155 2652 μὲν
168 2583 295 2669 τρόπον
311 2582 426 2671 ἀρχὴν,
444 2590 547 2670 ἔγωγε
564 2581 626 2651 ούκ
639 2589 700 2668 ἔχω
716 2588 819 2650 εἰπεῖν
833 2579 890 2668 (ού
901 2580 964 2668 γάρ
978 2575 1027 2649 τόν
1038 2584 1094 2649 λέ-

93 2686 217 2767 γεται),
235 2686 328 2760 τέλος
341 2684 455 2768 μέντοι
469 2682 582 2750 τοιάδε
597 2683 739 2767 ἐγίνετο·
762 2677 847 2758 όκως
861 2687 993 2767 βιβλίον
1007 2681 1094 2767 γρά-

94 2793 165 2858 ψειε
184 2775 206 2864 ἢ
228 2778 419 2865 Τιμόξεινος
441 2780 568 2847 ἐθέλων
588 2776 677 2862 παρά
701 2776 899 2865 Ἀρτάβαζον
922 2782 1048 2864 πέμψαι
1071 2775 1094 2865 ἢ

89 2875 284 2962 Ἀρτάβαζος
299 2874 388 2963 παρὰ
404 2876 612 2963 Τιμόξεινον,
629 2876 827 2961 τοξεύματος
840 2873 929 2961 παρά
941 2873 999 2955 τὰς
1009 2887 1094 2962 γλυ-

92 2978 191 3055 φίδας
211 2979 465 3060 περιειλίξαντες
481 2977 537 3043 καὶ
559 2971 787 3060 πτερώσαντες
806 2970 843 3040 τό
865 2981 997 3061 βιβλίον
1020 2975 1093 3043 έτό·

91 3075 190 3150 ξενον
205 3073 239 3149 ἐς
253 3079 473 3160 συγκείμενον
487 3079 619 3160 χωρίον.
644 3069 796 3150 ἐπάιστος
807 3072 843 3139 δὲ
858 3075 985 3158 ἐγένετο
1000 3073 1018 3141 ὁ
1035 3082 1093 3141 Τι-

90 3169 241 3254 μόξεινος
256 3169 440 3257 προδιδούς
454 3168 516 3258 τὴν
530 3175 723 3239 Ποτίδαιαν.
744 3171 890 3250 τοξεύων
904 3169 969 3259 γάρ
986 3169 1004 3239 ὁ
1017 3169 1092 3258 Ἀρ-

91 3266 227 3352 τάβαζος
239 3268 272 3346 ἐς
286 3265 322 3334 τό
340 3277 570 3357 συγκείμενον,
590 3266 749 3357 ἁμαρτόν
760 3277 820 3337 τού
830 3277 955 3358 χωρίου
968 3271 1092 3339 τούτου

89 3361 203 3446 βάλλει
218 3360 342 3451 άνδρὸς
354 3367 582 3454 Ποτιδαιήτεω
595 3366 656 3434 τόν
671 3359 781 3451 οἶμον,
795 3364 856 3433 τόν
873 3370 909 3434 δὲ
923 3371 1092 3455 βληθέντα

92 3466 285 3549 περιέδραμε
306 3464 436 3553 ὅμιλος,
458 3464 511 3536 οἷα
528 3471 635 3553 φιλέει
656 3472 810 3551 γίνεσθαι
833 3469 869 3534 έν
885 3470 1034 3559 πολέμῳ,
1060 3474 1095 3534 οἳ
