2626 3932
403 229 489 284 ωε.
522 226 569 285 ’τι
601 229 699 287 οΑο.
734 236 839 291 ε-ο.
1083 228 1124 290 63
1184 205 1248 297 f

117 388 278 474 Πριηνέες
290 383 444 473 ὑυοέὺεκα
455 385 556 470 νηυσὶ
565 387 621 453 καὶ
632 389 806 458 Μυούσιοι
816 390 905 476 τρισῖ
916 390 1025 474 νηυσί,

114 492 241 559 ουσίων
262 484 299 553 66
316 483 412 572 Τήιοι
437 494 564 570 εἴχοντο
582 487 800 556 ἑπτακαίδεκα
815 491 931 575 νηυσὶ,
959 495 990 555 Τ
1023 512 1071 556 ωυ
1085 489 1122 555 δέ
1306 498 1307 501 ’

115 596 242 673 εἴχοντο
256 592 335 655 Χῖοι
351 580 472 653 έκατὺν
481 591 598 671 νηυσί·
619 583 703 675 πρὸς
717 585 754 655 δέ
768 586 916 655 τούτοισι
927 583 963 654 'E
983 591 1125 673 ὑθραῖοί

112 718 149 759 τε
166 689 346 759 ἐτάσσοντο
366 689 423 755 καῖ
437 689 621 774 Φωκαιέες,
639 687 833 775 Ἐρυθραῖοι
852 689 914 775 μέν
935 611 1021 771 όήτὺ
1044 686 1121 762 νέας

112 787 352 876 παρεχόμενοι,
371 787 539 863 Φωκαιέες
556 783 593 852 66
610 800 713 871 τρεῖς·
738 787 920 854 Φωκαιέων
938 778 974 852 ὑὲ
993 791 1120 869 εἴχοντο

112 890 251 974 Λέσβιοι
273 886 374 971 νηυσῖ
394 882 640 972 εβέομήκοντα
673 891 856 952 τελευταῖοι
882 882 958 951 ὑλ
940 881 1119 951 ετάσσοντο

19 1045 23 1053 .
112 993 243 1073 ἔχοντες
256 982 294 1053 τό
311 982 394 1071 πρὸς
417 986 515 1068 ἕσπέρ
495 1009 560 1104 ρην
576 985 675 1072 κέρας
691 984 816 1070 Σάμιοι
834 983 992 1070 εξήκοντα
1007 988 1116 1070 νηυσί.

80 1086 247 1163 ,πασέων
267 1085 304 1152 δὲ
324 1082 455 1151 τούτων
476 1076 493 1149 6
510 1083 643 1169 σύμπας
660 1079 805 1169 ἀριθμός
818 1085 948 1169 ἐγένετο
962 1095 1049 1169 τρεῖς
1038 1083 1119 1148 καὶ

111 1183 319 1270 πεντήκοντα
334 1185 389 1250 καῖ
405 1182 592 1270 τριηκόσιαι
607 1182 765 1270 τριήρεες
798 1175 897 1252 αὑται
916 1183 978 1269 μέν
995 1181 1118 1251 Ιωυωυ
1133 1200 1150 1254 9

109 1278 215 1371 ἦσαν,
229 1307 298 1349 των
313 1280 546 1370 δὲβαρβάρων
560 1309 596 1350 το
585 1280 742 1369 πλῆθος
754 1309 823 1351 των
836 1290 925 1351 νεῶν
939 1272 1026 1371 ἦσαν
1042 1282 1116 1363 ἑξα-

110 1387 231 1455 κόσιαι.
255 1380 300 1463 ὡς
314 1381 351 1452 δέ
365 1376 480 1452 καὶ
434 1410 534 1451 αυται
549 1382 689 1452 ἀπίκατο
705 1381 788 1470 πρὸς
802 1381 864 1471 τήν
876 1390 1007 1472 Μιλησί
1005 1409 1049 1470 ην
992 1384 1118 1452 ίκαὶ

109 1512 127 1554 ο
114 1482 241 1566 πεζός
252 1501 314 1569 σφι
324 1481 411 1562 άπας
425 1489 553 1570 παρῆν,
569 1484 718 1551 ἐνθαῦτα
728 1486 762 1550 οἴ
770 1484 929 1569 Περσέων
940 1469 1118 1568 στρατχχοί

109 1584 301 1670 πυθόμενοι
320 1577 358 1649 τό
374 1587 504 1668 πληθος
517 1587 585 1648 τῶν
602 1578 719 1649 Ἰάδων
734 1605 822 1648 νεων
842 1572 1130 1668 καταρράδησαν,

109 1680 154 1803 μή
174 1707 217 1749 ου
205 1679 369 1748 ’δυνατοὶ
381 1681 547 1769 γένωνται
564 1676 831 1766 ὑπερβαλέσθαι,
853 1680 909 1746 και
928 1675 1017 1745 οὑτω
1038 1672 1116 1743 οὔτε

109 1780 172 1869 τήν
182 1786 338 1868 Μίλητον
352 1773 463 1848 οἷοίτε
477 1784 556 1848 έωσι
567 1778 744 1860 ἐξελεῖν
703 1806 747 1866 μη
763 1776 827 1848 οὐκ
841 1778 952 1855 ἐόντες
965 1774 1116 1858 ναυκρά·

109 1903 221 1966 τορες,
243 1877 327 1966 πρός
341 1903 377 1946 τε
392 1883 541 1963 Δαρείου
556 1878 802 1946 κινδυνεύσωσι
821 1875 927 1944 κακόν
941 1901 974 1942 τι
988 1879 1113 1958 λαβεῖν.

108 1983 213 2045 ταῦτα
225 1973 454 2061 ἐπιλεγόμενοι
465 1977 680 2057 συλλέξαντες
690 1981 759 2043 τῶν
769 1972 891 2043 Ἰαόνων
899 1971 979 2051 τοὺς
988 1969 1116 2058 τυράν-

109 2099 203 2160 νους,
215 2069 275 2142 οἳ
258 2096 306 2140 υπ
309 2069 571 2159 ’Ἀρισταγόρεω
582 2074 645 2159 μέν
656 2077 894 2158 τοῦΜιλησίου
905 2072 1115 2139 καταλυθέν·

112 2200 166 2254 τες
181 2199 249 2241 των
265 2169 393 2258 άρχέων
407 2177 555 2258 ἔφευγον
572 2174 605 2250 ές
615 2172 774 2260 Μήδους,
791 2172 975 2265 ἐτύγχανον
989 2170 1079 2240 δέ’
1040 2195 1114 2240 τοτε

6 2329 13 2340 .
111 2269 413 2360 συστρατευόμενοι
429 2263 532 2337 ἐπὶ
495 2294 558 2356 την
568 2270 740 2357 Μίλητον,
753 2269 884 2338 τούτων
896 2276 964 2337 τῶν
978 2266 1114 2356 άνὺρωυ

107 2370 187 2452 τοὺς
197 2367 383 2489 παρεόντας
395 2369 659 2453 συγκαλέσαντες
671 2368 788 2454 ἐλεγόν
798 2387 858 2487 σφι
869 2368 964 2489 τάβε
975 2366 1114 2466 Ἀυὺρες

106 2471 251 2555 Ἴωνες,
253 2473 320 2536 νῦν
334 2492 384 2545 τις
399 2457 568 2550 ὑμέων
528 2490 566 2532 ευ
581 2465 722 2551 ποιήσας
733 2465 872 2553 φανήτω
886 2464 947 2535 τόν
961 2467 1115 2553 βασιλέος

109 2568 219 2639 οἶκον
241 2563 321 2645 τοὺς
334 2563 400 2652 γάρ
412 2566 574 2634 ἑωυτοῦ”
553 2585 689 2644 εκαστος
702 2564 815 2653 ὑμέων
826 2567 984 2655 πολιήτας
995 2567 1114 2653 πειρά-

108 2677 183 2737 σθω
194 2660 409 2750 άποσχίζων’
390 2661 455 2731 από
469 2689 529 2730 του
514 2670 661 2733 λοιποῦ
672 2672 891 2751 συμμαχικοῦ.
912 2666 1114 2753 προῖσχόμε-

107 2789 163 2832 νοι
178 2762 215 2830 δέ
229 2764 472 2847 ἐπαγγείλασθε
485 2761 581 2850 τάδε,
605 2759 649 2841 ὑς
663 2769 839 2831 πείσονταί
849 2789 884 2831 τε
899 2762 997 2850 άχαρι
1012 2757 1114 2829 οὐδέν

108 2861 164 2932 διὰ
184 2859 247 2947 τήν
262 2858 464 2946 ἀπόστασιν,
486 2859 569 2930 οὑτλέ
580 2882 641 2947 σφι
656 2859 733 2930 οὔτε
754 2859 794 2929 τά
812 2858 868 2950 ίρά
889 2859 966 2930 οὔτε
985 2858 1025 2929 τά
1044 2865 1113 2931 ἴόια

107 2959 361 3049 ἐμπεπρήσεται,
370 2954 449 3026 ούόέ
459 2957 650 3045 βιαιότερον
662 2962 773 3040 ἕξουσι
787 2958 898 3047 οόὺἐυ,
912 2955 935 3048 ή
947 2958 1112 3048 πρότερον

107 3057 212 3146 είχον·
241 3063 272 3127 εί
284 3057 321 3125 δέ
342 3056 522 3144 ταῦταμὲν
536 3055 578 3126 οὑ
593 3059 787 3146 ποιήσουσι,
808 3064 844 3129 οἴ
857 3062 893 3129 66
908 3061 1042 3138 πάντως
1056 3050 1111 3127 διά

105 3160 211 3249 μάχης
221 3159 434 3244 ἐλεύσονται,
448 3157 528 3226 τάδε
539 3178 601 3244 σφι
611 3160 722 3245 λέγετε
736 3158 981 3246 ἐπηρεάζοντες,
995 3159 1036 3225 τά
1049 3159 1110 3242 πέρ
1223 3243 1227 3251 Ι
1306 3216 1307 3249 ,

6 3277 14 3311 2·
88 3291 91 3295 ·
107 3281 211 3348 σφεας
226 3263 369 3349 κατέξει,
386 3257 434 3339 ὡς·
442 3263 646 3341 ἑσσωθέντες
656 3268 696 3350 τῇ
706 3260 794 3349 μάχη
810 3263 1111 3347 ἐξανδραποδιεῦν-

106 3386 177 3448 ται,
191 3363 247 3431 aaz
260 3360 309 3440 όός
323 3381 439 3449 σφεων
454 3359 532 3441 τοὺς
543 3365 663 3441 παῖδας
677 3363 829 3448 ἐκτομίας
844 3360 1037 3449 ποιήσομεν,
1052 3357 1110 3440 τός

6 3466 7 3539 J
106 3460 143 3526 δὲ
157 3459 350 3547 παρθένους
360 3457 595 3539 ἀνασπάστους
606 3463 639 3538 ἐς
645 3459 790 3549 Βάκτρα,
804 3462 859 3529 καῖ
871 3457 914 3539 ὑς
925 3457 986 3548 τήν
997 3457 1110 3547 χάρην
