2606 3930
361 238 448 297 ΗΒ.
480 237 527 298 IV.
561 238 660 297 σεε
693 240 794 303 εει-
808 246 869 307 139.
1052 240 1115 313 37⁵

43 456 47 459 .
114 393 234 486 μάδες,
256 402 287 469 εί
304 397 367 488 μέν
389 398 528 489 πάντες,
541 397 613 471 ούκ
634 405 698 488 ἔχει
718 397 880 492 ἀτρεκέως
894 414 992 477 τούτο
1014 406 1113 498 εἶπαι,

114 503 247 566 ποιεῦσι
262 500 299 568 δέ
312 496 426 570 αὐτῶν
436 502 552 587 συχνοὶ
565 499 694 571 τοιάδε
714 509 784 571 τάν
797 508 942 575 παιδίων
951 513 1020 579 τάν
1029 528 1114 596 σφε-

116 599 238 684 τέρων,
260 593 363 666 ἐπεάν
376 601 549 686 τετραέτεα
563 601 715 687 γένηται,
731 607 831 692 οίσιιη
844 604 1025 693 προβάτων
1039 611 1115 675 καί·

116 713 193 762 ονσι
204 690 271 773 τάς
285 696 323 763 έν
335 701 410 783 τῇσι
430 703 598 785 κορυφῇσι
613 699 754 786 φλέβας,
775 704 978 789 μετεξέτερα
999 704 1036 773 δέ
1050 702 1115 773 αύ-

115 790 256 873 τῶντὰς
266 794 304 862 έν
313 808 399 862 τοῖσι
413 793 611 882 κροτάφοισι
620 799 764 864 τοῦδε“
731 822 859 866 εινεκεν
866 796 937 887 ,ὡς
949 802 995 891 μή
1009 821 1114 889 σφεας

115 889 199 974 ές
164 917 226 961 τον
238 890 349 960 ’πάντα
361 892 486 979 χρόνον
498 895 683 981 καταρρέον
696 898 828 983 φλέγμα
843 899 935 966 έκ
894 924 952 985 της
967 906 1115 987 κεφαλῆς

116 990 278 1078 δηλέηται.
296 988 352 1058 καὶ
365 987 422 1059 διά
437 996 534 1058 τοῦτο
556 991 660 1076 σφέας
679 993 815 1078 λέγουσι
830 989 950 1063 εἶναι
932 995 1116 1084 υγιηροτά.

116 1115 203 1170 τους.
233 1090 295 1159 είσλ
315 1085 380 1177 γάρ
403 1087 448 1169 ὡς
463 1085 615 1177 ἀληθέως
629 1094 664 1159 οί
674 1097 797 1178 Λίβυες
818 1087 1014 1181 ἀνθρώπων
1027 1093 1116 1162 πάν-

115 1216 183 1260 των
207 1185 420 1276 ὑγιηρότατοι
445 1194 514 1257 τῶν
537 1185 631 1276 ἡμεῖς
654 1191 766 1275 ἴδμεν·
798 1195 829 1259 εί
840 1188 903 1277 μέν
923 1187 979 1259 διά
1003 1197 1116 1277 τοῦτο,

116 1287 178 1359 ούιι
193 1294 259 1377 ἔχω.
269 1285 432 1376 ἀτρεκέως
446 1285 550 1375 εἶπαι,
572 1283 786 1376 ὑγιηρότατοι
797 1283 832 1357 δ’
851 1280 900 1357 οἷν
915 1293 987 1359 εἰσί.
1019 1284 1064 1376 ἢν
1079 1289 1115 1356 δέ

115 1399 249 1463 καίουσι
268 1388 309 1460 τά
326 1395 442 1460 παιδία
459 1387 612 1478 ,σπασμδς
632 1391 837 1479 ἐπιγένηται,
862 1390 1038 1480 ἐξεύρηταί
1053 1412 1115 1480 σφι

117 1486 213 1571 άιιος·
236 1488 363 1581 τράγον
385 1480 493 1582 ούρον
517 1495 711 1568 σπείσαντες
735 1488 880 1579 βύονιαί
901 1512 995 1580 σφεα.
1035 1491 1124 1578 λέγω

118 1592 156 1661 δέ
185 1589 226 1661 τά
256 1593 391 1678 λέγουσι
419 1586 517 1660 αύτολ
547 1597 683 1678 Λίβυες.
730 1596 851 1661 Θυσίαν
880 1591 919 1662 δὲ
948 1606 1035 1683 τοῖσι
1064 1619 1123 1662 νο-

121 1693 375 1781 μάσιείσλαῖδε·
398 1687 572 1759 έπεάνιού
582 1686 1120 1780 άτόςάπάρξωνταιτούιιιήνεος,

121 1792 292 1879 ῥιπτέουσι
307 1786 392 1875 ὑπὲρ
414 1785 475 1859 τὸν
498 1787 739 1877 δύμον,τοῦτο
760 1787 798 1857 δέ
818 1791 1017 1878 ποιήσαντες
1035 1788 1121 1860 άπε-

121 1891 302 1979 στρέφουσι
322 1886 383 1958 τὰν
397 1885 521 1977 αύχένα
542 1884 657 1956 αύτού.
677 1885 813 1956 Ιθύουσι
831 1889 868 1958 δέ
887 1884 1040 1980 ἡλίηικαλ
1066 1910 1121 1960 σε·

121 1989 207 2079 λήνη
218 1986 386 2075 μούνοισι.
405 1985 556 2056 τούτοισι
567 1988 632 2073 μέν’
639 2011 706 2054 νυν
716 1984 895 2065 πάντεςΛ
891 1993 971 2075 βυες
981 1984 1119 2072 θύουσι,

120 2088 204 2178 άτάρ
215 2092 249 2158 ολ
256 2082 379 2173 περὶ
343 2113 406 2175 την
415 2090 600 2173 Τριτωνίδα
610 2091 732 2172 λίμνην
741 2086 900 2172 νέμοντες
908 2110 950 2175 τη
935 2081 1121 2173 Ἀθηναίη

120 2190 277 2278 μάλιστα,
298 2211 380 2275 μετα
370 2184 433 2254 δέ
447 2211 492 2304 ιφ
477 2190 651 2274 Τρίτωνι
665 2185 723 2253 καὶ
737 2209 787 2275 τφ
769 2183 1011 2261 Ποσειδέωνι.
1049 2179 1119 2271 Την
1130 2207 1236 2263 ιεο

120 2287 192 2360 δέ’
170 2314 235 2379 αρα
246 2291 372 2406 έσθητα
382 2281 484 2354 καί
447 2309 508 2363 τας
516 2286 645 2369 αἰγίδας
654 2288 723 2351 τῶν
733 2278 937 2369 ἀγαλμάτων
949 2285 1017 2368 τῆς
1017 2275 1120 2367 Ἀθη-

35 2416 39 2423 ’
119 2395 215 2476 ναίης
229 2390 266 2456 έκ
284 2392 354 2455 τοῖν
367 2384 566 2472 Λιβυσσέων
580 2380 827 2469 έποιήσαντοοί
838 2378 1010 2469 Ἕλληνες
1031 2377 1121 2467 πλην

118 2485 184 2609 γάρ
199 2513 221 2574 η
237 2482 288 2554 ὅτι
302 2489 442 2572 σκυτίνη
399 2509 476 2572 νηη
464 2478 601 2569 ἐσθὴς
622 2488 691 2553 τῶν
705 2484 903 2569 Λιβυσσέων
922 2482 990 2550 έστλ
1010 2480 1065 2567 καὶ
1087 2484 1122 2548 ολ

118 2585 267 2655 θύσανοι
280 2587 315 2653 σί
325 2584 363 2651 έκ
376 2608 445 2651 των
459 2584 598 2669 αἰγίδων
609 2578 735 2671 αὐτῇσι
743 2577 806 2651 οὐκ
819 2579 914 2669 ὅφιές
931 2587 1012 2668 εἰσι,
1033 2576 1118 2650 άλλά

119 2683 305 2771 ἱμάντινοι,
324 2678 367 2750 τά
381 2682 418 2750 δέ
432 2678 520 2751 άλλα
533 2680 643 2755 πάντα
657 2676 740 2750 κατά
757 2675 864 2750 τύυτό
879 2686 1041 2750 έσταλται.
1064 2681 1120 2749 καὶ

120 2783 162 2871 δὴ
186 2783 245 2850 καλ
266 2777 305 2849 τὸ
324 2777 454 2868 οὕνομα
476 2782 688 2870 κατηγορέει,
713 2776 765 2848 ὅτι
788 2780 825 2848 έκ
842 2777 974 2867 Λιβύης
1000 2775 1074 2866 ἥκει
1096 2773 1117 2865 ἡ

119 2875 220 2969 στολὴ
234 2884 302 2948 τῶν
311 2883 526 2949 Παλλαδίων·
549 2882 661 2966 αίγέας
670 2875 736 2967 γάρ
747 2879 1004 2967 περιβάλλονται
1019 2874 1119 2963 ψιλὰς

117 2975 250 3070 περὶ
214 2991 277 3068 τήν
296 2980 422 3067 ἐσθῆτα
440 2976 642 3060 θυσανωτὰς
668 3005 689 3046 α
690 2982 904 3098 ίΛίβνσσαι,
927 2978 1120 3067 κεχριμένας
1243 3022 1246 3025 -

119 3077 350 3172 ἐρευθεδάνῳ,
371 3080 409 3148 έιι
428 3079 465 3146 δέ
485 3102 553 3146 των
573 3103 594 3144 α
595 3078 696 3164 ίγέων
714 3075 845 3147 τούτων
860 3080 988 3162 αἰγίδας
1002 3072 1052 3145 οί
1050 3073 1121 3144 'FA-

118 3189 216 3267 ληνες
233 3177 498 3267 μετονυομασαν.
531 3179 639 3249 δοκέει
660 3173 693 3246 δ
716 3182 828 3266 ἔμοιγε
852 3173 945 3248 κάλ’
928 3204 949 3266 η
967 3170 1118 3294 ὀλολυγη

119 3283 294 3369 ένίροισι
305 3280 455 3348 §voum
468 3300 603 3364 αρωτον
618 3278 794 3365 γενέσθω·
816 3275 923 3365 κάρτα
935 3271 1000 3362 γάρ
1014 3271 1118 3360 ταύιη

11 3402 12 3407 ’
120 3381 271 3465 χρέονται
283 3381 373 3449 acc
326 3385 358 3451 A
357 3384 509 3467 ίβνσσαι,
523 3379 579 3447 καὶ
590 3380 743 3465 χρέονται
756 3380 874 3453 ααλως.
898 3374 953 3442 καὶ
963 3374 1119 3457 τέσσερας

120 3478 245 3559 ἵππους
258 3475 482 3565 συζευγνύναι
496 3472 587 3565 παρά
603 3473 742 3564 Λιβύων
757 3498 775 3544 ο
776 3468 951 3560 λἝλληυες
959 3466 1118 3564 μεμαθη·
