2566 3934
316 256 404 311 ΗΒ.
437 252 457 311 1.
493 253 591 311 οΑΡ.
628 257 801 312 ιον-ιιι.
1011 246 1072 311 103

101 408 233 496 δλφόλλα
257 409 380 481 αὐτόθιΙ
406 416 474 478 τῶν
502 435 534 477 τε
558 415 679 493 πυρῶν
694 410 749 477 καλ
773 415 841 477 τῶν
864 411 1012 499 κριθέων
1034 407 1072 479 τό

100 510 197 592 τλάτος
216 520 341 600 γίνεται
366 511 533 597 τεσσέρων
566 507 728 589 εὐπετέως
753 508 934 578 δακτύλων.
975 512 1011 578 ἐκ
1036 511 1073 579 δὲ

99 612 212 698 κέγχρον
229 616 283 682 καλ
297 612 453 700 σησάμου
475 608 559 679 ὅσον
571 636 603 678 τι
618 612 762 699 δένδρον
775 613 922 697 μέγαθος
935 618 1072 697 γίνεται,

99 713 319 800 ἐξεπιστάμενος
330 712 468 800 μνήμην
478 708 519 778 οά
531 710 729 797 ποιήσομαι,
745 702 785 777 εὖ
797 705 908 794 είδοδς,
927 707 977 778 ότι
988 725 1073 778 τοῖσι

97 806 128 895 μή
139 807 339 896 ἀπιγμένοισι
358 811 392 889 ές
411 806 474 897 τήν
487 816 711 895 Βαβυλωνίην
730 807 844 897 χώρην
858 811 913 876 καλ
926 806 967 875 τά
982 814 1073 896 είρη·

97 911 158 995 μένα
170 917 301 997 καρπῶν
316 911 459 997 ἐχόμενα
474 913 507 988 ἐς
521 906 678 995 ἀπιστίην
689 906 816 997 πολλήν
831 906 974 977 ἀπῖκται.
996 910 1072 994 χρέ-

97 1031 169 1074 ονται
180 1010 213 1075 δὲ
226 1006 330 1079 οὐδὲν
344 1010 459 1098 έλαίφ,
484 1003 558 1075 ἄλλ’
574 1010 612 1075 ἐκ
626 1012 694 1074 τῶν
708 1007 868 1095 σησάμων
888 1012 1069 1076 ποιεῦνται.

97 1106 142 1172 ιλτλ
158 1106 193 1172 δέ
207 1124 266 1192 σφι
287 1111 441 1193 φοίνικες
465 1104 653 1192 πεφυκότες
674 1101 739 1173 άνά
754 1112 822 1173 πᾶν
836 1102 872 1175 τό
890 1109 1020 1192 πεδίον,
1038 1108 1073 1172 οί
1135 1164 1137 1169 ,

97 1208 209 1283 πλεῦνες
223 1201 340 1272 αὐτῶν
354 1205 584 1293 καρποφόροι,
606 1208 642 1274 ἐκ
657 1209 725 1273 τῶν
739 1206 794 1274 καλ
807 1212 894 1275 σιτία
908 1207 961 1274 καὶ
976 1202 1070 1271 οἶνον

96 1300 134 1369 καλ
144 1303 208 1387 μέλι
220 1310 412 1372 ποιεῦνται·
438 1301 518 1384 τούς
533 1307 681 1372 συκεέων
696 1303 821 1391 τρόπον
840 1302 1071 1392 θεραπεύουσι

95 1397 123 1463 τά
134 1426 162 1466 τε
173 1398 269 1489 άλλα,
291 1403 350 1470 καλ
363 1408 544 1490 φοινίκων,
565 1400 645 1482 τούς
660 1399 958 1491 έρσεναςἝλληνες
972 1398 1071 1466 καλέ-

95 1517 165 1586 οντι,
187 1501 315 1569 τούτων
334 1498 396 1568 τόν
416 1500 548 1589 καρπόν
567 1506 760 1590 περιδέουσι
780 1510 854 1592 τῇσι
875 1497 1070 1590 βαλανηφόν

95 1618 160 1681 ροισι
182 1608 246 1669 τόν
271 1607 457 1688 φοινίκων,
483 1604 541 1669 ἵνα
565 1610 710 1693 πεπαίνῃ
734 1606 771 1671 τέ
793 1622 853 1690 σφι
875 1599 892 1670 ὁ
914 1600 982 1687 ιμήν
1008 1597 1070 1686 τήν

95 1697 216 1777 βάλανον
226 1702 382 1771 ἐσδύνων
395 1693 451 1771 καλ
465 1698 510 1789 μή
526 1700 675 1793 άπορρέη
701 1703 719 1774 ὁ
750 1702 876 1792 καρπός
905 1708 965 1770 τοῦ
992 1707 1071 1787 φοί-

94 1820 177 1876 νικος·
200 1807 310 1887 φήνας
325 1797 390 1887 γάρ
405 1798 446 1887 δή
465 1805 627 1888 φορέουσι
641 1805 678 1871 έν
691 1810 737 1892 τῷ
751 1810 867 1893 καρπῷ
882 1808 915 1870 οί
928 1806 1070 1887 ἔρσενες,

94 1894 213 1984 κατάπερ
242 1902 279 1966 οί
302 1895 452 1965 ὄλυνθοι.
512 1896 556 1967 Τό
588 1896 626 1965 δέ
656 1896 814 1965 ἁπάντων
843 1901 944 1984 θῶμα
978 1900 1072 1984 μέγι·
1084 1916 1132 1976 194

94 1997 153 2063 στάν
164 2006 219 2083 μοί
230 2001 299 2068 ἐστι
316 2006 384 2066 τῶν
399 2000 503 2089 ταότη
517 2001 599 2086 μετά
621 2027 660 2086 γε
677 1997 784 2085 αὐτὴν
796 1998 858 2086 τήν
872 1998 988 2083 πόλιν,
1016 2001 1072 2083 έρ-

93 2118 169 2179 γομαι
187 2096 338 2183 φράσων.
370 2094 411 2164 τά
427 2107 527 2166 πλοία
547 2096 681 2166 αὐτοῖσί
695 2099 764 2164 ἐστι
777 2095 816 2164 τά
832 2093 914 2163 κατά
929 2092 989 2162 τὸν
1009 2119 1065 2159 πο-

94 2190 174 2277 ταμόν
192 2194 405 2283 πορευόμενα
426 2199 459 2275 ές
473 2193 535 2283 τήν
548 2200 739 2284 Βαβυλῶνα
759 2193 857 2262 ἐόντα
872 2196 1072 2278 κυκλοτερέα

92 2289 177 2359 πάντα
197 2293 357 2362 σκύτινα·
386 2290 489 2363 ἐπεάν
514 2291 580 2381 γάρ
602 2296 640 2363 ἐν
661 2307 746 2362 τοῖσι
767 2289 967 2381 Ἀρμενίοισι
986 2305 1072 2358 τοῖσι

92 2390 256 2479 κατύπερθε
272 2390 459 2480 Ἀσσυρίων
484 2394 690 2478 οίκημένοισι
712 2393 833 2478 νομέας
858 2392 944 2477 ίτέης
965 2389 1070 2476 ταμό-

91 2512 164 2571 μενοι
176 2490 397 2579 ποιήσωνται,
419 2500 645 2580 περιτείνουσι
657 2492 804 2560 τοότοισι
816 2495 980 2579 διφθέρας
994 2516 1070 2559 στε-

90 2594 240 2675 γαστρίδας
255 2594 383 2671 ἔξωθεν
397 2590 539 2678 ἐδάφεος
555 2589 698 2678 τρόπον,
720 2589 797 2659 οὕτε
810 2590 969 2679 πρύμνην
984 2588 1068 2663 όιπο-

90 2695 234 2773 κρίνοντες
246 2690 325 2760 οάτε
336 2690 474 2784 πρῴρην
486 2691 699 2777 συνάγοντες,
716 2688 784 2761 ἀλλ’
797 2689 934 2771 άσπίδος
944 2692 1069 2780 τρόπον
1121 2766 1130 2775 ,

90 2795 266 2877 κυκλοτερέα
287 2795 486 2882 ποιήσαντες
500 2795 556 2861 καλ
576 2791 725 2879 καλάμης
739 2794 922 2881 πλήσαντες
942 2802 1011 2863 πάν
1031 2792 1069 2863 τό

89 2896 184 2958 τλολον
204 2900 304 2961 τοῦτο
319 2890 443 2963 άπιείσι
458 2889 541 2961 κατά
556 2890 617 2960 τόν
631 2890 782 2980 ποταμὸν
794 2896 967 2982 φέρεσθαι,
983 2920 1069 2981 φορ-

88 2993 151 3056 τίον
168 2990 366 3079 πλήσαντες·
389 2991 532 3078 μάλιστα
554 2989 591 3056 δέ
612 2997 730 3077 βίκους
750 2988 942 3079 φοινικηίου
966 2992 1069 3060 κατά-

88 3110 168 3171 γονσι
181 3101 277 3159 οἴνου
288 3093 417 3167 πλέους.
444 3089 601 3162 ίθάνεται
616 3090 653 3158 δὲ
667 3088 736 3158 ὑπό
753 3116 788 3159 τε
810 3091 871 3160 δάο
890 3091 1068 3179 πλήκτρων

88 3187 130 3253 κτλ
146 3188 202 3256 δάο
218 3187 354 3277 ἀνδρῶν
375 3182 692 3278 όρθολνέστεοότων,
716 3187 803 3258 καλό
818 3192 880 3277 μὲν
895 3196 959 3259 ἔσω
980 3193 1067 3259 ἕλκει

88 3280 116 3351 τό
125 3294 300 3376 πλήκτρου,
314 3285 333 3358 ό
349 3287 386 3357 δέ
397 3292 459 3369 ἔξω
475 3286 583 3356 ὠθέει.
614 3289 758 3357 ποιέεται
772 3290 809 3357 δὲ
823 3292 877 3357 καλ
890 3286 994 3370 κάρτα
1008 3312 1068 3371 με·

89 3381 157 3467 γάλα
172 3395 275 3456 ταῦτα
292 3385 332 3457 τά
352 3397 451 3457 πλοία
465 3389 520 3457 καλ
535 3385 681 3463 ἐλάσσω·
708 3383 748 3454 τά
760 3386 797 3453 δὲ
808 3389 943 3470 μέγιστα
957 3377 1069 3444 αὐτῶν

90 3484 132 3551 κοιλ
144 3494 411 3575 πεντακισχιλίων
425 3487 599 3556 ταλάντων
612 3485 719 3572 γόμον
735 3489 809 3569 ἔχει.
836 3483 873 3547 έν
891 3473 1016 3559 ἑκάστη)
1031 3471 1068 3536 δὲ

78 3782 87 3811 ί
