2602 3932
397 275 483 337 ιιι.
513 277 561 334 1v.
593 277 692 337 cn.
724 283 898 350 ιιι-ια.
1085 281 1149 381 σοι

144 442 237 522 ίδοξι
250 432 376 518 αὐτοῦς
395 432 606 524 άποκτελναι,
630 439 854 528 συλλαβόντες
875 446 915 514 δέ
932 466 1037 534 σφεας
1050 451 1147 520 κατέ-

30 576 33 579 ·
143 546 250 628 βαλον
271 539 305 617 ἐς
322 534 451 625 ἑρκτήν.
488 543 657 607 κτείνουσι
681 541 718 607 δέ
737 538 817 620 τοῦς
844 537 888 610 άν
908 551 1060 615 κτείνωσι
1074 555 1147 616 Λα-

144 637 352 725 κεδαιμόνιοι
372 634 511 724 νυκτός,
541 637 614 727 μετ’
630 637 760 727 ῆμέρην
782 641 819 709 δδ
837 640 976 727 οὐδένα·
1005 648 1075 716 ἐπεί
1097 640 1147 716 ῦν

144 737 285 829 ἔμελλόν
299 757 404 822 σφεας
415 738 701 826 καταχρήσεσθαι,
716 742 962 830 παραιτήσαντο
978 750 1015 813 as
1026 761 1146 831 γυναί-

143 864 199 917 κες
223 843 291 905 τῶν
305 839 487 922 Μινυέων,
513 838 628 906 ἐοῦσαι
656 835 755 908 άσταί
765 866 800 909 τε
827 845 882 910 καί
909 849 978 910 τῶν
1002 843 1144 927 πριόνων

142 937 383 1021 Σπαρτιητέων
395 934 597 1020 θυγατέρες,
613 938 767 1006 έσελθεϊν
782 964 819 1007 τε
833 940 867 1018 ές
879 936 942 1026 τήν
956 940 1076 1028 ἑρκτήν
1090 945 1143 1010 καί

142 1038 176 1116 ἐς
191 1034 313 1122 λόγους
330 1036 444 1103 ἐλθεῖν
457 1034 578 1121 έκάστη
595 1042 640 1125 τῷ
658 1038 784 1124 ε’ωυτῆς
799 1034 906 1122 άνδρί.
935 1044 970 1108 οέ
989 1042 1028 1108 δέ
1040 1062 1144 1127 σφεας

143 1140 315 1221 παρῆκαν,
347 1130 471 1201 οὐδένα
501 1133 604 1202 δόλον
637 1138 811 1216 δοκέοντες
841 1140 874 1218 ἐξ
913 1135 1043 1207 αὐτέων
1071 1144 1145 1207 ἕσι-

143 1247 234 1307 σθαι.
268 1238 306 1303 αί
329 1236 366 1303 δέ
401 1234 509 1302 ἐπείτε
541 1237 698 1322 ἐσῆλθον,
725 1245 858 1306 ποιεῦσι
872 1239 1001 1308 τοιάδε·
1031 1246 1144 1308 πᾶσαν

143 1333 204 1423 τῆν
235 1333 324 1421 εἶχον
356 1334 482 1420 ἐσθῆτα
516 1338 726 1419 παραδοῦσαι
757 1351 843 1405 τοῖσι
877 1333 1019 1421 άνδράσι
1047 1335 1144 1408 αὐταί

143 1430 204 1521 τήν
224 1439 292 1500 τῶν
311 1428 448 1515 ἀνδρῶν
467 1436 598 1518 έλαβον.
643 1438 678 1501 οί
701 1435 738 1502 δέ
752 1433 886 1503 Μινύαι
906 1435 1062 1517 ἐνδύντες
1080 1433 1143 1524 τήν

141 1538 344 1620 γυναικηίην
359 1532 501 1616 ἐσθῆτα,
524 1529 582 1598 άτε
596 1546 769 1617 γυναῖκες,
788 1535 922 1620 ἐξήισαν
936 1539 1015 1619 ἔξω,
1037 1537 1143 1621 ἐκφυ-

141 1630 257 1718 γόντες
272 1629 308 1697 δέ
329 1627 441 1720 τρόπω
456 1629 597 1721 τοιούτῳ
611 1634 720 1712 ἵζοντο
741 1626 837 1711 αὐτις
859 1631 939 1712 ἐςτό
961 1634 1140 1721 Τηΰγετον.

145 1725 214 1797 Τύν
233 1729 271 1796 δέ
289 1723 393 1794 αὐτόν
409 1733 532 1795 τοῦτον
546 1728 672 1814 χρόνον
688 1729 801 1816 Θήρας
818 1726 837 1797 ὁ
852 1729 1065 1813 Αὐτεσίωνος
1080 1741 1141 1801 τοῦ
1157 1754 1207 1814 141

144 1832 333 1914 Τισαμενοῦ
347 1833 409 1894 τοῦ
423 1828 643 1916 Θερσάνδρου
655 1836 717 1898 τοῦ
729 1836 952 1911 Πολυνείκεος
963 1837 1092 1902 ἐστελλε
1108 1836 1142 1913 ἐς

141 1927 298 2013 άποικίην
312 1929 349 1994 ἐκ
361 1931 620 2014 Λακεδαίμονος.
653 1920 695 2017 ήν
709 1926 746 1995 δέ
761 1924 779 1994 ὁ
794 1928 907 2014 Θήρας
920 1920 1029 2015 οῦτος,
1043 1932 1141 2017 γένος

141 2023 207 2096 έάν
220 2028 400 2109 Καδμεῖος,
414 2031 473 2111 τῆς
486 2023 611 2113 μητρός
626 2023 788 2111 άδελφεύς
802 2041 887 2096 τοῖσι
901 2024 1140 2115 Ἀριστοδήμου

140 2125 233 2194 παισί
249 2120 461 2205 Εὐρυσθένει·
474 2128 528 2193 καὶ
544 2126 706 2209 Προκλέλ,
721 2124 848 2192 ἐόντων
863 2123 896 2192 δ’
915 2131 964 2194 έτι
977 2133 1046 2195 τῦν
1062 2133 1141 2196 παί-

140 2231 211 2294 δων
231 2224 361 2291 τούτων
383 2231 513 2311 νηπίων
534 2229 753 2313 ἐπιτροπαίην
773 2224 837 2313 εἶχε
856 2224 874 2295 ὁ
893 2226 1006 2315 Θήρας
1026 2227 1088 2316 τῆν
1102 2231 1140 2299 ἐν

138 2322 281 2410 Σπάρτη
292 2329 477 2410 βασιληίην.
501 2322 719 2413 αὐξηθέντων
729 2323 766 2393 δέ
782 2330 850 2391 τῶν
864 2322 1071 2411 ἀδελφιδέων
1084 2328 1140 2395 καί

138 2421 405 2507 παραλαβόντων
415 2420 476 2509 τῆν
487 2419 593 2509 άρχῆν
601 2420 690 2490 οὕτω
699 2419 739 2510 δή
753 2419 1012 2510 ῦΘήραςδεινῦν
1022 2423 1140 2493 ποιεῦ-

138 2548 239 2609 μενυς
259 2518 422 2607 ἄρχεσθαι
448 2519 508 2589 ὐπ’
535 2521 664 2609 ἄλλων,
694 2524 769 2592 ἐπεί
784 2549 820 2592 τε
840 2524 1000 2609 έγεύσατο
1020 2520 1140 2611 ἀρχῆς,

139 2618 202 2689 οὐκ
217 2626 281 2706 ἐφη
307 2622 439 2705 μενέειν
458 2622 495 2687 ἐν
515 2627 555 2709 τῆ
578 2626 821 2709 Λακεδαίμονι,
843 2618 918 2690 ἄλλ’
941 2618 1141 2690 άποπλάσε·

140 2731 222 2788 σθαι
233 2722 266 2797 ές
280 2717 359 2799 τούς
376 2725 566 2807 συγγενέας.
586 2715 674 2808 ήσαυ
687 2723 723 2792 δέ
737 2727 775 2792 έν
785 2730 825 2812 τῆ
839 2730 904 2790 νῦν
911 2725 1006 2812 Θήρη
1021 2731 1140 2793 καλεο·

141 2819 223 2905 μέυη
235 2815 336 2906 νήσῳ,
348 2818 514 2902 πρότερον
524 2823 560 2889 δὲ
568 2826 781 2910 Καλλίστητῆ
792 2816 876 2909 αὐτῆ
886 2822 1000 2909 ταύτη,
1012 2818 1141 2909 άπόγο-

138 2945 192 2987 νοι
202 2916 427 3003 Μεμβλιάρεω
441 2925 674 2989 τοῦΠοικίλεω
690 2916 986 3004 άνδρὸςΦυίυικος.
1003 2923 1140 3010 Κάδμος

137 3014 202 3105 γάρ
228 3012 439 3104 ῦἈγήνορος
458 3016 629 3105 Εὐρώπην
649 3020 821 3107 διζήμενος
843 3023 1003 3106 προσέσχε
1024 3022 1058 3099 ές
1078 3017 1140 3107 τήν

136 3121 203 3182 νῦν
225 3113 342 3201 Θήρην
364 3118 587 3201 καλεομένην,
615 3118 817 3203 προσσχόντι
848 3116 885 3186 δέ
907 3127 972 3187 εέτε
998 3119 1041 3204 δή
1060 3123 1095 3187 οέ
1117 3115 1138 3206 ή

136 3211 227 3299 χάρη
252 3211 369 3297 ήρεσε,
396 3221 460 3280 είτε
482 3216 537 3282 καί
561 3211 670 3294 άλλως
698 3212 843 3302 ήθέλησε
868 3222 1004 3301 ποιῆσαι
1026 3219 1136 3303 τοῦτο,

137 3316 326 3378 καταλείπει
342 3306 407 3395 γάρ
423 3312 460 3379 ἐν
474 3320 513 3400 τῆ
530 3313 622 3406 νήσῳ
637 3315 741 3404 ταότη
758 3313 879 3395 ἄλλους
893 3340 927 3384 τε
941 3319 1009 3382 τῶν
1021 3319 1139 3382 Φοινί-

138 3436 208 3478 κων
219 3413 273 3478 καὶ
281 3408 322 3497 δή
331 3412 384 3481 καὶ
393 3416 595 3483 τῦνέωυτοῦ
605 3419 797 3502 συγγενέων
805 3420 1031 3503 Μεμβλίαρον.
1044 3404 1139 3482 οῦτοι

129 3509 295 3595 ’ἐνέμοντο
316 3507 380 3597 τῆν
396 3517 586 3600 Καλλίστην
601 3520 810 3605 καλεομένην
826 3517 880 3584 έπλ
895 3509 1030 3603 γενεάς,
1057 3516 1138 3602 πρὶν
