2566 3934
349 252 432 308 ιτα.
456 252 489 307 11.
520 238 616 305 οΑο.
647 236 788 308 εε-οε.
1009 237 1070 305 157

67 420 152 507 κηίρν
167 403 266 492 αὖτις
280 411 454 497 διηθέουσι
467 405 657 494 θυμιήμασι
667 410 916 492 τετριμμένοισι.
942 411 1070 474 ἔπειτεν

68 511 130 599 τήν
151 508 266 597 νηδύν
285 508 434 597 σμύρνης
455 504 626 593 ἀκηράτου
648 506 864 592 τετριμμένης
884 507 939 573 καὶ
953 510 1069 591 κασίης

70 614 209 680 καὶτῶν
224 606 337 677 άλλων
351 606 561 693 θυωμάτων,
586 603 676 693 πλήν
690 610 896 693 λιβανωτοῦ,
918 605 1068 692 πλήσαν-

71 735 121 789 τες
138 707 371 797 συρράπτουσι
385 703 500 774 ὀπίσω.
529 711 635 773 ταῦτα
648 704 685 774 δὲ
699 705 899 793 ποιήσαντες
915 705 1069 793 ταριχεύ-

73 828 147 878 ουσι
166 814 285 898 λίτρχο,
313 806 500 894 κρύψαντες
514 801 638 893 ἡμέρας
652 805 896 893 ἑβδομήκοντα·
921 812 1068 883 πλεῦνας
1172 805 1173 808 ’

73 910 105 976 δέ
117 906 254 976 τούτων
271 900 334 973 ούκ
350 907 453 986 ἔξεστι
465 904 661 990 ταριχεύειν.
708 902 810 972 έπεοὶν
824 908 861 975 δέ
874 910 1069 994 παρέλθωσι

72 1011 105 1075 αί
124 1004 371 1094 ἑβδομήκοντα,
400 1003 581 1081 λούσαντες
600 1000 661 1071 τόν
680 1000 802 1090 νεκρὰν
826 1009 1068 1072 κατειλίσσουσι

71 1114 136 1174 πᾶν
153 1103 261 1195 αὐτοῦ
276 1102 312 1173 τὸ
328 1109 421 1190 σῶμα
437 1101 593 1180 σινδόνος
609 1108 769 1189 βυσσίνης
787 1108 951 1188 τελαμῶσι
965 1126 1067 1170 κατα-

70 1207 316 1295 τετμημένοισι,
345 1201 560 1290 ὑποχρίοντες
575 1207 622 1292 τῷ
635 1200 754 1288 κόμμι,
779 1207 824 1291 τῷ
840 1200 880 1289 δή
898 1199 972 1269 ἀντὶ
986 1201 1066 1269 κόλ-

70 1314 124 1392 λης
145 1304 189 1371 τά
211 1301 318 1371 πολλά
333 1304 485 1391 χρέονται
504 1301 693 1386 Αἰγύπτιοι.
730 1300 890 1368 ἐνθεῦτεν
906 1301 943 1368 δὲ
958 1324 1066 1388 παρα-

69 1401 248 1488 δεξάμενοί
258 1427 316 1486 μιν
333 1406 367 1468 οί
378 1401 603 1488 προσήκοντες
619 1403 792 1467 ποιεῦνται
808 1399 945 1479 ξύλινον
958 1400 1066 1467 τύπον

69 1499 340 1587 ἀνθρωποειδέα,
366 1498 586 1587 ποιησάμενοι
603 1497 639 1565 δέ
656 1500 831 1585 ἐσεργνῦσι
850 1499 911 1567 τδν
930 1495 1064 1586 νεκρόν,

68 1598 119 1668 καὶ
136 1605 416 1682 κατακληίσαντες
432 1599 521 1668 οὕτω
531 1605 772 1688 θησαυρίζουσι
786 1603 823 1667 έν
837 1600 989 1688 οίκήματι
998 1611 1066 1686 θη-

68 1704 169 1787 καίῳ,
197 1696 348 1776 ἱστάντες
364 1696 473 1783 όρθδν
488 1695 572 1785 πρός
586 1711 707 1783 τοῖχον.
750 1695 839 1765 ούτω
855 1701 917 1785 μὲν
931 1697 1010 1788 τούς
1024 1695 1064 1766 τά

68 1795 330 1864 πολυτελέστατα
350 1798 547 1878 σκευάζουσι
565 1794 729 1883 νεκρούς,
770 1794 848 1874 τούς
869 1795 905 1864 δὲ
926 1794 966 1864 τά
982 1799 1064 1883 μέσα
1079 1813 1112 1870 87

67 1895 312 1981 βουλομένους,
342 1893 404 1982 τήν
425 1897 462 1964 δὲ
482 1900 698 1978 πολυτελείην
727 1894 914 1979 φεύγοντας
942 1894 1066 1962 σκευά-

69 2001 158 2076 ζουσι
175 1985 260 2062 οἶδε·
289 1993 390 2062 έπεάν
409 1995 489 2076 τούς
509 2001 695 2081 κλυστήρας
717 1993 909 2080 πλήσωνται
922 2001 983 2063 τοῦ
998 1991 1063 2063 άπὸ

68 2101 189 2183 κέδρου
210 2092 388 2181 ἀλείφατος
404 2098 600 2182 γινομένου,
625 2094 669 2160 ’έν
690 2083 739 2159 ὦν
761 2097 908 2178 ἔπλησαν
926 2099 987 2159 τοῦ
1008 2117 1066 2159 νε-

68 2201 149 2281 κροῦ
166 2190 232 2280 τήν
251 2200 399 2282 κοιλίην,
427 2195 504 2264 ούτε
525 2193 750 2282 ἀναταμόντες
773 2189 878 2260 α’ύτὸν
899 2189 975 2260 οῦτε
996 2195 1091 2275 έξεῃ

68 2294 181 2371 λέντες
197 2288 262 2378 τήν
275 2292 401 2380 νηδύν,
427 2291 509 2362 κατά
526 2295 562 2361 δὲ
575 2291 636 2378 τήν
651 2293 754 2379 ἕδρην
765 2289 993 2378 ’ἐσηθήσαντες
1009 2294 1065 2358 καί
1097 2289 1098 2292 '
1223 2347 1224 2350 ¹

68 2394 282 2482 ἐπιλαβόντες
294 2391 332 2462 τό
344 2395 475 2482 κλύσμα
489 2401 547 2480 τῆς
561 2391 666 2462 ὀπίσω
683 2387 766 2461 ὁδοῦ
778 2391 990 2478 ταριχεύουσι
1005 2389 1064 2470 τάς

67 2493 287 2580 προκειμένας
301 2488 435 2579 ἡμέρας,
456 2500 496 2581 τή
512 2493 548 2561 δέ
562 2497 732 2581 τελευταίη
746 2493 857 2571 ἐξιεῖσι
871 2493 909 2559 έκ
921 2498 978 2578 τής
992 2516 1065 2559 κοι-

67 2597 133 2678 λίης
146 2587 213 2676 τήν
231 2593 384 2679 κεδρίην,
405 2590 468 2680 τήν
482 2596 604 2679 έσήκαν
620 2590 793 2676 πρότερον.
834 2587 855 2676 ἡ
877 2591 913 2658 δὲ
928 2595 992 2676 ἔχει
1006 2616 1063 2658 το-

67 2688 192 2773 σαύτην
221 2687 368 2774 δύναμιν
393 2687 477 2758 ὥστε
503 2689 571 2776 άμα
595 2693 701 2777 ἑωυτή
727 2682 926 2775 τήννηδύν
947 2691 1001 2757 καί
1021 2685 1061 2756 τά

66 2786 239 2873 σπλάγχνα
249 2789 491 2875 κατατετηκότα
502 2788 627 2876 ἐξάγει·
645 2785 704 2866 τάς
717 2790 754 2856 δὲ
764 2788 889 2877 σάρκας
899 2786 935 2857 τό
948 2796 1063 2875 λίτρον

64 2883 257 2989 κατατήκει,
285 2888 341 2954 καί
357 2885 398 2974 δή
413 2895 559 2957 λείπεται
578 2894 639 2957 τοῦ
655 2895 778 2976 νεκροῦ
798 2886 834 2957 τύ
853 2892 956 2978 δέρμα
976 2893 1062 2976 μοῦ-

63 3010 122 3053 νον
144 2986 204 3052 καί
223 2980 266 3051 τά
286 2981 392 3054 ὀστέα.
432 2985 534 3055 ε’πεάν
553 2989 589 3055 δὲ
609 2993 713 3055 ταῦτα
726 2987 907 3076 ποιήσωσι,
932 2986 991 3057 ἄπ’
1012 2982 1060 3059 όν

62 3086 190 3152 ἔδωκαν
206 3078 297 3149 ούτω
316 3079 377 3150 τόν
394 3082 534 3171 νεκρὸν,
563 3080 663 3153 οὐδὲν
679 3090 727 3153 ἔτι
741 3091 1058 3173 πρηγματευθέντες.

60 3172 99 3250 ‘H
107 3181 144 3251 δέ
160 3187 256 3268 τρίτη
277 3186 462 3269 ταρίχευσίς
478 3185 546 3253 ἐστι
564 3181 641 3271 ήδε,
670 3179 786 3270 ήτούς
799 3183 942 3272 χρήμασι
955 3182 1061 3252 άσθε-
1074 3200 1108 3254 88

61 3284 239 3368 νεστεῖιους
252 3280 414 3362 σκευάζει.
457 3288 602 3371 συρμαίη
617 3282 839 3371 διηθήσαντες
852 3279 915 3368 τήν
929 3286 1061 3364 κοιλίην

61 3378 272 3466 ταριχεύουσι
291 3375 353 3457 τάς
374 3380 601 3469 ἑβδομήκοντα
621 3376 760 3468 ἡμέρας,
787 3381 844 3448 καὶ
857 3383 985 3446 ἔπειτεν
998 3373 1057 3441 ἀπ’

61 3466 108 3544 όν
122 3479 254 3548 έδωκαν
268 3474 511 3568 ἀποφέρεσθαι.
547 3477 613 3559 Τάς
627 3481 663 3548 δὲ
679 3491 840 3567 γυναῖκας
854 3481 922 3544 τῶν
938 3475 1056 3559 ἕπιφα-
1072 3487 1107 3542 89
