2568 3938
243 230 246 236 ·
348 202 435 294 m.
466 233 511 292 111.
545 233 643 294 οιε.
670 219 849 297 'mr-⁴111.
1030 223 1094 292 κιο

97 395 203 480 μένου
217 387 323 462 αὐτοῦ
337 389 400 482 τήν
413 390 520 481 γονήν
533 389 554 481 ή
569 393 676 481 θήλεα
688 390 823 462 ἅπτεται
836 398 894 481 τής
905 398 1025 485 δειρής,
1040 400 1096 465 καὶ

97 499 231 583 ἐμφῦσα
245 490 308 563 οάκ
328 488 432 581 ἀνίει,
453 496 534 582 πρὶν
554 487 598 561 ἀν
622 493 780 583 διαφάγῃ.
814 489 833 562 ὁ
853 493 917 580 μὲν
936 492 977 582 δή
993 501 1096 584 ἔρσην

97 591 307 682 ἀποθνήσκει
337 590 451 685 τρόπῳ
477 599 523 683 τῷ
550 594 729 684 είρημένφ,
759 590 779 680 ή
808 591 845 660 δὲ
875 591 984 681 θήλεα
1007 602 1095 664 τίσιν

95 690 230 780 τοιήνδε
244 688 393 761 ἀποτίνει
407 698 453 783 τῷ
469 696 595 779 ἔρσενι·
616 697 663 782 τῷ
676 693 771 778 γονέι
779 694 982 780 τιμωρέοντα
996 699 1045 763 έτι
1059 697 1097 763 ἐν

95 800 137 882 τῇ
152 792 271 880 γαστρὶ
289 790 389 860 ἐόντα
404 789 445 859 τά
461 792 561 860 τέκνα
575 794 717 861 διεσθίει
735 789 797 879 τήν
810 792 955 881 μητέρα,
973 796 1097 881 διαφα-

94 892 201 979 γόντα
223 891 259 958 δέ
278 886 341 979 τήν
361 885 472 976 νηδδν
488 886 591 976 αὐτῆς
607 887 697 959 οὕτω
711 886 774 977 τήν
787 895 925 961 ἔκδυσιν
939 895 1094 963 ποιέεται.

95 993 131 1059 οί
150 990 187 1058 δέ
203 986 300 1060 ἀλλον
323 986 418 1079 ὄφιες
434 987 546 1069 ἐόντες
566 985 762 1076 ἀνθρώπων
781 985 824 1059 οὐ
845 988 1030 1078 δηλήμονες
1045 999 1096 1060 τί-

93 1095 217 1157 κτουσί
244 1113 281 1156 τε
310 1084 359 1180 ηόά
392 1088 447 1156 καὶ
479 1090 655 1157 ἐκλέπουσι
684 1088 811 1156 πολλόν
837 1115 869 1156 τι
893 1095 1002 1178 χρῆμα
1026 1097 1096 1159 τῶν

94 1189 234 1255 τέκνων.
257 1190 294 1256 αί
301 1186 364 1272 μὲν
375 1185 418 1274 δή
428 1210 495 1253 νυν
505 1187 632 1271 ἔχιδναι
646 1182 730 1253 κατὰ
740 1191 852 1255 πᾶσαν
865 1185 927 1276 τήν
940 1197 1006 1276 γῆν
1021 1192 1093 1274 ιίσλ,

94 1287 131 1354 οί
149 1286 186 1352 δὲ
202 1281 385 1372 ὑπόπτεροι
405 1283 516 1363 ἐόντες
535 1279 659 1371 ἀθρόοι
684 1285 746 1353 είσλ
766 1287 804 1353 ίν
824 1293 864 1376 τῇ
885 1284 1019 1377 Ἀραβίη
1040 1291 1094 1356 καὶ

94 1378 227 1471 οὖδαμή
243 1379 343 1472 ἀλλη·
363 1380 447 1465 κατά
462 1387 562 1453 τοῦτο
579 1385 734 1452 δοκέουσι
748 1388 866 1454 πολλοὶ
879 1384 973 1456 εἶναι.

183 1479 252 1550 Τόν
265 1480 328 1568 μέν
344 1479 384 1569 δή
401 1477 589 1570 λιβανωτόν
604 1487 725 1551 τοῦτον
739 1481 828 1552 οὕτω
837 1481 987 1552 κτέονται
994 1480 1092 1570 Ἀρό-
1109 1514 1161 1568 llo

95 1589 181 1670 βιοι,
203 1579 265 1669 τήν
279 1581 316 1651 δέ
329 1588 449 1670 κασίην
464 1572 545 1652 ὦδε·
567 1578 670 1650 ίπεάν
683 1583 934 1672 καταδήσωνται
947 1585 1093 1676 βίρσησι

94 1683 152 1751 καὶ
162 1681 300 1768 δέρμασι
311 1678 440 1750 ἄλλοισι
449 1688 517 1750 πᾶν
527 1677 565 1749 τό
576 1687 671 1768 σῶμα
684 1684 740 1752 καὶ
749 1677 787 1751 τό
797 1684 989 1772 πρόσωπον,
1004 1682 1094 1773 πλήν

95 1778 289 1849 αὐτῶντῶν
310 1776 514 1868 ὀφθαλμῶν,
535 1785 687 1868 ἔρχονται
707 1783 760 1851 ἐπὶ
780 1780 842 1871 τήν
856 1792 993 1871 κασίην·
1014 1780 1035 1874 ἡ
1057 1781 1094 1854 δδ

95 1882 134 1949 ίν
148 1885 248 1968 λίμνη
263 1879 384 1966 φύεται
398 1876 441 1948 οὐ
460 1881 586 1968 βαθέη,
606 1881 683 1963 περὶ
699 1882 736 1949 δέ
755 1877 862 1969 αὐτήν
875 1884 931 1952 καὶ
950 1885 987 1950 ἐν
1008 1878 1094 1973 αὐτῇ

95 1977 262 2062 αὐλίζεταί
269 2005 332 2050 κου
345 1986 451 2067 θηρία
464 1976 625 2068 πτερωτοὶ,
640 1987 714 2070 τήσι
730 1989 899 2071 νυκτερίσι
912 1986 1093 2071 προσίκελα

94 2078 253 2166 μάλιστα,
276 2080 331 2146 καλ
344 2078 472 2165 τέτριγε
486 2074 616 2165 δεινὰν,
637 2079 694 2146 καλ
710 2079 744 2159 ές
758 2076 866 2167 ἀλκήν
886 2077 1025 2166 ἄλκιμα,
1049 2074 1093 2149 τιὶ

7 2198 10 2202 ⁴
94 2182 149 2246 δεῖ
162 2171 442 2263 ἀπαμυνομένους
462 2171 528 2243 ἀπό
550 2181 618 2242 τῶν
638 2170 828 2263 ὀφθαλμῶν
847 2175 937 2246 οὕτω
958 2178 1094 2265 δρέπειν

93 2271 156 2362 τήν
177 2278 306 2360 κασίην.
354 2269 399 2341 Τὸ
421 2271 458 2343 δέ
479 2268 520 2359 δή
541 2272 759 2360 κιννάμωμον
780 2279 828 2344 ἔτι
847 2274 977 2345 τούτων
1004 2279 1095 2343 θοι·
1113 2286 1157 2345 111
1205 2309 1207 2312 ⁴

92 2372 299 2461 μαστότερον
312 2374 527 2459 συλλέγουσι·
549 2369 634 2441 όκον
650 2370 713 2460 μέν
725 2369 790 2461 γάρ
806 2377 933 2461 γίνεται
949 2374 1006 2442 καί
1019 2366 1095 2462 ήτνς

93 2497 154 2558 μιν
169 2477 211 2558 γῆ
231 2469 438 2560 ήτρέφονσά
459 2471 544 2558 ἐστι,
567 2467 630 2539 οὐκ
651 2477 764 2559 έχουσι
785 2477 908 2560 εἰπεῖν,
931 2466 1021 2559 πλήν
1040 2465 1096 2540 ὅτι

94 2567 183 2661 λόγῳ
191 2563 255 2638 οόκ
268 2570 371 2642 οἰκότι
376 2568 549 2662 χρεόμενοι
562 2570 600 2639 ίν
611 2573 736 2639 τοισίδε
747 2569 902 2658 χωρίοισί
912 2572 998 2656 φασί
1007 2587 1096 2648 τινες

92 2666 175 2737 αὐτὸ
198 2667 364 2755 φύεσθαι,
385 2669 423 2735 έν
443 2679 529 2734 τοῖσι
548 2663 567 2732 δ
587 2666 757 2746 Διόνυσος
778 2668 915 2756 έτράφη.
950 2664 1095 2754 όρνιθας

92 2767 130 2836 δὲ
144 2767 279 2854 λέγουσι
294 2766 439 2854 μεγάλας
455 2769 592 2853 φορέειν
604 2772 709 2834 ταῦτα
723 2762 764 2834 τά
778 2765 928 2853 κάρφεα,
943 2759 984 2831 τά
997 2759 1094 2851 ἡμεῖς
1138 2846 1141 2851 ,

91 2864 158 2937 ἀπὸ
171 2872 341 2935 Φοινίκων
350 2865 518 2954 μαθόντες
528 2863 747 2952 κιννάμωμον
761 2865 940 2953 καλέομεν,
955 2863 1094 2953 φορέειν

91 2968 129 3035 δὲ
145 2962 205 3045 τάς
218 2963 407 3053 όρνιθαρές
422 2961 578 3046 νεοσσιάς
598 2968 917 3053 προσπεπλασμένας
930 2967 967 3034 έκ
981 2965 1094 3054 πηλοῦ

90 3061 177 3151 πρὸς
190 3060 434 3152 ἀποκρήμνοισι
455 3061 587 3151 οὔρεσι,
608 3067 695 3132 ἔνθα
711 3063 899 3151 πρόσβασιν
918 3061 1093 3158 ἀνθρώπῳ

91 3160 254 3250 οὐδεμίαν
267 3161 360 3232 εἶναι.
382 3159 466 3252 πρὸς
480 3154 530 3231 τόν
541 3158 581 3251 δή
593 3167 697 3232 ταῦτα
713 3157 792 3241 τούς
803 3157 977 3251 Ἀραβίους
991 3163 1093 3250 σοφί-

93 3266 206 3342 ζεσθαι
220 3259 316 3348 τόδε,
337 3266 430 3350 βοῶν
445 3286 481 3332 τε
500 3262 556 3331 καί
571 3257 662 3331 ὄνων
682 3265 751 3330 τῶν
767 3255 1021 3349 ἀπογινομένων
1034 3257 1093 3332 καὶ

92 3363 160 3426 τόν
174 3356 285 3429 ἀλλων
299 3355 491 3448 ὑποζυγίου
504 3357 545 3429 τά
556 3359 657 3449 μέλεα
668 3359 888 3448 διαταμόντας
899 3356 944 3439 ὥς
953 3362 1094 3448 μέγιστα

92 3461 237 3557 κομίζειν
252 3460 286 3547 ἐς
295 3464 399 3537 ταῦτα
409 3455 450 3535 τὰ
460 3464 581 3561 ηνρία,
597 3465 657 3536 καί
668 3479 756 3559 σφεα
770 3461 893 3547 θέντας
907 3453 1012 3563 ἀγηοῦ
1022 3460 1094 3551 vuffa
