2560 3938
158 236 200 300 28
528 243 783 305 HERODOTI

158 402 222 488 μὲν
235 411 380 486 γυναῖκα
393 399 593 470 τεκνοποιόν
610 400 654 526 μή
681 402 824 489 άγεσθαι
840 397 923 480 ἐς
887 428 927 468 τα
944 406 1048 489 οίκία,
1073 405 1103 470 εί
1121 404 1163 469 δε

158 501 315 593 τυγχάνει
332 507 427 589 ἔχων,
450 501 642 592 δεύτερα
604 530 668 590 την
682 519 827 590 γυναικα
840 506 1036 589 ἐκπέμπειν,
1057 501 1113 569 καὶ
1129 508 1166 567 εί

157 606 206 680 τίς
222 604 257 670 'ol
268 601 426 687 τυγχάνει
446 597 512 670 ἐόν
526 616 620 689 παῖς,
643 611 766 672 τούτου
781 599 998 671 ἀπείπασθαι
1030 596 1094 667 ούκ
1109 589 1162 667 όν

157 708 262 770 ταύτα
282 706 545 790 παραινέσαντος
568 711 720 784 Χίλωνος
740 711 921 773 πείθεσθαι
945 698 1132 771 ἐθέλειν
1097 727 1162 769 τον

151 801 385 891 Ἱπποκράτεα,
405 808 565 890 γενέσθαι
580 809 614 873 οί
627 801 708 891 μετά
723 809 827 872 ταῦτα
843 797 904 870 τόν
918 805 1162 886 Πεισίστρατον

158 908 297 989 τούτου,
318 899 355 981 ός
368 902 614 984 στασιαζόντων
628 911 697 970 τῶν
711 903 874 989 παράλων
894 900 950 968 καὶ
965 904 1033 966 τῶν
1047 899 1084 965 ἐκ
1097 893 1177 997 τού,

159 1003 277 1068 πεδίου
286 999 485 1091 Ἀθηναίων,
503 1007 559 1071 καὶ
573 1011 642 1072 τῶν
654 1006 717 1090 μέν
731 1004 954 1089 προεστεῶτος
964 999 1161 1083 Μεγακλέος

158 1103 220 1165 τοῦ
241 1095 461 1185 Ἀλκμέωνος,
480 1108 548 1169 τῶν
564 1104 601 1170 δὲ
616 1104 654 1171 ἐκ
667 1107 729 1169 τοῦ
743 1103 861 1167 πεδίου
878 1096 1083 1184 Λυκούργου
1096 1102 1160 1163 τοῦ

155 1196 416 1286 Ἀριστολαΐδεω,
427 1202 685 1290 καταφρονήσας
693 1198 947 1288 τήντυραννίόα
960 1197 1073 1288 ήγειρε
1086 1204 1160 1284 τρί-

159 1323 222 1384 την
243 1296 377 1384 στάσιν,
400 1304 558 1381 συλλέξας
580 1302 616 1370 δέ
640 1300 823 1379 στασιώτας
841 1302 898 1368 καὶ
920 1305 966 1390 τῷ
986 1298 1076 1390 λόγφ
1090 1303 1160 1366 τῶν

158 1395 1161 1487 ὑπερακρίωνπροστάςμηχανάτοιιτοιάόε·τρωματίσαςέωυ-

157 1497 220 1565 τόν
233 1522 269 1564 τε
282 1498 338 1564 καὶ
357 1494 520 1584 ἡμιόνους
539 1498 643 1586 ήλασε
658 1501 691 1578 ἐς
709 1496 772 1585 τήν
786 1494 916 1583 άγορήν
930 1494 967 1563 τό
985 1502 1099 1581 ζεῦγος
1114 1491 1161 1573 ὡς

159 1593 372 1681 ἐκπεφευγως
392 1595 472 1676 τούς
492 1595 714 1684 ἐχθρούς,”
678 1624 710 1665 οι
730 1624 791 1683 μιν
805 1595 991 1665 ἐλαύνοντα
1005 1591 1071 1672 ές’
1052 1591 1159 1679 αγρόν

157 1692 328 1782 ἠθέλησαν
343 1691 501 1763 άπολέσαι
512 1700 631 1783 δῆθεν,
647 1695 757 1764 ἐδέετό
765 1721 801 1764 τε
810 1722 872 1763 του
858 1692 993 1781 ’δήμου
1007 1697 1160 1778 φυλακῆς

158 1818 249 1872 τινος
263 1790 346 1880 πρός
361 1791 467 1881 αύτού
481 1801 636 1881 κυρῆσαι,
652 1795 819 1881 πρότερον
833 1790 1055 1897 εὐδοκιμήσας
1066 1793 1104 1859 ἐν
1117 1816 1160 1878 τη

158 1887 242 1978 πρός
256 1876 434 1979 Μεγαρέας
453 1895 618 1983 γενομένῃ
639 1899 835 1982 στρατηγίη,
858 1876 1021 1961 Νίσαιάν
1021 1916 1058 1960 τε
1072 1882 1159 1958 έλων

159 1993 214 2059 καὶ
229 1988 313 2060 άλλα
327 1987 572 2078 ἀποδεξάμενος
587 1993 715 2079 μεγάλα
729 1998 819 2078 ἐργα.
849 2019 868 2060 ο
855 1990 923 2059 ’δέ
938 1984 1071 2078 θήμος’
1056 2015 1074 2058 ο
1089 1990 1160 2053 τάν

155 2086 344 2176 Ἀθηναίων
359 2093 576 2183 ἐξαπατηθεὶς
598 2095 705 2160 ἔδωκέ
718 2097 752 2159 οί
772 2098 841 2159 τῶν
855 2088 966 2159 άστων
981 2091 1160 2166 καταλέξας

158 2184 1160 2279 άνέραςτριηκοσίους,οἳδορυφόροιμένούκἐγένοντοΠεισι-

158 2284 319 2371 στράτου,
334 2288 566 2373 κορυνηφόροι
585 2291 637 2354 δέ·
662 2288 773 2366 ξύλων
785 2283 851 2372 γάρ
864 2285 1017 2407 κορύνας
1029 2291 1159 2371 ἔχοντες
1278 2300 1279 2307 ’

158 2386 291 2451 ειποντο
285 2381 366 2450 ”οί
353 2383 484 2451 όπισθε
507 2385 818 2463 συνεπαναστάντες
834 2377 928 2451 δὲ
884 2408 979 2451 ουτοι
993 2380 1062 2468 ἅμα
1075 2391 1159 2452 Πει-

157 2484 320 2604 σιστράτφ
335 2480 481 2571 έσγον
445 2510 507 2570 την
522 2482 716 2572 άκρόπολιν.
740 2493 826 2556 ἔνθα
840 2482 881 2573 δή
896 2482 1159 2569 ὁΠεισίστρατος

156 2573 236 2668 ήρχε
244 2579 443 2668 Ἀθηναίων,
459 2582 537 2651 οὔτε
547 2581 645 2670 τιμάς
658 2583 717 2662 τάς
727 2585 847 2662 ἐούσας
860 2579 1069 2668 συνταράξας
1079 2578 1159 2648 οὔτε

155 2683 279 2767 θέσμια
293 2682 512 2770 μεταλλάξας,
536 2686 593 2752 έπί
611 2712 647 2752 τε
667 2699 753 2754 τοῖσι
767 2690 966 2770 κατεστεῶσι
985 2677 1130 2768 ἔνεμε
1094 2707 1159 2799 τήν

110 2791 145 2845 60
155 2781 257 2849 πολιν
277 2783 429 2868 κοσμέων
450 2789 560 2860 καλάς
580 2808 616 2850 τε
636 2787 691 2851 καὶ
715 2777 764 2853 εύ.
801 2778 899 2852 Μετά
917 2784 954 2848 δὲ
974 2806 1016 2848 ου
1005 2776 1159 2847 ’πολλὸν

154 2877 278 2965 χρόνον
294 2875 400 2947 τώυτό
420 2879 652 2967 φρονήσαντες
667 2885 702 2949 ολ
714 2888 822 2951 τετοῦ
832 2880 1029 2966 Μεγακλέος
1040 2896 1159 2946 στασι-

156 2983 236 3044 ῶται
250 2979 305 3044 καὶ
319 2981 354 3044 οί
364 2983 425 3046 τού
438 2978 645 3066 Λυκούργου
658 2979 878 3059 ἐξελαύνουσί
888 3004 956 3064 μιν.
990 2974 1080 3044 ούτω
1094 2976 1159 3063 μὲν

156 3080 390 3162 Πεισίστρατος
402 3082 475 3163 ἔσχε
485 3073 522 3144 τό
535 3076 827 3166 πράτονἉθήνας,
843 3073 1159 3165 καλτήντυραννίὸα

156 3174 199 3241 ού
212 3200 260 3243 κω
267 3174 373 3262 κάρτα
383 3179 606 3266 ἐρριζωμένην
617 3185 701 3265 ἔχων
712 3176 868 3267 άπέβαλε
884 3181 918 3245 oc
931 3180 968 3245 δὲ
979 3177 1160 3258 ἐξελάσαν-

155 3297 208 3351 τες
222 3280 463 3363 Πεισίστρατον
483 3269 578 3356 αύτις
599 3281 635 3346 ἐκ
651 3281 728 3365 νέης
750 3274 799 3346 ἐπ’
817 3274 990 3362 άλλήλοισι
1004 3278 1160 3345 ἐστασία-

157 3392 230 3438 σαν.
274 3373 576 3460 περιελαυνόμενος
598 3378 635 3443 δέ
658 3382 699 3464 τή
720 3376 816 3444 στάσι
831 3371 850 3441 ὁ
864 3378 1064 3463 Μεγακλέης
1080 3377 1160 3443 ἐπε-
1213 3453 1215 3456 ,
1276 3384 1277 3443 λ

157 3471 361 3559 κηρυκεύετο
375 3478 623 3570 Πεισιστράτῳ,
646 3481 677 3546 εί
690 3475 848 3564 βούλοιτό
861 3479 897 3543 οί
909 3470 972 3561 τήν
984 3480 1159 3566 θυγατέρα
