2566 3934
350 230 438 288 ΗΒ.
469 230 503 288 Π.
538 229 636 287 cAP.
669 233 812 295 72-77.
1024 227 1086 293 15³

86 386 322 479 ὑποδεέστεροι
337 393 392 458 καλ
407 388 583 470 ἐλάσσονες
598 395 646 459 ἔτι
659 389 810 480 τούτων,
820 395 937 461 πολλοὶ
951 392 987 461 δέ
999 383 1087 479 ἦσαν

86 485 191 563 οὗτοι.
236 498 305 561 ἔστι
320 493 357 560 δέ
373 489 391 562 ὁ
407 498 512 580 χῶρος
526 484 641 579 οὗτος,
663 493 701 559 έυ
714 498 761 582 τῷ
775 496 812 560 αί
821 490 970 562 άκανθαι
985 517 1088 560 κατα-

87 591 272 679 κεχύαται,
291 589 422 660 τοιόσδε
444 586 655 683 τιςῇέσβσλῆ
681 591 714 670 έξ
739 586 870 677 οὐρέων
894 595 1034 658 στεινῶν
1055 590 1088 666 ές

87 695 206 760 πεδίον
220 690 315 777 μέγα,
337 686 373 756 τό
390 689 426 756 δέ
439 691 556 777 πεδίου
569 680 667 756 τοῦτο
682 687 845 757 συνάπτει
858 694 904 779 τῷ
917 692 1088 777 Αἰγυπτίῳ

88 793 201 881 πεδίφ.
248 785 346 872 λόγος
368 790 408 855 δέ
426 790 494 856 ἐστι
515 785 583 874 ἅμα
603 794 650 879 τῷ
670 793 743 876 ἔαρι
758 785 947 877 πτερωτούς
960 785 1039 872 ὄφις
1052 787 1089 853 έκ

88 897 146 977 τῆς
167 887 320 977 Ἀραβίης
340 892 499 957 πέτεσθαι
523 886 576 956 ἐπ’
601 889 794 977 Αἰγύπτου,
822 888 881 969 τός
901 887 932 958 δ’
952 895 1017 978 ίβις
1030 885 1089 966 τὰς

89 982 470 1075 όρνιθιιςάπαντεούσας
481 988 514 1065 ές
526 984 588 1073 τῆν
609 986 755 1075 έσβυλῆν.
766 987 888 1074 ταύτης
907 993 965 1074 τῆς
980 984 1089 1072 χώρης

89 1084 131 1155 ού
146 1088 302 1173 παραίτιοι
315 1080 394 1164 τούς
408 1082 495 1173 ὄφις,
514 1082 598 1154 ἀλλά
613 1092 848 1178 κατακτείνειν.
874 1089 930 1155 καί
942 1083 1005 1173 τῆν
1020 1080 1089 1173 ίβιυ

89 1182 146 1253 διά
164 1190 263 1252 τοῦτο
279 1209 317 1253 το
337 1189 438 1272 ἔργον
457 1188 652 1271 τετιμῆσθαι
666 1189 801 1271 λέγουσι
817 1183 965 1275 Ἀράβιοι
984 1183 1089 1273 μεγά-

90 1291 156 1362 λοις
179 1279 263 1369 πρός
284 1282 494 1369 Αἰγυπτίων·
525 1279 745 1369 ὁμολογέουσι
770 1286 807 1354 δέ
832 1289 888 1354 καὶ
909 1284 1090 1371 Αἰγύπτιοι

89 1379 146 1450 διά
161 1386 267 1450 ταῦτα
279 1387 379 1467 τιμᾶυ
393 1377 453 1460 τάς
469 1378 612 1469 ὄρνιθας
625 1382 755 1462 ταύτας.
791 1382 891 1464 Εἶδος
905 1385 941 1453 δέ
955 1390 1013 1471 τῆς
1026 1383 1088 1469 μέν
1103 1392 1137 1451 76

89 1487 178 1568 ι’βιος
191 1477 285 1547 τόδε*
304 1482 443 1564 μέλαινα
458 1484 576 1560 δεινῶς
590 1488 695 1568 πᾶσα,
717 1483 836 1551 σκέλεα
853 1482 890 1551 δέ
904 1487 1019 1572 φορέει
1032 1508 1091 1571 γε·

88 1577 217 1669 ράυου,
243 1576 425 1664 πρόσωπον
445 1580 482 1647 δέ
496 1582 529 1660 ές
542 1578 583 1649 τά
597 1581 740 1668 μάλιστα
757 1585 958 1673 έπίγρυττον,
986 1589 1090 1672 μέγα·

87 1692 153 1759 θος
168 1676 252 1746 ὅσον
265 1680 351 1764 κρέξ.
388 1684 457 1747 τῶν
476 1681 538 1765 μὲν
555 1676 596 1766 δῆ
612 1685 797 1766 μελαινέων
811 1688 879 1750 τῶν
894 1686 1090 1770 μαχομένων

88 1776 176 1863 πρός
191 1772 271 1855 τούς
285 1774 362 1862 ὄφις
375 1774 538 1864 ῆδείδέη,
560 1785 629 1846 τοόυ
649 1775 681 1845 δ’
698 1781 736 1846 έν
746 1780 825 1847 ποσὶ
839 1785 967 1866 μᾶλλον
981 1785 1091 1849 είλεο-
1119 1809 1126 1852 i

89 1884 203 1966 μένων
228 1887 314 1944 τοῖσι
337 1871 550 1963 άνθρεέποισι
575 1877 675 1965 (διξαὶ
700 1874 766 1964 γάρ
784 1875 826 1963 δῆ
847 1882 910 1945 είσι
933 1881 971 1945 αί
992 1882 1089 1965 ἴβιες)

89 1973 171 2063 φιλῆ
191 1971 261 2063 τῆν
277 1971 427 2062 κεφαλῆν
445 1978 503 2042 καὶ
522 1972 585 2062 τῆν
599 1971 716 2062 δειρῆυ
729 1982 857 2062 πᾶσαν,
888 1973 989 2063 λευκῆ
1011 1999 1091 2044 πτε-

91 2090 179 2161 ροῖσι
204 2071 293 2160 πλῆυ
317 2080 463 2160 κεφαλῆς
487 2075 627 2142 καὶτοῦ
651 2069 791 2159 αὐχένος
814 2074 869 2140 καὶ
889 2070 1003 2154 ἄκρων
1022 2078 1091 2141 τῶν
1214 2103 1220 2111 ’

89 2172 269 2260 πτερύγων
288 2174 343 2241 καὶ
363 2179 425 2239 τοῦ
444 2177 592 2257 πυγαίου
616 2169 724 2260 άκρον
749 2178 868 2261 (ταῦτα
884 2172 921 2240 δὲ
941 2170 982 2239 τά
997 2169 1092 2239 εἷπον

89 2273 201 2342 πάντα
218 2269 358 2357 μέλαινά
373 2273 441 2338 ἐστι
462 2273 613 2360 δεινοῖς),
640 2272 757 2338 σκέλεα
778 2268 814 2337 δέ
834 2270 890 2337 καὶ
909 2267 1091 2357 πρόσωπον

90 2366 238 2458 ἐμφερὴς
257 2376 297 2460 τῆ
317 2371 420 2458 ἑτέρη.
458 2375 520 2437 τοῦ
537 2371 574 2436 δέ
591 2366 689 2453 ὄφιος
707 2364 729 2454 ἡ
749 2363 863 2454 μορφῆ
878 2368 931 2454 οἴη
947 2389 1009 2453 περ
1023 2372 1091 2434 τῶν

89 2466 216 2554 ύδρων.
261 2473 358 2537 πτίλα
382 2467 418 2537 δὲ
437 2464 481 2535 ού
500 2462 651 2553 πτερωτά
673 2468 806 2553 φορέει,
835 2461 918 2532 ἀλλά
933 2477 1018 2532 τοῖσι
1034 2469 1105 2550 τῆς
1202 2516 1206 2522 .

89 2569 287 2654 νυκτερίδος
300 2578 448 2653 πτεροῖσι
462 2562 606 2652 μάλιστά
620 2589 664 2650 κη
678 2564 922 2649 ἐμφερέστατα.
947 2565 1091 2627 τοσαῦτα

89 2667 153 2752 μὲν
165 2669 302 2785 θηρίων
314 2667 420 2748 πέριί
418 2689 489 2749 ρων
503 2663 662 2751 εἰρήσθω.
1035 2680 1038 2689 ’

175 2759 299 2831 Αύτωυ
312 2763 349 2830 δὲ
362 2758 403 2850 δῆ
417 2768 612 2851 Αἰγυπτίων
627 2766 663 2828 οἳ
673 2760 735 2846 μὲν
748 2761 824 2844 περὶ
835 2755 899 2847 τῆν
914 2704 1090 2881 σπειρομέ·
1106 2776 1139 2835 77

89 2889 156 2950 νην
176 2869 352 2948 Αἴγυπτον
378 2864 542 2950 οἰκέουσι,
577 2857 712 2946 μνήμην
739 2855 933 2944 άνθρύπων
956 2858 1092 2928 πάντων

89 2961 309 3038 ἐπασκέοντες
336 2959 478 3046 μάλιστα
503 2957 702 3045 λογιιότατοί
719 2964 782 3027 εἰσι
802 2967 918 3051 μακρῷ
937 2955 1091 3045 των-έγω

88 3062 124 3140 ές
137 3057 318 3146 διάπειραν
331 3055 509 3146 άπικόμηυ.
548 3059 662 3150 τρόπφ
684 3058 721 3127 δέ
742 3058 818 3145 ζόης
830 3065 947 3151 τοιῷδε
961 3063 1093 3147 διαχρέ-

88 3181 202 3226 ονται·
220 3162 449 3244 συρμαΐζουσι
452 3170 540 3244 τρεῖς
554 3155 680 3276 ἡμέρας
693 3158 807 3243 ἐπεξῆς
820 3155 925 3244 μηνός
939 3158 1092 3243 ἑκάστου,

89 3259 241 3376 ἐμέτοισι
262 3254 464 3344 δηρεόμευοι
477 3252 539 3342 τῆν
557 3251 688 3339 ὑγίειαν
711 3256 767 3323 καὶ
780 3254 969 3375 κλύσμρισι,
996 3259 1093 3337 νομί-

91 3349 241 3436 ‘mee’
220 3351 287 3423 από
307 3379 377 3423 των
396 3353 592 3442 τρεφόντων
605 3349 721 3423 σιτίων
740 3352 850 3432 πάσας
868 3350 927 3431 τάς
946 3350 1093 3428 νούσους

90 3465 176 3522 τοῖσι
201 3448 417 3545 ιἰνθροόποισι
441 3458 682 3539 γίνεσθαι-ί
652 3453 714 3523 είσλ
737 3441 800 3539 μὲν
822 3448 888 3538 γάρ
910 3451 966 3516 καὶ
985 3444 1093 3523 ἄλλως
