2588 3926
188 279 248 342 288
567 277 817 335 HERODOTI

187 466 222 508 τε
237 437 355 525 Θώρηξ
369 445 578 523 οΛηρισαῖος
589 438 710 518 Ξέρξεα
726 432 907 520 φεύγοντα,
923 437 977 501 καὶ
994 433 1067 502 τότε
1082 437 1118 502 έκ
1131 441 1195 501 τοῦ

157 555 172 605 2
191 543 341 627 φανεροῦ
362 542 491 624 παρῆκε
509 534 708 618 Μαρδόνιον
729 533 781 599 ἐπὶ
802 529 1023 619 τὴνἙλλάδα.
1053 530 1141 601 Ἐπεὶ
1157 534 1195 600 δὲ

188 636 414 725 πορευόμενος
429 641 555 721 γίνεται
569 631 587 702 ὁ
604 628 741 719 στρατός
755 634 792 699 έν
802 639 993 718 Βοιωτοῖσι,
1010 636 1044 700 οί
1052 638 1194 718 Θηβαῖοι

188 735 442 823 κατελάμβανον
457 732 517 804 τόν
534 734 735 819 Μαρδόνιον
749 735 804 800 καλ
822 731 1072 820 συνεβούλευον
1089 730 1192 825 αύτῷ,

189 841 341 923 λέγοντες
357 834 401 914 ώς
422 832 485 902 οὐκ
508 843 558 920 είη
574 839 679 919 χώρας
700 830 955 917 έπιτηδεώτερος
972 833 1194 917 ἐνστρατοπε-

189 935 350 1002 δεύεσθαι
365 937 512 1019 έκείυου,
529 929 607 999 οὐδὲ
625 935 690 998 ἔων
704 931 789 997 ίέναι
804 930 978 1016 ἑκαστέρω,
995 927 1069 998 ἀλλ’
1085 927 1194 998 αὐτοῦ

191 1031 343 1120 ἱζόμενον
358 1035 486 1100 ποιέειν
496 1029 583 1108 ὅκως
594 1024 732 1115 ἀμαχητὶ
743 1025 806 1114 τήν
816 1034 928 1094 πᾶσαν
937 1024 1077 1095 Ἐλλάδα
1089 1055 1195 1097 κατα-

191 1133 374 1217 στρέήεται.
407 1127 490 1198 κατά
506 1127 568 1215 μὲν
581 1125 646 1214 γάρ
660 1123 697 1193 τό
714 1122 852 1213 ίσχυρδυ
866 1124 1027 1213 Ἓλληνας
1041 1124 1196 1214 ὁμοφρο·

191 1231 343 1312 νέοντας,
359 1231 395 1295 οἵ
406 1252 468 1313 περ
484 1229 538 1294 καί
553 1225 658 1311 πάρος
675 1221 777 1292 ταύτά
793 1227 986 1312 ἐγίνωσκον,
1002 1223 1127 1312 χαλεπά
1147 1223 1195 1293 εῖ-

191 1353 248 1393 ναι
263 1331 494 1412 περιγίνεσθαι
509 1327 564 1393 καλ
579 1321 682 1391 ἅπασι
697 1320 926 1410 ἀνθρώποισι·
949 1332 979 1395 εἰ
991 1328 1027 1395 δὲ
1043 1323 1195 1414 ποιήσεις

191 1423 232 1492 τά
251 1422 345 1512 ἡμεῖς
364 1427 604 1510 παραινέομεν,
626 1427 755 1507 ἔφασαν
772 1423 940 1510 λέγοντες,
962 1425 1044 1505 ἔξεις
1058 1420 1195 1501 ἀπόνως

192 1521 322 1588 ἅπαντα
337 1518 378 1587 τά
393 1523 531 1588 ἐκείνων
546 1519 766 1606 βουλεύματα.
791 1523 897 1606 πέμπε
906 1520 1055 1608 χρήματα
1070 1523 1103 1598 ές
1113 1516 1195 1597 τούς

193 1617 457 1695 δυναστεύοντας
473 1615 599 1703 ἀνδρας
619 1617 657 1682 έν
676 1623 750 1704 τήσι
765 1616 894 1700 πόλισι,
916 1619 1056 1704 πέμπων
1076 1620 1111 1684 δὲ
1130 1615 1195 1703 τήν

192 1715 326 1784 Ελλάδα
339 1713 538 1803 διαστήσεις·
554 1716 715 1782 ἐνθεῦτεν
728 1716 764 1782 δὲ
774 1711 853 1792 τούς
864 1713 909 1801 μή
920 1713 961 1782 τά
972 1714 1014 1783 σά
1027 1718 1195 1803 φρονέων·
1284 1794 1285 1799 ¹

159 1830 176 1883 3
190 1839 248 1892 τας
262 1815 395 1902 ρἠῖδίως
409 1812 491 1900 μετά
501 1819 570 1881 τών
581 1812 791 1880 στασιωτέων
806 1812 1054 1897 καταστρέψεαι.
1079 1816 1122 1882 Ol
1130 1814 1193 1898 μέν

190 1918 294 1980 ταῦτα
311 1910 578 1999 συνεβούλευον,
595 1909 612 1979 ὁ
629 1912 665 1980 δὲ
683 1908 746 1979 ούκ
758 1914 925 1996 ἐπείθετο,
942 1908 1025 1979 ἀλλά
1037 1917 1071 1980 ολ
1083 1911 1193 1990 δεινός
1284 1920 1285 1991 J

190 2036 240 2088 τις
251 2008 425 2078 ἐνέστακτο
436 2012 550 2099 ἵμερος
563 2009 622 2088 τάς
634 2009 776 2098 Ἀθήνας
789 2009 928 2096 δεύτερα
939 2013 1036 2095 ἑλεῖν,
1052 2008 1119 2096 άμα
1131 2010 1193 2097 μὲν
1284 2034 1285 2037 ’

191 2106 249 2176 ὑπ’
267 2105 524 2196 ἀγνωμοσύνης,
547 2109 615 2196 ἅμα
637 2112 674 2179 δὲ
695 2122 852 2191 πυρσοῖσι
875 2105 930 2175 διὰ
949 2109 1065 2196 νήσων
1081 2110 1194 2178 ἐδόκεε

190 2205 322 2293 βασιλέϊ
335 2206 498 2291 δηλώσειν
514 2207 604 2275 έόντι
619 2201 660 2275 ἐν’
670 2206 813 2292 Σάρδισι
831 2205 881 2273 ὅτι
896 2212 962 2293 ἔχοι
980 2204 1132 2295 Ἀθήνας.
1157 2204 1194 2286 ὃς

193 2303 271 2372 οὐδὲ
290 2304 364 2372 τότε
385 2298 585 2390 ἀπικόμενος
600 2308 632 2382 ές
647 2302 709 2391 τήν
727 2301 877 2390 Ἀττικήν
898 2295 975 2387 εύρε
995 2302 1074 2383 τούς
1090 2302 1195 2389 Ἀθη-
1284 2344 1285 2347 ¹

193 2409 325 2488 ναίους,
340 2401 412 2470 ἀλλ’
426 2409 464 2470 ἔν
477 2429 512 2471 τε
524 2411 690 2489 Σαλαμῖνι
701 2400 780 2481 τούς
794 2409 967 2480 πλείστους
983 2401 1193 2468 ἐπυνθάνετο

194 2495 278 2569 εἶναι
294 2507 330 2571 έν
344 2528 380 2569 τε
394 2511 467 2593 τήσι
482 2505 598 2590 νηυσὶ,
622 2503 725 2591 αίρὲει
740 2529 775 2570 τε
795 2505 920 2590 ἐρήμου
940 2500 976 2569 τό
999 2499 1091 2569 ἄστυ.
1120 2499 1141 2587 ή
1157 2503 1194 2570 δὲ

193 2597 345 2685 βασιλέος
356 2600 480 2686 αἵρεσις
488 2605 520 2680 ές
531 2598 593 2687 τήν
604 2598 749 2689 ὑστέρην
758 2597 1028 2687 τήυΜαρδονίου
1038 2602 1194 2685 έπιστρα-

159 2711 175 2763 4
193 2704 287 2783 τηίην
303 2696 490 2784 δεκάμηνος
500 2698 650 2785 ἐγένετο,
680 2697 768 2768 Ἐπεί
783 2700 819 2766 δέ
839 2700 876 2765 ἐν
886 2696 1047 2788 Ἀθήνησι
1062 2699 1192 2785 ἐγένετο

194 2792 399 2880 Μαρδόνιος,
411 2794 534 2883 πέμπει
545 2799 578 2875 ές
585 2806 762 2883 Σαλαμῖνα
769 2801 992 2883 Μουρυχίδην
1003 2795 1110 2884 ἀνδρα
1119 2794 1193 2865 Ἐλ-

192 2888 412 2978 λησπόντιον,
428 2893 575 2980 φέροντα
586 2892 665 2974 τούς
677 2892 800 2974 αύτούς
811 2896 933 2981 λόγους
946 2893 1025 2974 τούς
1039 2894 1194 2966 καῖἈλέ·
1284 2946 1285 2951 1

193 2991 333 3070 ξανδρος
359 2986 377 3054 ὁ
399 2989 570 3059 Μακεδών
591 3007 677 3061 τοῖσι
702 2989 908 3079 Ἀθηναίοισι
936 2994 1191 3080 διεπόρθμευσε.
1284 3060 1285 3073 2

192 3093 296 3154 ταῦτα
310 3088 346 3153 δὲ
360 3083 397 3162 τό
411 3088 569 3177 δεύτερον
583 3087 762 3159 ἀπέστελλε
775 3087 927 3176 προέχων
938 3092 1001 3175 μὲν
1015 3097 1082 3158 τών
1092 3088 1193 3177 Ἀθη·
1284 3082 1285 3163 ᾧ

193 3192 298 3253 ναίων
313 3181 355 3251 ού
369 3193 481 3270 φιλίας
493 3188 645 3274 γνώμας,
661 3191 794 3267 ἐλπίσας
808 3186 845 3255 δέ
861 3205 965 3272 σφεας
979 3185 1123 3275 ὑπήσειν
1136 3196 1194 3275 τῆς
1284 3204 1285 3209 ’

193 3283 436 3372 ἀγνωμοσύνης
451 3284 495 3366 ώς
507 3286 713 3373 δοριαλώτου
723 3287 843 3372 ἐούσης
856 3285 964 3372 πάσης
978 3292 1036 3371 τής
1050 3283 1194 3373 Ἀττικῆς
1284 3304 1285 3341 ³

193 3380 302 3467 χώρης
320 3384 375 3449 καὶ
390 3383 509 3469 ἐούσης
529 3382 592 3470 ήδη
608 3382 666 3452 ὑπ’
683 3386 804 3477 ἑωυτῷ.
837 3384 967 3452 τούτων
983 3386 1045 3471 μέν
1066 3387 1193 3453 εἵνεκεν

161 3494 176 3540 5
194 3475 366 3564 ἀπέπεμψε
382 3487 605 3569 Μουρυχίδην
622 3486 654 3562 ές
668 3492 851 3570 Σαλαμῖνα.
883 3479 918 3551 ‘0
934 3485 971 3550 δέ
991 3480 1194 3569 ἀπικόμενος
