2622 3928
223 256 264 317 38
598 254 851 311 HERODOTI

222 417 429 502 Αἰγινητέων
449 413 579 497 ἐγένετο
600 412 633 491 ἐξ
654 408 755 499 ἀρχῆς
769 415 910 498 τοιῆσδε.
948 409 1186 500 Ἐπιδαυρίοισι
1206 412 1228 498 ἡ

221 521 265 600 γῆ
286 506 417 599 καρπὸν
434 506 557 578 οὐδένα
573 506 740 578 ιἰνεδίδου.
769 512 845 598 περὶ
864 510 986 598 ταύτης
1002 503 1050 580 ὐν
1064 517 1122 597 τῆς
1139 530 1229 597 ⁶¹²ss-

223 615 330 696 φορῆς
344 612 379 677 οί
387 605 592 693 Ἐπιδαύριοι
607 610 757 695 ἐχρέοντο
773 610 810 675 ἐν
822 615 1004 694 Δελφοῖσι·
1026 606 1097 696 ἡδὲ
1107 614 1226 693 Πυθίη

222 709 327 793 σφέας
340 709 471 777 ἐκέλευε
487 710 618 790 Δαμίης
633 732 669 775 τε
686 708 742 776 καλ
754 703 923 792 Αὐξησίης
937 703 1110 793 ἀγάλματα
1126 706 1228 794 ίδρά·

222 817 348 877 σασθαι
378 812 437 874 καί
461 825 522 891 σφι
550 808 801 892 ἱδρυσαμένοισι
826 804 966 891 άμεινου
994 813 1225 876 συνοίσεσθαι.

222 904 421 988 ἐπειρώτεον
436 896 485 971 οὐν
499 906 532 970 οί
542 900 761 990 Ἐπιδαύριοι,
780 905 900 991 κότερα
911 911 1036 990 χαλκοῦ
1046 907 1226 972 ποιέωνται

221 1002 261 1071 τά
278 1002 452 1088 άγάλματα
465 996 487 1087 ἢ
502 1007 620 1070 λίθου·
642 1000 663 1085 ἡ
679 1001 715 1068 δὲ
725 1007 842 1088 Πυθίη
857 998 1016 1088 οὐδέτερα
1029 1000 1160 1070 τούτων
1174 1006 1224 1084 ἔα,

221 1099 306 1171 άλλά
329 1100 432 1180 ξύλου
454 1095 578 1186 ἡμέρης
600 1100 719 1184 ἐλαίης.
753 1102 886 1168 ἐδέοντο
905 1091 954 1167 οὐν
967 1103 1002 1167 οί
1017 1097 1224 1186 Ἐπιδαύριοι

218 1197 408 1283 Ἀθηναίων
430 1198 544 1282 ἐλαίην
569 1215 629 1281 σφι
657 1200 777 1265 δοῦναι
797 1199 978 1284 ταμέσθαι,
1006 1195 1160 1283 ίροτάτας
1181 1192 1223 1280 δὴ

220 1300 349 1374 ἐκείνας
367 1299 555 1380 νομίζοντες
570 1291 670 1360 εἶναι·
693 1297 823 1381 λέγεται
838 1297 874 1363 δέ
888 1297 942 1363 καὶ
960 1292 1004 1373 ὡς
1018 1297 1124 1364 έλαίαι
1136 1286 1225 1379 ἦσαν

220 1392 343 1463 άλλοθι
356 1401 418 1480 γῆς
432 1389 584 1478 οὐδαμοῦ
594 1390 667 1461 κατ’
680 1396 810 1462 ἐκείνου
821 1392 883 1462 τὸν
898 1393 1023 1480 χρόνον
1036 1389 1058 1479 ἦ
1073 1395 1111 1461 ἐν
1120 1390 1225 1477 Ἀθή-

219 1514 306 1581 νησι.
330 1497 363 1559 οί
377 1495 413 1559 δὲ
429 1493 481 1559 ἐπὶ
497 1494 622 1559 τοιοίδε
636 1491 758 1560 δάσειν
779 1499 925 1579 ἔφασαν,
947 1489 999 1559 ἐπ’
1017 1482 1043 1581 ᾦ
1058 1487 1224 1569 άπάξουσι

220 1596 309 1668 ἔτεος
333 1589 476 1656 ἑκάστου
496 1593 537 1676 τῇ
558 1585 721 1677 Ἀθηναίη
740 1616 776 1658 τε
801 1597 842 1678 τῇ
862 1588 997 1659 πολιάδι
1020 1586 1076 1675 ίρὰ
1102 1589 1157 1656 καὶ
1176 1582 1223 1677 τηῖ

215 1686 378 1774 Ἐρεχθέῑ·
406 1688 659 1765 καταινέσαντες
681 1683 715 1753 δ’
731 1689 785 1755 ἐπὶ
804 1686 952 1756 τούτοισι
967 1690 1001 1755 οί
1016 1682 1223 1781 Ἐπιδαύριοι

218 1793 286 1854 τῶν
307 1810 343 1853 νε
364 1785 497 1855 ἐδέοντο
515 1791 649 1872 ἐτυχον,
671 1790 726 1855 καί
747 1785 919 1875 ἀγάλματα
939 1789 975 1856 ἐκ
996 1792 1065 1855 τῶν
1083 1787 1222 1854 ἐλαιέων

218 1883 347 1950 τούτων
364 1882 584 1969 ποιησάμενοι
601 1884 798 1971 ίδράσαντο·
822 1887 877 1953 καί
890 1882 913 1972 η’
926 1911 962 1953 τε
975 1888 1018 1971 γῆ
1035 1902 1097 1971 σφι
1109 1889 1221 1971 ἐφερε,

170 1993 203 2047 33
220 1984 275 2050 καὶ
285 1979 492 2069 Ἀθηναίοισι
507 1985 678 2052 ἐπετέλεον
692 1980 733 2051 τά
748 1985 942 2052 συνέθεντο.
982 1989 1111 2052 Τοῦτον
1125 1979 1157 2049 δ’
1174 1987 1220 2051 ἐτι
1296 2042 1297 2055 ,

217 2077 278 2146 τὸν
293 2080 418 2166 χρόνον
432 2083 488 2148 καὶ
502 2077 567 2165 πρὸ
584 2088 644 2149 τοῦ
661 2088 837 2169 Αἰγινῆται
848 2079 1069 2169 Ἐπιδαυρίων
1082 2079 1221 2169 ἤκουον,

217 2178 258 2247 τά
271 2204 307 2247 τε
321 2177 406 2248 ἄλλα
426 2182 482 2248 καὶ
502 2185 596 2259 δίκας
610 2186 838 2270 διαβαίνοντες
852 2183 884 2259 ἐς
896 2178 1095 2269 Ἐπίδαυρον
1112 2183 1222 2249 ἐδίδο-

218 2278 284 2346 σάν
295 2303 332 2345 τε
351 2281 407 2344 καλ
428 2276 618 2363 ἐλάμβανον
638 2276 719 2364 παρ’
743 2277 897 2366 άλλήλων
912 2283 946 2348 οί
962 2285 1148 2368 Αἰγινῆται.
1182 2274 1221 2344 τὸ

217 2381 254 2446 δὲ
273 2373 339 2446 άπὸ
360 2381 460 2445 τοῦδε
479 2379 557 2456 νέας
577 2405 613 2445 τε
629 2381 812 2466 πηξάμενοι
828 2382 883 2449 καὶ
900 2377 1125 2471 ἀγνωμοσύνη
1138 2407 1221 2467 χρη·

217 2476 355 2559 σάμενοι
370 2471 561 2561 άπέστησαν
574 2473 639 2544 ὐπύ
655 2483 723 2545 τῶν
735 2475 963 2565 Ἐπιδαυρίων.
986 2475 1045 2547 ἅτε
1058 2479 1095 2548 δὲ
1109 2480 1222 2559 ἐόντες

217 2574 394 2660 διάφοροι,
414 2574 587 2659 ἐδηλέοντο
602 2571 726 2654 αὐτούς
744 2573 828 2645 ὥστε
846 2572 886 2662 δὴ
897 2568 1221 2663 Ιθαλασσοκράτορες

216 2673 343 2758 ἐόντες,
366 2673 420 2741 καὶ
441 2669 482 2760 δὴ
504 2677 559 2742 καὶ
580 2670 620 2741 τά
643 2672 815 2761 άγάλματα
835 2680 940 2743 ταῦτα
958 2680 1016 2760 τῆς
1035 2699 1072 2742 τε
1086 2680 1221 2760 Δαμίης

215 2774 341 2857 καὶτῆς
355 2768 523 2858 Αὐξησίης
544 2769 762 2859 ὑπαιρέονται
777 2770 907 2860 αὐτῶν,
927 2780 987 2842 καί
1003 2792 1091 2859 σφεα
1104 2773 1219 2858 ἐκόμι-

214 2870 280 2939 σάν
293 2895 329 2937 τε
343 2871 398 2937 καὶ
418 2869 598 2957 ίδρύσαντο
618 2878 676 2958 τῆς
690 2873 851 2958 σφετέρης
862 2870 971 2959 χώρης
991 2871 1025 2951 ἐς
1040 2868 1104 2958 τὴν
1116 2869 1220 2956 μεσό-

214 2993 331 3053 γαιαν,
352 2972 392 3055 τη
407 2973 470 3053 Οίη
487 2968 549 3052 μέν
568 2970 637 3037 ἐστι
659 2967 805 3056 οὐνομα,
827 2967 945 3038 στάδια
960 2968 997 3037 δέ
1012 2966 1154 3055 μάλιστά
1174 2994 1220 3057 κη

213 3060 278 3131 ὐπὸ
300 3069 358 3150 τῆς
383 3063 497 3142 πόλιος
523 3061 568 3144 ὡς
596 3075 700 3135 είκοοι
725 3064 846 3152 ὐπέχει.
880 3065 1099 3155 ἱδρυσάμενοι
1118 3066 1155 3133 δὲ
1179 3066 1220 3133 ἐν

213 3163 321 3254 τούτῳ
331 3167 377 3254 τῷ
386 3162 484 3254 χάρη
494 3170 638 3254 θυσίησί
644 3167 683 3235 τέ
691 3186 778 3253 σφεα
789 3167 844 3234 καλ
852 3178 980 3252 χοροίσι
991 3170 1219 3251 γυναικηίοισι

214 3260 403 3348 κερτόμοισι
426 3261 619 3349 ἱλάσκοντο,
646 3270 801 3352 χορηγῶν
821 3260 1118 3348 ἀποδεικνυμένων
1138 3261 1219 3329 ἐκα·

213 3361 293 3446 τέρη
313 3363 381 3425 τῶν
402 3357 572 3444 δαιμόνων
593 3363 673 3429 δέκα
693 3360 844 3449 ἀνδρῶν·
873 3366 984 3440 κακῶς
997 3359 1034 3428 δὲ
1046 3356 1219 3448 ἠγόρευον

214 3457 249 3521 ολ
261 3453 353 3542 χοροὶ
369 3449 476 3541 ἄνδρα
477 3454 551 3551 μέν
565 3454 704 3545 οὐδένα,
725 3457 784 3538 τὰς
801 3459 838 3526 δὲ
851 3460 1027 3545 ἐπιχωρίας
1041 3468 1214 3542 γυναίκας.
