2566 3934
314 237 463 299 61611.
495 240 594 300 εκν.
626 246 799 304 τιν-ηε.
1006 234 1066 305 171

95 384 211 468 ἀνόσιον
234 402 271 471 ἐν
294 407 334 492 τῇ
348 398 481 472 Ἐλλάθι
507 403 760 490 ἐξεργασμένος·
789 407 899 484 ξείνου
918 402 984 492 γάρ
1006 409 1068 473 τοῦ
1191 460 1194 469 ,

96 493 199 565 ἑωυτοῦ
213 497 459 588 ξαπατησας
424 526 486 587 την
501 513 656 588 γυναῖκα,
674 526 780 589 αυτην
789 527 825 570 τε
837 502 963 590 ταύτην
976 502 1069 590 ἀγων
1156 574 1159 585 .

93 588 151 677 666
163 598 213 665 καὶ
224 597 332 669 πολλὰ
343 598 449 688 κάρτα
458 599 624 688 χρήματα,
640 596 689 667 ὁπ
698 596 856 687 ’ἀνέμων
869 603 954 681 ἐς
913 628 977 689 γην
987 601 1070 671 ταώ-

53 726 58 737 s
93 717 142 778 την
153 692 369 787 ἀπενειχθείς·
391 698 512 787 κότερα
528 702 611 788 θῆτα
626 706 748 769 τοῦτον
765 702 871 787 ἐῶμεν
885 698 1001 770 ἀσινέα
1015 704 1071 771 ἐκ·

91 791 255 884 τλώειν,”
232 824 254 885 6
272 795 473 885 ἀπελώμεθα
487 794 528 866 τὰ
545 803 629 884 έχων
645 790 747 885 ἦλθες
765 794 1072 886 Ἀντιπέμπειπρὸς

91 897 178 960 ταῦτα
192 889 210 961 6
224 893 384 983 Πρωτεὸς
397 900 538 983 λέγοντα
559 895 656 963 τάὁε·
679 894 810 1020 ’Ἇνθρα
821 902 960 984 τοῦτον,
982 893 1072 976 ὅστις

89 994 155 1061 κοτέ
163 993 260 1064 ἐστι’
240 995 360 1066 ανόσια
377 998 580 1085 ἐργασμένος
594 993 751 1077 ξεῖνον“
717 1021 778 1064 τον
793 998 930 1085 εωυτοῦ,
946 1001 1072 1064 συλλα-

89 1090 222 1175 βόντες’
203 1096 347 1185 απάγετε
360 1123 429 1185 παρ
432 1095 531 1186 ’έμέ,
553 1096 757 1188 λναείθέω,ό
771 1122 803 1166 τι
817 1123 876 1167 κωτ
876 1097 961 1167 ὁκαὶ
974 1098 1070 1179 λέξει.

88 1186 227 1275 Ἀκοόσας
247 1196 284 1264 66
305 1203 409 1265 ταῦτα
431 1192 577 1276 ὁΘώνις
597 1196 823 1286 συλλαμβάνει
842 1194 903 1267 τόν
919 1194 1072 1277 Ἀλέξαν-
1083 1205 1133 1260 115

89 1290 158 1376 ἐραν
177 1296 231 1363 καλ
249 1292 311 1375 τάς
331 1298 409 1376 νέας
432 1292 538 1364 αὐτοῦ
561 1301 722 1383 κατίσχει,
743 1323 824 1384 μετα
812 1293 886 1365 ⁸66
910 1292 1015 1365 αὐτόν
1036 1321 1072 1363 τε

88 1395 192 1459 τοῦτον
205 1389 354 1484 ἀνήγαγε
378 1397 412 1474 ἐς
428 1397 573 1482 Μέμφιν
592 1391 705 1463 καθ’
669 1421 731 1482 την
747 1392 885 1481 Ελένην
904 1419 940 1462 τε
960 1389 1067 1462 καὸ“
1031 1418 1071 1460 τω

87 1485 234 1578 χρήματα,
255 1489 341 1578 πρός
356 1491 392 1561 66
407 1495 463 1560 καὶ
479 1489 559 1571 τούς
573 1493 690 1570 ίκέτας.
724 1487 1021 1578 ἀνακομισθέντων
1035 1488 1072 1555 66

87 1586 207 1657 πόντων
223 1590 344 1679 είρώτα
357 1589 418 1660 τόν
428 1588 646 1679 Ἀλέξανδρον
661 1587 679 1657 6
694 1585 869 1675 Πρωτεὺς,
889 1594 938 1667 τίς
952 1596 1001 1674 είη
1017 1588 1073 1654 καὶ

88 1679 201 1755 ὁκόθεν
218 1688 334 1759 πλώοι
368 1687 386 1758 6
414 1692 454 1758 66
475 1693 510 1757 06
528 1683 637 1756 μαλ’
602 1713 639 1755 το
660 1688 757 1774 γένος
774 1686 923 1765 κατέλεξε
944 1685 1054 1751 καὶ
1015 1708 1073 1801 τιχς

87 1782 196 1902 666669
211 1784 333 1855 εἷπε“
298 1813 336 1855 το
357 1785 504 1875 οὕνομα,
526 1788 582 1855 καλ
597 1782 637 1873 66
655 1788 730 1854 καὶ
735 1781 796 1853 τόν
818 1779 960 1853 πλόον’
942 1779 1073 1869 ἀπηγή-

87 1898 153 1949 σατο
165 1880 293 1954 ὁκόθεν
308 1885 424 1954 πλώοι.
452 1910 535 1972 μετα
522 1880 629 1952 6⁸6
614 1878 806 1971 οΠρωτεὸς
823 1876 941 1968 εἰρώτα
956 1874 1072 1964 αὐτόν,

86 1974 242 2049 ὁκόθεν
205 2009 270 2070 την
279 1980 416 2070 Ἑλένην
428 1983 542 2072 λάβοι·
557 1982 785 2068 πλανεομένων
800 1977 836 2047 66
849 2004 909 2047 του
894 1972 1073 2055 Ἀλεξών-

87 2077 156 2162 ὁρου
170 2080 205 2147 ἐν
218 2106 265 2171 τῳ
250 2079 369 2171 λόγῳ
383 2082 439 2148 καὶ
453 2106 495 2148 ου
484 2078 665 2167 ’λέγοντος
677 2075 740 2165 τὴν
756 2073 915 2162 ἀλήθειαν
931 2071 1072 2162 ἤλεγχον

85 2178 111 2241 ⁰6
121 2179 296 2266 γενόμενοι
316 2182 420 2250 ίκέται
440 2179 655 2266 ἐξηγεόμενοι
675 2175 785 2245 πάντα
799 2172 902 2260 λόγων
920 2196 983 2242 του
967 2168 1074 2238 66-

85 2271 221 2394 λήματος.
244 2280 340 2357 τέλος
355 2277 391 2347 66
406 2278 448 2399 66¹
462 2298 524 2364 σφι
537 2277 641 2364 λόγον
655 2274 753 2344 τόνθε
770 2267 952 2392 6666666‘
938 2278 1074 2359 οΠρω·

83 2370 161 2471 τεός,
174 2374 318 2503 λέγωγ“
298 2402 349 2444 οτι
361 2373 443 2463 Ἐγώ
458 2381 488 2445 εί
500 2402 545 2464 μη
534 2372 636 2462 ’περὶ
647 2367 801 2442 606606‘
783 2368 936 2458 ηγεόμην
946 2370 1072 2457 μηθένα

83 2464 187 2548 ξείνων
201 2481 365 2561 κτείνειν,
383 2473 458 2543 ὅσοι
482 2471 530 2543 ὑπ
534 2470 694 2561 ’ἀνέμων
713 2469 777 2559 6'66
798 2467 1074 2588 ἀπολαμφθέντες

80 2560 177 2654 ἦλθον
192 2575 226 2653 ἐς
234 2572 352 2662 χώρην
365 2570 428 2661 τὴν
439 2575 541 2661 6666,
559 2541 662 2660 66'*
639 2599 683 2640 αν
697 2592 734 2640 σε
748 2568 833 2658 ὑπὲρ
847 2594 908 2637 του
893 2565 1074 2655 ’Ἕλληνος

81 2670 285 2797 ἐτισάμχν,“
262 2700 318 2761 ος,
335 2664 362 2742 6
377 2674 512 2744 κάκιστε
526 2671 680 2794 ἀνδρῶν,
703 2677 834 2751 ξεινίων
850 2665 959 2756 τυχών
974 2673 1074 2755 ἔργον

80 2763 300 2843 ἀνοσιώτατον
317 2771 477 2862 έργάσαο
505 2770 597 2857 παρὰ
620 2777 681 2839 τοῦ
701 2774 850 2838 σεωυτοῦ
876 2770 988 2848 ξείνου
1011 2763 1073 2854 τὴν

78 2885 211 2986 γυναῖκα
230 2863 354 2961 ἦλθες·
386 2875 442 2941 καλ
465 2871 554 2960 μάλα
569 2868 674 2939 ταῦτώ
692 2893 745 2936 τοι
759 2864 822 2936 οὐκ
841 2863 976 2956 ἤρκεσε,
997 2861 1072 2933 ἀλλ’

78 2961 310 3061 ἀναπτερώσας
321 2965 443 3090 66666
470 2979 574 3057 οίχεαι
601 2973 685 3088 έχων
712 2968 879 3049 ἐκκλέψας.
913 2967 968 3041 καί
994 2959 1074 3032 0666

78 3066 172 3137 τοῦτό
191 3093 247 3140 τοι
268 3074 380 3156 μοῦνα
393 3066 530 3157 ἤρκεσε,
554 3063 637 3137 ἀλλά
655 3060 761 3134 καί
725 3090 765 3132 τα
783 3070 815 3133 οἰ
815 3067 870 3132 κία
886 3087 947 3131 του
932 3066 1073 3143 ξείνου

78 3165 263 3252 κεραίσας’
238 3191 342 3255 ηκεις.
375 3173 441 3236 νῦν
458 3159 507 3236 ών
527 3163 639 3254 ἐπειδη
658 3165 734 3249 περὶ
748 3158 911 3232 τολλοῦ“
888 3185 1012 3282 ηγημαι
1027 3184 1075 3275 66

78 3263 331 3353 ξεινοκτονέειν,
348 3279 497 3387 γυναῖκα
510 3268 586 3390 μὲν
596 3288 723 3350 ταυτην
745 3258 849 3330 666⁸
813 3288 853 3330 τα
868 3260 1017 3350 χρήματα
1032 3251 1075 3323 06

78 3384 144 3430 τοι
135 3363 274 3456 προήσω
286 3361 494 3454 ἀττάγεσθαι,
512 3361 586 3435 ἀλλ’
599 3359 684 3431 αότα
671 3358 809 3452 ⁸666
779 3387 824 3428 τω
810 3355 964 3443 ’Ἕλληνι
978 3356 1074 3444 ξείνῳ

79 3464 226 3555 φαλόξω,
255 3463 335 3546 ές“
314 3490 334 3535 o
358 3460 403 3534 ἀν
427 3463 527 3549 αὐτὸς
553 3460 665 3534 ἐλθτὸν
693 3464 818 3539 ἐκεῖνος
843 3450 1075 3539 ἀπαγαγέσθαι
