2562 3926
344 229 430 302 ιιι.
459 231 506 289 τοι
541 229 638 291 cAP
670 232 754 295 97—-
768 239 827 293 ιοι.
1024 227 1087 296 205

88 394 239 462 Παδαίοι.
255 396 423 479 νομαίοισι
434 388 472 460 δέ
481 394 640 462 τοιοισίδε
651 395 802 480 λέγονται
811 400 971 484 χρασθαι
995 421 1031 476 ος
1042 420 1086 463 αν

86 491 177 580 κάμη
190 495 260 559 τόν
271 487 398 579 ἀστόν,
409 488 453 579 ἦν
467 516 503 560 τι
516 488 603 582 ἀνὴρ
615 489 659 581 ἥν
668 518 704 561 τε
716 490 816 583 γυνὴ,
828 490 889 563 τόν
902 493 964 615 μέν
977 492 1085 618 ἀνδρα
1195 550 1198 556 .

86 590 215 712 ἀνδρες
222 594 257 660 οί
268 587 411 676 μάλιστά
422 593 457 659 οί
465 585 654 676 ὁμιλέοντες
664 597 849 682 κτείνουσι,
862 592 1009 682 φάμενοι
1022 591 1086 663 αύ-

86 688 147 759 τόν
163 688 352 776 τηκόμενον
366 694 407 778 τῇ
420 687 535 779 νούσῳ
548 714 588 756 τα
577 684 685 776 κρέα
702 697 796 778 σφίσι
810 695 1086 781 διαφθείρεσθαι

86 815 104 858 ο
91 784 196 856 ‘''66
173 785 324 874 απαρνός
335 787 403 855 έστι
410 812 455 874 μη
445 780 525 874 μέν
531 787 700 858 νονσέειν
712 793 748 858 οί
755 787 842 858 δέ’
803 815 846 860 ου
856 790 1088 880 συγγινωσκό-

86 911 183 973 μενοι
198 883 454 964 ἀποκτείναντες
470 883 790 972 κατευωχέονται.’ἱ
768 914 812 975 ην
825 887 866 958 δὲ
881 888 968 979 μυνη
986 889 1087 979 κόμη,

87 985 247 1066 ὡσαύτως
260 991 298 1056 αί
314 984 546 1074 έπιχρεόμεναι
560 985 703 1072 μάλιστα
715 997 873 1077 γυναῖκες
883 986 988 1071 ταάτά
1001 1004 1088 1059 τοῖσι

86 1083 232 1173 ἀνδράσι
246 1090 390 1153 ποιεῦσι.
415 1079 477 1152 τόν
489 1079 556 1171 γάρ
571 1080 613 1171 δη
629 1085 663 1164 ές
680 1092 785 1207 χῆρας
798 1083 1005 1176 ἀπικόμενον
1018 1087 1088 1156 θό-

88 1207 206 1264 σαντες
224 1183 494 1279 κατευωχέονται
521 1183 563 1268 ἐς
583 1183 620 1251 δέ
640 1185 764 1305 τρύτου
764 1185 887 1305 λόμορ
907 1184 949 1256 ού
970 1192 1092 1255 πολλοί

88 1312 176 1366 τινες
190 1272 536 1354 αύτόνάπικνέονται
552 1277 618 1370 πρό
632 1279 698 1371 γάρ
709 1277 834 1351 τούτου
846 1280 906 1352 τόν
919 1286 953 1364 ἐς
962 1282 1089 1356 νοῦσον
1150 1369 1156 1374 .

87 1390 251 1453 πίπτοντα
264 1380 375 1450 πάντα
391 1384 569 1451 κτείνουσι.
608 1377 752 1468 Ἑτέραν
767 1383 809 1450 δέ
819 1385 888 1452 ἐστι
899 1381 1013 1469 Ἰνδόν
1032 1381 1091 1453 ὅδε
1109 1405 1155 1458 ιοο

57 1548 64 1555 .
87 1481 189 1563 ἀλλος
202 1480 342 1570 τρόπος·
363 1478 442 1549 οὔτε
462 1484 631 1548 κτείνουσι
651 1477 730 1550 οὐδὲ
731 1508 753 1549 ν
772 1487 937 1571 ἔμψυχον,
960 1482 1038 1554 οὔτε
1057 1511 1089 1554 τι
1134 1551 1137 1558 ,

87 1586 263 1668 σπείρουσι
270 1629 280 1664 ,
303 1575 380 1648 οὔτε
398 1582 505 1656 οἰκίας
518 1582 689 1665 νομιζουσι
700 1584 892 1667 κεκτησθαι
898 1586 1089 1675 ποιηφαμέ-
1122 1592 1126 1597 ’
1157 1594 1159 1599 ”
1208 1614 1210 1618 ’

88 1697 165 1747 ουσι
182 1678 237 1766 δέ,
258 1679 313 1746 καὶ
329 1673 462 1745 αύτοίσί
479 1673 591 1757 έστι”
569 1696 653 1744 οσον
673 1677 864 1798 κέγχρος
829 1705 867 1748 το
889 1683 1036 1804 μίραθος
1051 1682 1089 1750 έν

12 1860 29 1873 .
88 1775 228 1862 κάλυκι,
251 1772 460 1897 αάτόρατον
470 1777 512 1844 έκ
530 1781 589 1862 τῆς
608 1781 670 1863 γῆς
690 1776 889 1867 γινόμενον,
910 1807 948 1849 το
936 1778 1089 1851 συλλό-

5 1872 7 1879 ’
88 1899 205 1964 μοντες
217 1870 302 1965 αάτη
287 1872 437 1956 καλυκι
448 1876 572 1957 ωρουσι
578 1900 614 1942 τε
628 1875 684 1944 καί
700 1875 917 1957 σιτεωυται.
896 1904 933 1959 ος
950 1875 1020 1948 δ
996 1900 1048 1948 αν.
1056 1880 1090 1961 ές
1114 1907 1115 1911 ’

87 1981 216 2043 νοῦσον
226 1968 338 2042 αὐτῶν
351 1975 452 2063 πέση,
465 1967 577 2042 έλθόν
588 1974 622 2051 ές
632 1970 694 2060 τὴν
707 1976 832 2062 ἐρῆμον
841 1977 966 2063 κέεται·
981 2002 1091 2066 φρον-

87 2079 166 2156 τίζει
180 2070 217 2141 δέ
229 2068 421 2151 ούδείςούύ
434 2068 672 2150 ἀποθανόντος
682 2070 966 2161 ούτεκάμνουτος.
988 2078 1090 2157 Μίξις
1108 2098 1153 2151 101

88 2175 125 2243 δέ
143 2170 277 2241 τούτων
294 2168 495 2249 τόνΊνδοῑν
515 2178 584 2241 τεόν
604 2173 760 2254 κατέλεξα
780 2172 917 2243 πάντων
940 2177 1091 2264 ἐμφανής
1213 2180 1216 2185 ’

88 2276 157 2343 έστι
182 2271 329 2359 κατάπερ
357 2278 425 2341 τῶν
446 2271 642 2361 προβάτων,
665 2274 721 2342 καὶ
740 2270 778 2341 τό
798 2279 913 2361 χρόμα
928 2278 1089 2362 φορέουσι

88 2369 208 2459 ὁμοίου
222 2368 344 2450 πάντες
358 2372 413 2440 καί
423 2368 658 2465 παραπλήσιον
667 2368 859 2493 Λίθίοιμιρρ
841 2399 862 2460 η
875 2397 960 2461 μονη
949 2369 1068 2443 δέ’
1026 2399 1089 2441 αο-

87 2477 174 2556 τόν,
195 2465 258 2557 τὴν
279 2465 431 2540 ἀπίενται
450 2472 487 2549 ἐς
504 2466 572 2549 τάς
576 2484 756 2594 χρναλκας,
776 2467 819 2541 06
855 2472 1006 2567 κατάπερ
1021 2479 1089 2544 τόν

88 2570 203 2642 ἀλλων
200 2566 412 2692 ἀνθρωπων
426 2572 494 2641 έστὶ
508 2567 610 2659 λευκὴ
618 2621 628 2655 ,
651 2569 736 2642 ἀλλά
751 2574 907 2661 μέλαινα,
939 2573 1088 2662 κατάπερ

88 2668 125 2739 τό
145 2674 278 2756 χρῶμα·
298 2669 458 2758 τοιαύτην
478 2668 515 2738 δέ
539 2670 595 2738 καὶ
612 2667 816 2749 Αίθίοπες’
796 2678 949 2740 απίενται
966 2670 1087 2759 θορήν.
1187 2746 1190 2753 ,

89 2761 185 2838 οὗτοι
203 2764 268 2853 μέν
286 2771 356 2835 τόν
366 2763 481 2835 Ἰνδων
502 2769 667 2856 ἑκαστέρω
681 2774 750 2836 τῶν
764 2772 923 2855 Περσέων
944 2766 1089 2840 οἰκέουσι
1144 2768 1146 2773 ’

88 2868 144 2937 καί
158 2861 244 2952 πρὸς
263 2863 367 2934 νότου
383 2862 533 2961 ἀνέμου,
550 2868 605 2934 καὶ
618 2873 769 2954 Δαρείου
788 2869 940 2955 βασιλέος
959 2865 1088 2957 οὐδαμά

89 2964 299 3054 ὑπήκουσαν.
335 2963 450 3035 ’Ἄλλοι
465 2967 512 3033 δέ.
522 2972 591 3033 τῶν
602 2963 718 3035 Ἰνδων
735 2966 946 3059 Κασπατύρῳ
961 2996 997 3038 τε
1013 2971 1092 3040 πόλι
1108 2978 1173 3041 102'

87 3066 144 3136 καὶ
157 3072 198 3155 τῇ
211 3072 389 3154 Πακτυϊκῇ,
401 3065 494 3154 χάρη
517 3068 579 3134 είσὶ
593 3065 797 3153 πρόσουροι,
817 3062 901 3150 πρός
916 3064 1042 3150 ἀρκτον
1055 3092 1091 3134 τε

88 3166 144 3235 καί
171 3164 281 3253 βορέω
308 3160 435 3251 ἀνέμου
452 3167 687 3251 κατοικημένοι
700 3170 769 3232 τῶν
782 3162 894 3233 ἀλλων
910 3162 1041 3249 Ἰνδῶν,
1059 3168 1094 3231 οἳ
1214 3240 1217 3243 ,

88 3271 281 3353 Βακτρίοισι
294 3266 530 3353 παραπλησιην
541 3268 653 3350 ἔχουσι
664 3264 810 3330 δίαιταν
824 3287 919 3331 ουτοι
928 3264 1091 3348 καίμαχι-

86 3368 236 3489 μότατοί
244 3369 313 3435 είσι
323 3361 456 3452 Ἰνδῶν,
476 3366 532 3433 καὶ
546 3368 581 3440 οί
595 3359 696 3433 ἐπὶ
657 3387 722 3431 τον
735 3360 863 3449 χρυσόν
879 3358 1117 3445 στελλόμενοί
1190 3384 1192 3389 ’

85 3472 151 3542 scos
164 3456 278 3536 οὗτοι·
302 3459 386 3539 κατὰ
398 3459 466 3555 μὰρ
481 3470 580 3538 τοῦτο
593 3463 661 3535 έστδ
672 3463 789 3554 ίρημίη
801 3455 903 3530 διά
867 3484 929 3552 την
943 3457 1087 3548 ψάμμοι
1191 3552 1194 3559 Δ
