<?xml version="1.0" encoding="UTF-8"?>
<!DOCTYPE html PUBLIC "-//W3C//DTD XHTML 1.0 Transitional//EN"
    "http://www.w3.org/TR/xhtml1/DTD/xhtml1-transitional.dtd">
<html xmlns="http://www.w3.org/1999/xhtml" xml:lang="en" lang="en">
 <head>
  <title>
</title>
<meta http-equiv="Content-Type" content="text/html;charset=utf-8" />
  <meta name='ocr-system' content='tesseract 3.04.00' />
  <meta name='ocr-capabilities' content='ocr_page ocr_carea ocr_par ocr_line ocrx_word'/>
</head>
<body>
  <div class='ocr_page' id='page_1' title='image "./historiarumlibr03herogoog_0243.png"; bbox 0 0 2562 3926; ppageno 0'>
   <div class='ocr_carea' id='block_1_1' title="bbox 203 217 842 305">
    <p class='ocr_par' dir='ltr' id='par_1_1' title="bbox 203 217 842 305">
     <span class='ocr_line' id='line_1_1' title="bbox 203 217 842 305; baseline -0.022 -14"><span class='ocrx_word' id='word_1_1' title='bbox 203 224 265 291; x_wconf 68' lang='grc' dir='ltr'><strong><em>εει</em></strong></span> <span class='ocrx_word' id='word_1_2' title='bbox 590 217 842 305; x_wconf 65' lang='lat' dir='ltr'><strong><em>mmmm</em></strong></span> 
     </span>
    </p>
   </div>
   <div class='ocr_carea' id='block_1_2' title="bbox 203 370 1203 577">
    <p class='ocr_par' dir='ltr' id='par_1_2' title="bbox 203 370 1203 577">
     <span class='ocr_line' id='line_1_2' title="bbox 204 370 1202 471; baseline -0.012 -12"><span class='ocrx_word' id='word_1_3' title='bbox 204 382 311 459; x_wconf 75' lang='grc' dir='ltr'><strong><em>σι’δοι’</em></strong></span> <span class='ocrx_word' id='word_1_4' title='bbox 291 386 455 471; x_wconf 86' lang='grc' dir='ltr'><strong><em>ακοόσας,</em></strong></span> <span class='ocrx_word' id='word_1_5' title='bbox 468 382 559 464; x_wconf 83' lang='grc' dir='ltr'><strong><em>ὅστις</em></strong></span> <span class='ocrx_word' id='word_1_6' title='bbox 573 384 605 464; x_wconf 90' lang='grc' dir='ltr'><strong><em>ἐς</em></strong></span> <span class='ocrx_word' id='word_1_7' title='bbox 615 385 708 461; x_wconf 96' lang='grc' dir='ltr'><strong><em>τέλος</em></strong></span> <span class='ocrx_word' id='word_1_8' title='bbox 723 377 765 450; x_wconf 80' lang='grc' dir='ltr'><strong><em>οὗ</em></strong></span> <span class='ocrx_word' id='word_1_9' title='bbox 780 386 889 462; x_wconf 73' lang='grc' dir='ltr'><strong><em>κακοῖς</em></strong></span> <span class='ocrx_word' id='word_1_10' title='bbox 900 379 1090 468; x_wconf 80' lang='grc' dir='ltr'><strong><em>ἐτελεύτησε</em></strong></span> <span class='ocrx_word' id='word_1_11' title='bbox 1101 370 1202 465; x_wconf 80' lang='grc' dir='ltr'><strong><em>πρόρ-</em></strong></span> 
     </span>
     <span class='ocr_line' id='line_1_3' title="bbox 203 474 1203 577; baseline -0.013 -20"><span class='ocrx_word' id='word_1_12' title='bbox 203 494 308 577; x_wconf 77' lang='grc' dir='ltr'><strong><em>ριζος,</em></strong></span> <span class='ocrx_word' id='word_1_13' title='bbox 330 482 496 572; x_wconf 77' lang='grc' dir='ltr'><strong><em>εὐτυχέων</em></strong></span> <span class='ocrx_word' id='word_1_14' title='bbox 510 481 550 553; x_wconf 85' lang='grc' dir='ltr'><strong><em>τά</em></strong></span> <span class='ocrx_word' id='word_1_15' title='bbox 564 482 684 551; x_wconf 87' lang='grc' dir='ltr'><strong><em>πόυτα.</em></strong></span> <span class='ocrx_word' id='word_1_16' title='bbox 716 478 759 548; x_wconf 86' lang='grc' dir='ltr'>σύ</span> <span class='ocrx_word' id='word_1_17' title='bbox 776 474 826 549; x_wconf 82' lang='grc' dir='ltr'><strong><em>ἀν</em></strong></span> <span class='ocrx_word' id='word_1_18' title='bbox 840 486 906 548; x_wconf 85' lang='grc' dir='ltr'><strong><em>νῦν</em></strong></span> <span class='ocrx_word' id='word_1_19' title='bbox 920 481 992 567; x_wconf 75' lang='grc' dir='ltr'><strong><em>ἐμοὶ</em></strong></span> <span class='ocrx_word' id='word_1_20' title='bbox 1005 478 1203 566; x_wconf 69' lang='grc' dir='ltr'><strong><em>πευθόμενος</em></strong></span> 
     </span>
    </p>
   </div>
   <div class='ocr_carea' id='block_1_3' title="bbox 155 604 1212 3569">
    <p class='ocr_par' dir='ltr' id='par_1_3' title="bbox 155 604 1212 3569">
     <span class='ocr_line' id='line_1_4' title="bbox 203 604 1203 774; baseline -0.013 -18"><span class='ocrx_word' id='word_1_21' title='bbox 203 684 304 774; x_wconf 83' lang='grc' dir='ltr'><strong><em>εόρης</em></strong></span> <span class='ocrx_word' id='word_1_22' title='bbox 319 684 376 753; x_wconf 91' lang='grc' dir='ltr'><strong><em>ἐόν</em></strong></span> <span class='ocrx_word' id='word_1_23' title='bbox 390 710 442 752; x_wconf 91' lang='grc' dir='ltr'><strong><em>τοι</em></strong></span> <span class='ocrx_word' id='word_1_24' title='bbox 456 688 534 751; x_wconf 90' lang='grc' dir='ltr'><strong><em>πλεί</em></strong></span> <span class='ocrx_word' id='word_1_25' title='bbox 531 700 614 749; x_wconf 90' lang='grc' dir='ltr'><strong><em>στου</em></strong></span> <span class='ocrx_word' id='word_1_26' title='bbox 628 678 740 764; x_wconf 77' lang='grc' dir='ltr'><strong><em>ἀξιον,</em></strong></span> <span class='ocrx_word' id='word_1_27' title='bbox 762 680 818 745; x_wconf 80' lang='grc' dir='ltr'><strong><em>καί</em></strong></span> <span class='ocrx_word' id='word_1_28' title='bbox 832 604 885 745; x_wconf 81' lang='grc' dir='ltr'><strong><em>ἐπ’</em></strong></span> <span class='ocrx_word' id='word_1_29' title='bbox 905 668 933 768; x_wconf 76' lang='grc' dir='ltr'><em>ᾦ</em></span> <span class='ocrx_word' id='word_1_30' title='bbox 953 673 997 745; x_wconf 80' lang='grc' dir='ltr'><strong><em>σύ</em></strong></span> <span class='ocrx_word' id='word_1_31' title='bbox 1011 672 1203 766; x_wconf 75' lang='grc' dir='ltr'><em>ἀπολομένῳ</em></span> 
     </span>
     <span class='ocr_line' id='line_1_5' title="bbox 202 772 1203 874; baseline -0.015 -19"><span class='ocrx_word' id='word_1_32' title='bbox 202 786 345 874; x_wconf 77' lang='grc' dir='ltr'><strong><em>μάλιστα</em></strong></span> <span class='ocrx_word' id='word_1_33' title='bbox 371 780 434 870; x_wconf 79' lang='grc' dir='ltr'><strong><em>τὴν</em></strong></span> <span class='ocrx_word' id='word_1_34' title='bbox 463 778 576 868; x_wconf 72' lang='grc' dir='ltr'><strong><em>ψυχὴν</em></strong></span> <span class='ocrx_word' id='word_1_35' title='bbox 603 777 776 867; x_wconf 72' lang='grc' dir='ltr'><strong><em>ἀλγήσεις,</em></strong></span> <span class='ocrx_word' id='word_1_36' title='bbox 808 781 908 845; x_wconf 84' lang='grc' dir='ltr'><strong><em>τοῦτο</em></strong></span> <span class='ocrx_word' id='word_1_37' title='bbox 932 773 1080 863; x_wconf 77' lang='grc' dir='ltr'><strong><em>ἀπόβαλε</em></strong></span> <span class='ocrx_word' id='word_1_38' title='bbox 1107 772 1203 859; x_wconf 80' lang='grc' dir='ltr'><strong><em>οὕτω,</em></strong></span> 
     </span>
     <span class='ocr_line' id='line_1_6' title="bbox 201 873 1204 976; baseline -0.013 -20"><span class='ocrx_word' id='word_1_39' title='bbox 201 887 287 969; x_wconf 80' lang='grc' dir='ltr'><strong><em>ὅκως</em></strong></span> <span class='ocrx_word' id='word_1_40' title='bbox 311 885 425 976; x_wconf 78' lang='grc' dir='ltr'><strong><em>μηκέτι</em></strong></span> <span class='ocrx_word' id='word_1_41' title='bbox 446 878 517 970; x_wconf 77' lang='grc' dir='ltr'><strong><em>ἥξει</em></strong></span> <span class='ocrx_word' id='word_1_42' title='bbox 548 882 582 960; x_wconf 89' lang='grc' dir='ltr'><strong><em>ἐς</em></strong></span> <span class='ocrx_word' id='word_1_43' title='bbox 606 876 818 967; x_wconf 72' lang='grc' dir='ltr'><strong><em>ἀνθρώπους.</em></strong></span> <span class='ocrx_word' id='word_1_44' title='bbox 860 873 902 964; x_wconf 77' lang='grc' dir='ltr'><strong><em>ἦν</em></strong></span> <span class='ocrx_word' id='word_1_45' title='bbox 932 902 967 944; x_wconf 82' lang='grc' dir='ltr'><strong><em>τε</em></strong></span> <span class='ocrx_word' id='word_1_46' title='bbox 987 903 1041 964; x_wconf 89' lang='grc' dir='ltr'><strong><em>μη</em></strong></span> <span class='ocrx_word' id='word_1_47' title='bbox 1067 877 1204 958; x_wconf 82' lang='grc' dir='ltr'><strong><em>ἐναλλὰξ</em></strong></span> 
     </span>
     <span class='ocr_line' id='line_1_7' title="bbox 200 978 1206 1110; baseline -0.014 -51"><span class='ocrx_word' id='word_1_48' title='bbox 200 988 265 1110; x_wconf 77' lang='grc' dir='ltr'><strong><em>ἤδη</em></strong></span> <span class='ocrx_word' id='word_1_49' title='bbox 283 983 373 1057; x_wconf 79' lang='grc' dir='ltr'><strong><em>τάπὸ</em></strong></span> <span class='ocrx_word' id='word_1_50' title='bbox 387 984 509 1054; x_wconf 81' lang='grc' dir='ltr'><strong><em>τούτου</em></strong></span> <span class='ocrx_word' id='word_1_51' title='bbox 524 986 562 1051; x_wconf 86' lang='grc' dir='ltr'><strong><em>αί</em></strong></span> <span class='ocrx_word' id='word_1_52' title='bbox 573 978 723 1069; x_wconf 76' lang='grc' dir='ltr'><strong><em>εὐτυχίαι</em></strong></span> <span class='ocrx_word' id='word_1_53' title='bbox 735 984 811 1069; x_wconf 78' lang='grc' dir='ltr'><strong><em>τῇσι</em></strong></span> <span class='ocrx_word' id='word_1_54' title='bbox 823 978 955 1067; x_wconf 86' lang='grc' dir='ltr'><strong><em>πάθησι</em></strong></span> <span class='ocrx_word' id='word_1_55' title='bbox 968 982 1206 1063; x_wconf 88' lang='grc' dir='ltr'><strong><em>προσπίπτωσι,</em></strong></span> 
     </span>
     <span class='ocr_line' id='line_1_8' title="bbox 155 1076 1204 1178; baseline -0.014 -21"><span class='ocrx_word' id='word_1_56' title='bbox 155 1105 184 1158; x_wconf 67' lang='grc' dir='ltr'><strong><em>τι</em></strong></span> <span class='ocrx_word' id='word_1_57' title='bbox 203 1088 315 1178; x_wconf 75' lang='grc' dir='ltr'><strong><em>τρόπῳ</em></strong></span> <span class='ocrx_word' id='word_1_58' title='bbox 329 1087 420 1177; x_wconf 77' lang='grc' dir='ltr'><strong><em>τῷέξ</em></strong></span> <span class='ocrx_word' id='word_1_59' title='bbox 435 1088 515 1173; x_wconf 86' lang='grc' dir='ltr'><strong><em>ἐμεῦ</em></strong></span> <span class='ocrx_word' id='word_1_60' title='bbox 529 1081 739 1170; x_wconf 79' lang='grc' dir='ltr'><strong><em>ὑποκειμένῳ</em></strong></span> <span class='ocrx_word' id='word_1_61' title='bbox 753 1076 845 1151; x_wconf 87' lang='grc' dir='ltr'><strong><em>ἀκέο.</em></strong></span> <span class='ocrx_word' id='word_1_62' title='bbox 889 1085 1001 1146; x_wconf 82' lang='grc' dir='ltr'><strong><em>Ταῦτα</em></strong></span> <span class='ocrx_word' id='word_1_63' title='bbox 1015 1080 1204 1162; x_wconf 80' lang='grc' dir='ltr'><strong><em>ἐπιλεξόμε-</em></strong></span> 
     </span>
     <span class='ocr_line' id='line_1_9' title="bbox 202 1171 1204 1271; baseline -0.011 -15"><span class='ocrx_word' id='word_1_64' title='bbox 202 1212 261 1267; x_wconf 92' lang='grc' dir='ltr'><strong><em>νος</em></strong></span> <span class='ocrx_word' id='word_1_65' title='bbox 275 1183 294 1254; x_wconf 86' lang='grc' dir='ltr'><strong><em>ό</em></strong></span> <span class='ocrx_word' id='word_1_66' title='bbox 309 1184 545 1271; x_wconf 76' lang='grc' dir='ltr'><strong><em>Πολυκράτης,</em></strong></span> <span class='ocrx_word' id='word_1_67' title='bbox 568 1183 624 1250; x_wconf 76' lang='grc' dir='ltr'><strong><em>καί</em></strong></span> <span class='ocrx_word' id='word_1_68' title='bbox 644 1180 714 1270; x_wconf 77' lang='grc' dir='ltr'><strong><em>νόῳ</em></strong></span> <span class='ocrx_word' id='word_1_69' title='bbox 728 1175 884 1267; x_wconf 79' lang='grc' dir='ltr'><strong><em>λαβάυ”</em></strong></span> <span class='ocrx_word' id='word_1_70' title='bbox 855 1204 900 1258; x_wconf 88' lang='grc' dir='ltr'><strong><em>ως</em></strong></span> <span class='ocrx_word' id='word_1_71' title='bbox 912 1180 947 1245; x_wconf 89' lang='grc' dir='ltr'><strong><em>οί</em></strong></span> <span class='ocrx_word' id='word_1_72' title='bbox 957 1201 996 1246; x_wconf 89' lang='grc' dir='ltr'><strong><em>ευ</em></strong></span> <span class='ocrx_word' id='word_1_73' title='bbox 985 1171 1204 1246; x_wconf 79' lang='grc' dir='ltr'><strong><em>’ὑποτίθοιτο</em></strong></span> 
     </span>
     <span class='ocr_line' id='line_1_10' title="bbox 193 1272 1203 1373; baseline -0.01 -18.9"><span class='ocrx_word' id='word_1_74' title='bbox 193 1285 348 1373; x_wconf 67' lang='grc' dir='ltr'><strong><em>Ἄμασις,</em></strong></span> <span class='ocrx_word' id='word_1_75' title='bbox 370 1285 495 1369; x_wconf 75' lang='grc' dir='ltr'><strong><em>ἐδίζητο</em></strong></span> <span class='ocrx_word' id='word_1_76' title='bbox 513 1278 566 1350; x_wconf 83' lang='grc' dir='ltr'><strong><em>ἐπ’</em></strong></span> <span class='ocrx_word' id='word_1_77' title='bbox 590 1272 617 1371; x_wconf 80' lang='grc' dir='ltr'><em>ᾦ</em></span> <span class='ocrx_word' id='word_1_78' title='bbox 634 1275 678 1346; x_wconf 88' lang='grc' dir='ltr'><strong><em>ἀν</em></strong></span> <span class='ocrx_word' id='word_1_79' title='bbox 692 1279 835 1366; x_wconf 79' lang='grc' dir='ltr'><strong><em>μάλιστα</em></strong></span> <span class='ocrx_word' id='word_1_80' title='bbox 854 1304 917 1366; x_wconf 88' lang='grc' dir='ltr'><strong><em>την</em></strong></span> <span class='ocrx_word' id='word_1_81' title='bbox 933 1277 1044 1366; x_wconf 72' lang='grc' dir='ltr'><strong><em>ψυχὴν</em></strong></span> <span class='ocrx_word' id='word_1_82' title='bbox 1064 1275 1203 1365; x_wconf 78' lang='grc' dir='ltr'><strong><em>ἀσηθείη</em></strong></span> 
     </span>
     <span class='ocr_line' id='line_1_11' title="bbox 202 1378 1203 1475; baseline -0.01 -20"><span class='ocrx_word' id='word_1_83' title='bbox 202 1384 399 1475; x_wconf 71' lang='grc' dir='ltr'><strong><em>ἀπολομένην</em></strong></span> <span class='ocrx_word' id='word_1_84' title='bbox 413 1389 482 1451; x_wconf 72' lang='grc' dir='ltr'><strong><em>τόν</em></strong></span> <span class='ocrx_word' id='word_1_85' title='bbox 501 1386 699 1468; x_wconf 84' lang='grc' dir='ltr'><strong><em>κειμηλίων,</em></strong></span> <span class='ocrx_word' id='word_1_86' title='bbox 721 1378 941 1468; x_wconf 78' lang='grc' dir='ltr'><strong><em>διζήμενοςδ’</em></strong></span> <span class='ocrx_word' id='word_1_87' title='bbox 965 1379 1098 1468; x_wconf 79' lang='grc' dir='ltr'><strong><em>εὕρισκε</em></strong></span> <span class='ocrx_word' id='word_1_88' title='bbox 1112 1381 1203 1449; x_wconf 89' lang='grc' dir='ltr'><strong><em>τόδε·</em></strong></span> 
     </span>
     <span class='ocr_line' id='line_1_12' title="bbox 201 1479 1204 1574; baseline -0.004 -23"><span class='ocrx_word' id='word_1_89' title='bbox 201 1479 247 1574; x_wconf 78' lang='grc' dir='ltr'><strong><em>ἦν</em></strong></span> <span class='ocrx_word' id='word_1_90' title='bbox 266 1488 301 1553; x_wconf 90' lang='grc' dir='ltr'><strong><em>οί</em></strong></span> <span class='ocrx_word' id='word_1_91' title='bbox 314 1484 458 1570; x_wconf 72' lang='grc' dir='ltr'><strong><em>σφρηγὶς</em></strong></span> <span class='ocrx_word' id='word_1_92' title='bbox 471 1480 533 1570; x_wconf 81' lang='grc' dir='ltr'><strong><em>τὴν</em></strong></span> <span class='ocrx_word' id='word_1_93' title='bbox 554 1482 676 1568; x_wconf 88' lang='grc' dir='ltr'><strong><em>ἐφόρεε</em></strong></span> <span class='ocrx_word' id='word_1_94' title='bbox 697 1481 912 1570; x_wconf 90' lang='grc' dir='ltr'><strong><em>χρυσόδετος,</em></strong></span> <span class='ocrx_word' id='word_1_95' title='bbox 934 1483 1130 1570; x_wconf 80' lang='grc' dir='ltr'><strong><em>σμαράγδου</em></strong></span> <span class='ocrx_word' id='word_1_96' title='bbox 1144 1479 1204 1568; x_wconf 69' lang='grc' dir='ltr'><strong><em>μὲν</em></strong></span> 
     </span>
     <span class='ocr_line' id='line_1_13' title="bbox 202 1575 1205 1670; baseline -0.006 -17"><span class='ocrx_word' id='word_1_97' title='bbox 202 1588 304 1653; x_wconf 88' lang='grc' dir='ltr'><strong><em>λίθου</em></strong></span> <span class='ocrx_word' id='word_1_98' title='bbox 330 1584 450 1668; x_wconf 85' lang='grc' dir='ltr'><strong><em>ἐοῦσα,</em></strong></span> <span class='ocrx_word' id='word_1_99' title='bbox 476 1588 578 1669; x_wconf 78' lang='grc' dir='ltr'><strong><em>ἔργον</em></strong></span> <span class='ocrx_word' id='word_1_100' title='bbox 602 1582 639 1651; x_wconf 79' lang='grc' dir='ltr'><strong><em>δέ</em></strong></span> <span class='ocrx_word' id='word_1_101' title='bbox 662 1575 707 1668; x_wconf 81' lang='grc' dir='ltr'><strong><em>ἦν</em></strong></span> <span class='ocrx_word' id='word_1_102' title='bbox 732 1581 912 1669; x_wconf 75' lang='grc' dir='ltr'><strong><em>Θεοδώρου</em></strong></span> <span class='ocrx_word' id='word_1_103' title='bbox 937 1590 999 1651; x_wconf 88' lang='grc' dir='ltr'><strong><em>τοῦ</em></strong></span> <span class='ocrx_word' id='word_1_104' title='bbox 1026 1583 1205 1670; x_wconf 78' lang='grc' dir='ltr'><strong><em>Τηλεκλέος</em></strong></span> 
     </span>
     <span class='ocr_line' id='line_1_14' title="bbox 203 1673 1205 1770; baseline -0.003 -20"><span class='ocrx_word' id='word_1_105' title='bbox 203 1685 344 1768; x_wconf 80' lang='grc' dir='ltr'><strong><em>Σαμίου.</em></strong></span> <span class='ocrx_word' id='word_1_106' title='bbox 375 1682 445 1749; x_wconf 77' lang='grc' dir='ltr'><strong><em>ἐπεὶ</em></strong></span> <span class='ocrx_word' id='word_1_107' title='bbox 461 1673 510 1749; x_wconf 82' lang='grc' dir='ltr'><strong><em>όν</em></strong></span> <span class='ocrx_word' id='word_1_108' title='bbox 529 1681 655 1769; x_wconf 80' lang='grc' dir='ltr'><strong><em>ταύτην</em></strong></span> <span class='ocrx_word' id='word_1_109' title='bbox 676 1686 711 1751; x_wconf 90' lang='grc' dir='ltr'><strong><em>οί</em></strong></span> <span class='ocrx_word' id='word_1_110' title='bbox 730 1681 843 1751; x_wconf 88' lang='grc' dir='ltr'><strong><em>ἐδόκεε</em></strong></span> <span class='ocrx_word' id='word_1_111' title='bbox 860 1677 1043 1770; x_wconf 71' lang='grc' dir='ltr'><strong><em>ἀποβαλεῖν</em></strong></span> <span class='ocrx_word' id='word_1_112' title='bbox 1049 1729 1059 1766; x_wconf 92' lang='grc'><strong><em>,</em></strong></span> <span class='ocrx_word' id='word_1_113' title='bbox 1098 1683 1205 1749; x_wconf 91' lang='grc' dir='ltr'><strong><em>ἐποίεε</em></strong></span> 
     </span>
     <span class='ocr_line' id='line_1_15' title="bbox 201 1774 1205 1871; baseline -0.004 -20"><span class='ocrx_word' id='word_1_114' title='bbox 201 1781 331 1851; x_wconf 79' lang='grc' dir='ltr'><strong><em>τοιοίδε·</em></strong></span> <span class='ocrx_word' id='word_1_115' title='bbox 353 1781 620 1870; x_wconf 81' lang='grc' dir='ltr'><strong><em>πεντηκόντερον</em></strong></span> <span class='ocrx_word' id='word_1_116' title='bbox 635 1781 815 1871; x_wconf 83' lang='grc' dir='ltr'><strong><em>πληρόσας</em></strong></span> <span class='ocrx_word' id='word_1_117' title='bbox 830 1779 965 1870; x_wconf 75' lang='grc' dir='ltr'><strong><em>ἀνδρῶν</em></strong></span> <span class='ocrx_word' id='word_1_118' title='bbox 979 1783 1075 1871; x_wconf 89' lang='grc' dir='ltr'><strong><em>ἐσέβη</em></strong></span> <span class='ocrx_word' id='word_1_119' title='bbox 1096 1783 1128 1861; x_wconf 86' lang='grc' dir='ltr'><strong><em>ἐς</em></strong></span> <span class='ocrx_word' id='word_1_120' title='bbox 1141 1774 1205 1848; x_wconf 85' lang='grc' dir='ltr'><strong><em>αό-</em></strong></span> 
     </span>
     <span class='ocr_line' id='line_1_16' title="bbox 201 1876 1204 1971; baseline -0.002 -19"><span class='ocrx_word' id='word_1_121' title='bbox 201 1884 281 1970; x_wconf 62' lang='lat' dir='ltr'><strong><em>tva,</em></strong></span> <span class='ocrx_word' id='word_1_122' title='bbox 302 1876 385 1969; x_wconf 77' lang='grc' dir='ltr'><strong><em>μετὰ</em></strong></span> <span class='ocrx_word' id='word_1_123' title='bbox 408 1881 445 1951; x_wconf 75' lang='grc' dir='ltr'><strong><em>δὲ</em></strong></span> <span class='ocrx_word' id='word_1_124' title='bbox 464 1880 648 1970; x_wconf 71' lang='grc' dir='ltr'><strong><em>ἀναγαγεῖν</em></strong></span> <span class='ocrx_word' id='word_1_125' title='bbox 669 1884 800 1952; x_wconf 87' lang='grc' dir='ltr'><strong><em>ἐκέλευε</em></strong></span> <span class='ocrx_word' id='word_1_126' title='bbox 820 1884 854 1963; x_wconf 87' lang='grc' dir='ltr'><strong><em>ἐς</em></strong></span> <span class='ocrx_word' id='word_1_127' title='bbox 872 1881 910 1952; x_wconf 85' lang='grc' dir='ltr'><strong><em>τό</em></strong></span> <span class='ocrx_word' id='word_1_128' title='bbox 925 1884 1083 1971; x_wconf 87' lang='grc' dir='ltr'><strong><em>πέλαγος·</em></strong></span> <span class='ocrx_word' id='word_1_129' title='bbox 1109 1879 1154 1961; x_wconf 77' lang='grc' dir='ltr'><strong><em>ὡς</em></strong></span> <span class='ocrx_word' id='word_1_130' title='bbox 1170 1880 1204 1950; x_wconf 76' lang='grc' dir='ltr'><strong><em>δέ</em></strong></span> 
     </span>
     <span class='ocr_line' id='line_1_17' title="bbox 202 1976 1206 2071; baseline 0.005 -24"><span class='ocrx_word' id='word_1_131' title='bbox 202 1976 268 2048; x_wconf 82' lang='grc' dir='ltr'><strong><em>ἀπό</em></strong></span> <span class='ocrx_word' id='word_1_132' title='bbox 289 1985 346 2067; x_wconf 77' lang='grc' dir='ltr'><strong><em>τῆς</em></strong></span> <span class='ocrx_word' id='word_1_133' title='bbox 367 1980 475 2070; x_wconf 80' lang='grc' dir='ltr'><strong><em>νήσου</em></strong></span> <span class='ocrx_word' id='word_1_134' title='bbox 497 1978 574 2062; x_wconf 80' lang='grc' dir='ltr'><strong><em>ἐκάς</em></strong></span> <span class='ocrx_word' id='word_1_135' title='bbox 591 1983 738 2071; x_wconf 81' lang='grc' dir='ltr'><strong><em>ἐγένετο,</em></strong></span> <span class='ocrx_word' id='word_1_136' title='bbox 761 1981 995 2071; x_wconf 86' lang='grc' dir='ltr'><strong><em>περιελόμενος</em></strong></span> <span class='ocrx_word' id='word_1_137' title='bbox 1014 1980 1076 2071; x_wconf 80' lang='grc' dir='ltr'><strong><em>τὴν</em></strong></span> <span class='ocrx_word' id='word_1_138' title='bbox 1096 2003 1206 2070; x_wconf 84' lang='grc' dir='ltr'><strong><em>σφρη-</em></strong></span> 
     </span>
     <span class='ocr_line' id='line_1_18' title="bbox 203 2077 1206 2173; baseline -0.002 -22"><span class='ocrx_word' id='word_1_139' title='bbox 203 2085 278 2170; x_wconf 79' lang='grc' dir='ltr'><strong><em>γῖδα</em></strong></span> <span class='ocrx_word' id='word_1_140' title='bbox 299 2080 437 2151; x_wconf 86' lang='grc' dir='ltr'><strong><em>πόντων</em></strong></span> <span class='ocrx_word' id='word_1_141' title='bbox 456 2077 627 2172; x_wconf 80' lang='grc' dir='ltr'><strong><em>ὁρεόυτωυ</em></strong></span> <span class='ocrx_word' id='word_1_142' title='bbox 639 2088 708 2152; x_wconf 80' lang='grc' dir='ltr'><strong><em>τόν</em></strong></span> <span class='ocrx_word' id='word_1_143' title='bbox 723 2083 906 2171; x_wconf 89' lang='grc' dir='ltr'><strong><em>συμπλόων</em></strong></span> <span class='ocrx_word' id='word_1_144' title='bbox 919 2086 1026 2173; x_wconf 75' lang='grc' dir='ltr'><strong><em>ῥίπτει</em></strong></span> <span class='ocrx_word' id='word_1_145' title='bbox 1044 2084 1077 2162; x_wconf 91' lang='grc' dir='ltr'><strong><em>ἐς</em></strong></span> <span class='ocrx_word' id='word_1_146' title='bbox 1090 2079 1127 2151; x_wconf 83' lang='grc' dir='ltr'><strong><em>τό</em></strong></span> <span class='ocrx_word' id='word_1_147' title='bbox 1145 2084 1206 2150; x_wconf 91' lang='grc' dir='ltr'><strong><em>πέ-</em></strong></span> 
     </span>
     <span class='ocr_line' id='line_1_19' title="bbox 167 2180 1205 2273; baseline -0.006 -18"><span class='ocrx_word' id='word_1_148' title='bbox 167 2187 177 2207; x_wconf 80' lang='lat'><strong>⁴</strong></span> <span class='ocrx_word' id='word_1_149' title='bbox 201 2193 310 2272; x_wconf 89' lang='grc' dir='ltr'><strong><em>λαγος.</em></strong></span> <span class='ocrx_word' id='word_1_150' title='bbox 333 2189 432 2252; x_wconf 81' lang='grc' dir='ltr'><strong><em>τοῦτο</em></strong></span> <span class='ocrx_word' id='word_1_151' title='bbox 447 2183 484 2253; x_wconf 79' lang='grc' dir='ltr'><strong><em>δέ</em></strong></span> <span class='ocrx_word' id='word_1_152' title='bbox 499 2185 640 2273; x_wconf 75' lang='grc' dir='ltr'><strong><em>ποιήσας</em></strong></span> <span class='ocrx_word' id='word_1_153' title='bbox 656 2181 825 2271; x_wconf 86' lang='grc' dir='ltr'><strong><em>ἀπέπλωε,</em></strong></span> <span class='ocrx_word' id='word_1_154' title='bbox 848 2181 1049 2271; x_wconf 88' lang='grc' dir='ltr'><strong><em>ἀπικόμενος</em></strong></span> <span class='ocrx_word' id='word_1_155' title='bbox 1064 2186 1101 2253; x_wconf 72' lang='grc' dir='ltr'><strong><em>δέ</em></strong></span> <span class='ocrx_word' id='word_1_156' title='bbox 1116 2185 1149 2263; x_wconf 86' lang='grc' dir='ltr'><strong><em>ἐς</em></strong></span> <span class='ocrx_word' id='word_1_157' title='bbox 1164 2180 1205 2250; x_wconf 84' lang='grc' dir='ltr'><strong><em>τά</em></strong></span> 
     </span>
     <span class='ocr_line' id='line_1_20' title="bbox 156 2277 1205 2374; baseline -0.002 -24"><span class='ocrx_word' id='word_1_158' title='bbox 156 2298 188 2352; x_wconf 73' lang='grc' dir='ltr'><strong><em>λθ</em></strong></span> <span class='ocrx_word' id='word_1_159' title='bbox 203 2289 290 2352; x_wconf 84' lang='grc' dir='ltr'><strong><em>οίκία</em></strong></span> <span class='ocrx_word' id='word_1_160' title='bbox 309 2289 468 2372; x_wconf 79' lang='grc' dir='ltr'><strong><em>συμφορῇ</em></strong></span> <span class='ocrx_word' id='word_1_161' title='bbox 489 2286 615 2371; x_wconf 81' lang='grc' dir='ltr'><strong><em>ἐχρᾶτο.</em></strong></span> <span class='ocrx_word' id='word_1_162' title='bbox 658 2287 798 2374; x_wconf 85' lang='grc' dir='ltr'><strong><em>Πέμπτη</em></strong></span> <span class='ocrx_word' id='word_1_163' title='bbox 819 2281 855 2352; x_wconf 78' lang='grc' dir='ltr'><strong><em>δέ</em></strong></span> <span class='ocrx_word' id='word_1_164' title='bbox 874 2277 896 2371; x_wconf 78' lang='grc' dir='ltr'><em>ἢ</em></span> <span class='ocrx_word' id='word_1_165' title='bbox 917 2284 994 2372; x_wconf 75' lang='grc' dir='ltr'><strong><em>ἕκτη</em></strong></span> <span class='ocrx_word' id='word_1_166' title='bbox 1012 2279 1118 2370; x_wconf 79' lang='grc' dir='ltr'><strong><em>ἡμέρη</em></strong></span> <span class='ocrx_word' id='word_1_167' title='bbox 1139 2277 1205 2348; x_wconf 82' lang='grc' dir='ltr'><strong><em>ἀπὸ</em></strong></span> 
     </span>
     <span class='ocr_line' id='line_1_21' title="bbox 202 2377 1209 2471; baseline -0.003 -22"><span class='ocrx_word' id='word_1_168' title='bbox 202 2378 332 2450; x_wconf 78' lang='grc' dir='ltr'><strong><em>τούτων</em></strong></span> <span class='ocrx_word' id='word_1_169' title='bbox 343 2379 421 2447; x_wconf 89' lang='grc' dir='ltr'><strong><em>τάδε</em></strong></span> <span class='ocrx_word' id='word_1_170' title='bbox 435 2383 470 2449; x_wconf 72' lang='lat' dir='ltr'><strong><em>ot</em></strong></span> <span class='ocrx_word' id='word_1_171' title='bbox 478 2382 657 2471; x_wconf 80' lang='grc' dir='ltr'><strong><em>συνήνεικε</em></strong></span> <span class='ocrx_word' id='word_1_172' title='bbox 670 2385 847 2470; x_wconf 89' lang='grc' dir='ltr'><strong><em>γενέσθαι·</em></strong></span> <span class='ocrx_word' id='word_1_173' title='bbox 870 2378 956 2470; x_wconf 75' lang='grc' dir='ltr'><strong><em>ἀνὴρ</em></strong></span> <span class='ocrx_word' id='word_1_174' title='bbox 967 2378 1081 2460; x_wconf 83' lang='grc' dir='ltr'><strong><em>ἀλιεάς</em></strong></span> <span class='ocrx_word' id='word_1_175' title='bbox 1091 2377 1209 2468; x_wconf 80' lang='grc' dir='ltr'><strong><em>λαβάν</em></strong></span> 
     </span>
     <span class='ocr_line' id='line_1_22' title="bbox 201 2474 1209 2570; baseline -0.004 -21"><span class='ocrx_word' id='word_1_176' title='bbox 201 2474 304 2564; x_wconf 82' lang='grc' dir='ltr'><strong><em>ίχθύν</em></strong></span> <span class='ocrx_word' id='word_1_177' title='bbox 319 2478 424 2564; x_wconf 84' lang='grc' dir='ltr'><strong><em>μέγαν</em></strong></span> <span class='ocrx_word' id='word_1_178' title='bbox 439 2504 474 2548; x_wconf 90' lang='grc' dir='ltr'><strong><em>τε</em></strong></span> <span class='ocrx_word' id='word_1_179' title='bbox 495 2484 551 2551; x_wconf 78' lang='grc' dir='ltr'><strong><em>καί</em></strong></span> <span class='ocrx_word' id='word_1_180' title='bbox 565 2479 673 2551; x_wconf 86' lang='grc' dir='ltr'><strong><em>καλόν</em></strong></span> <span class='ocrx_word' id='word_1_181' title='bbox 685 2479 781 2570; x_wconf 78' lang='grc' dir='ltr'><strong><em>ἠξίου</em></strong></span> <span class='ocrx_word' id='word_1_182' title='bbox 796 2505 856 2568; x_wconf 87' lang='grc' dir='ltr'><strong><em>μιν</em></strong></span> <span class='ocrx_word' id='word_1_183' title='bbox 869 2479 1081 2567; x_wconf 82' lang='grc' dir='ltr'><strong><em>Πολυκράτελ</em></strong></span> <span class='ocrx_word' id='word_1_184' title='bbox 1094 2481 1209 2563; x_wconf 75' lang='grc' dir='ltr'><strong><em>δωρον</em></strong></span> 
     </span>
     <span class='ocr_line' id='line_1_23' title="bbox 201 2577 1209 2668; baseline 0.006 -25"><span class='ocrx_word' id='word_1_185' title='bbox 201 2581 362 2663; x_wconf 84' lang='grc' dir='ltr'><strong><em>δοθῆναι·</em></strong></span> <span class='ocrx_word' id='word_1_186' title='bbox 383 2578 498 2664; x_wconf 86' lang='grc' dir='ltr'><strong><em>φίρωυ</em></strong></span> <span class='ocrx_word' id='word_1_187' title='bbox 513 2577 553 2668; x_wconf 77' lang='grc' dir='ltr'><strong><em>δὴ</em></strong></span> <span class='ocrx_word' id='word_1_188' title='bbox 566 2583 619 2651; x_wconf 81' lang='grc' dir='ltr'><strong><em>ἐπί</em></strong></span> <span class='ocrx_word' id='word_1_189' title='bbox 632 2579 691 2662; x_wconf 87' lang='grc' dir='ltr'><strong><em>τάς</em></strong></span> <span class='ocrx_word' id='word_1_190' title='bbox 701 2581 813 2665; x_wconf 85' lang='grc' dir='ltr'><strong><em>θόρας</em></strong></span> <span class='ocrx_word' id='word_1_191' title='bbox 823 2579 1036 2668; x_wconf 73' lang='grc' dir='ltr'><strong><em>Πολυκράτεϊ</em></strong></span> <span class='ocrx_word' id='word_1_192' title='bbox 1048 2585 1113 2667; x_wconf 87' lang='grc' dir='ltr'><strong><em>ἐφη</em></strong></span> <span class='ocrx_word' id='word_1_193' title='bbox 1127 2579 1209 2649; x_wconf 87' lang='grc' dir='ltr'><strong><em>ἐθέ-</em></strong></span> 
     </span>
     <span class='ocr_line' id='line_1_24' title="bbox 200 2675 1209 2769; baseline 0.003 -25"><span class='ocrx_word' id='word_1_194' title='bbox 200 2684 272 2744; x_wconf 90' lang='grc' dir='ltr'><strong><em>λειν</em></strong></span> <span class='ocrx_word' id='word_1_195' title='bbox 295 2676 409 2745; x_wconf 76' lang='grc' dir='ltr'><strong><em>ἐλθεῖν</em></strong></span> <span class='ocrx_word' id='word_1_196' title='bbox 439 2678 472 2757; x_wconf 91' lang='grc' dir='ltr'><strong><em>ἐς</em></strong></span> <span class='ocrx_word' id='word_1_197' title='bbox 497 2675 594 2765; x_wconf 78' lang='grc' dir='ltr'><strong><em>ὄψιν,</em></strong></span> <span class='ocrx_word' id='word_1_198' title='bbox 619 2681 832 2769; x_wconf 83' lang='grc' dir='ltr'><strong><em>χωρήσαντος</em></strong></span> <span class='ocrx_word' id='word_1_199' title='bbox 852 2681 893 2750; x_wconf 85' lang='grc' dir='ltr'><strong><em>δέ</em></strong></span> <span class='ocrx_word' id='word_1_200' title='bbox 912 2684 947 2749; x_wconf 90' lang='grc' dir='ltr'><strong><em>οί</em></strong></span> <span class='ocrx_word' id='word_1_201' title='bbox 967 2679 1090 2749; x_wconf 80' lang='grc' dir='ltr'><strong><em>τούτου</em></strong></span> <span class='ocrx_word' id='word_1_202' title='bbox 1113 2684 1209 2765; x_wconf 83' lang='grc' dir='ltr'><strong><em>ἔλεγε</em></strong></span> 
     </span>
     <span class='ocr_line' id='line_1_25' title="bbox 200 2771 1210 2869; baseline 0.002 -26"><span class='ocrx_word' id='word_1_203' title='bbox 200 2771 315 2856; x_wconf 77' lang='grc' dir='ltr'><strong><em>διδοὺς</em></strong></span> <span class='ocrx_word' id='word_1_204' title='bbox 337 2772 398 2845; x_wconf 84' lang='grc' dir='ltr'><strong><em>τόν</em></strong></span> <span class='ocrx_word' id='word_1_205' title='bbox 424 2776 544 2864; x_wconf 84' lang='grc' dir='ltr'><strong><em>ίχθόν·</em></strong></span> <span class='ocrx_word' id='word_1_206' title='bbox 583 2771 621 2848; x_wconf 79' lang='grc' dir='ltr'><em>Ὠ</em></span> <span class='ocrx_word' id='word_1_207' title='bbox 636 2787 794 2869; x_wconf 85' lang='grc' dir='ltr'><strong><em>βασιλεῦ,</em></strong></span> <span class='ocrx_word' id='word_1_208' title='bbox 822 2777 888 2868; x_wconf 81' lang='grc' dir='ltr'><strong><em>ἐγά</em></strong></span> <span class='ocrx_word' id='word_1_209' title='bbox 911 2779 1010 2850; x_wconf 90' lang='grc' dir='ltr'><strong><em>τόνδε</em></strong></span> <span class='ocrx_word' id='word_1_210' title='bbox 1031 2777 1118 2851; x_wconf 80' lang='grc' dir='ltr'><strong><em>ἐλάν</em></strong></span> <span class='ocrx_word' id='word_1_211' title='bbox 1143 2776 1210 2848; x_wconf 82' lang='grc' dir='ltr'><strong><em>οὐκ</em></strong></span> 
     </span>
     <span class='ocr_line' id='line_1_26' title="bbox 199 2874 1210 2969; baseline 0.004 -26"><span class='ocrx_word' id='word_1_212' title='bbox 199 2877 376 2943; x_wconf 81' lang='grc' dir='ltr'><strong><em>ἐδικαίωσα</em></strong></span> <span class='ocrx_word' id='word_1_213' title='bbox 393 2876 510 2963; x_wconf 82' lang='grc' dir='ltr'><strong><em>φέρειν</em></strong></span> <span class='ocrx_word' id='word_1_214' title='bbox 530 2879 563 2957; x_wconf 86' lang='grc' dir='ltr'><strong><em>ἐς</em></strong></span> <span class='ocrx_word' id='word_1_215' title='bbox 585 2874 730 2968; x_wconf 78' lang='grc' dir='ltr'><strong><em>ἀγορήν,</em></strong></span> <span class='ocrx_word' id='word_1_216' title='bbox 754 2888 873 2969; x_wconf 86' lang='grc' dir='ltr'><strong><em>καίπερ</em></strong></span> <span class='ocrx_word' id='word_1_217' title='bbox 892 2907 931 2968; x_wconf 91' lang='grc' dir='ltr'><strong><em>γε</em></strong></span> <span class='ocrx_word' id='word_1_218' title='bbox 946 2879 1012 2951; x_wconf 77' lang='grc' dir='ltr'><strong><em>ἐόν</em></strong></span> <span class='ocrx_word' id='word_1_219' title='bbox 1028 2878 1210 2967; x_wconf 87' lang='grc' dir='ltr'><strong><em>ἀποχειρο-</em></strong></span> 
     </span>
     <span class='ocr_line' id='line_1_27' title="bbox 198 2970 1212 3065; baseline 0.002 -22"><span class='ocrx_word' id='word_1_220' title='bbox 198 2978 334 3063; x_wconf 86' lang='grc' dir='ltr'><strong><em>βίωτος,</em></strong></span> <span class='ocrx_word' id='word_1_221' title='bbox 357 2970 443 3044; x_wconf 83' lang='grc' dir='ltr'><strong><em>ἀλλά</em></strong></span> <span class='ocrx_word' id='word_1_222' title='bbox 457 3002 514 3064; x_wconf 89' lang='grc' dir='ltr'><strong><em>μοι</em></strong></span> <span class='ocrx_word' id='word_1_223' title='bbox 529 2977 643 3048; x_wconf 85' lang='grc' dir='ltr'><strong><em>ἐδόκεε</em></strong></span> <span class='ocrx_word' id='word_1_224' title='bbox 663 2985 724 3048; x_wconf 84' lang='grc' dir='ltr'><strong><em>σεῦ</em></strong></span> <span class='ocrx_word' id='word_1_225' title='bbox 739 3004 776 3049; x_wconf 90' lang='grc' dir='ltr'><strong><em>τε</em></strong></span> <span class='ocrx_word' id='word_1_226' title='bbox 791 2976 876 3050; x_wconf 78' lang='grc' dir='ltr'><strong><em>εἶναι</em></strong></span> <span class='ocrx_word' id='word_1_227' title='bbox 897 2978 988 3061; x_wconf 80' lang='grc' dir='ltr'><strong><em>όξιος</em></strong></span> <span class='ocrx_word' id='word_1_228' title='bbox 1003 2981 1057 3049; x_wconf 83' lang='grc' dir='ltr'><strong><em>καλ</em></strong></span> <span class='ocrx_word' id='word_1_229' title='bbox 1072 2985 1130 3065; x_wconf 79' lang='grc' dir='ltr'><strong><em>τῆς</em></strong></span> <span class='ocrx_word' id='word_1_230' title='bbox 1147 2982 1212 3064; x_wconf 83' lang='grc' dir='ltr'><strong><em>σῆς</em></strong></span> 
     </span>
     <span class='ocr_line' id='line_1_28' title="bbox 198 3070 1211 3165; baseline -0.002 -23"><span class='ocrx_word' id='word_1_231' title='bbox 198 3070 316 3161; x_wconf 82' lang='grc' dir='ltr'><strong><em>ἀρχῆς·</em></strong></span> <span class='ocrx_word' id='word_1_232' title='bbox 339 3072 391 3141; x_wconf 79' lang='grc' dir='ltr'><strong><em>σοί</em></strong></span> <span class='ocrx_word' id='word_1_233' title='bbox 412 3073 455 3161; x_wconf 79' lang='grc' dir='ltr'><strong><em>δη</em></strong></span> <span class='ocrx_word' id='word_1_234' title='bbox 476 3100 536 3162; x_wconf 92' lang='grc' dir='ltr'><strong><em>μιν</em></strong></span> <span class='ocrx_word' id='word_1_235' title='bbox 557 3078 673 3162; x_wconf 87' lang='grc' dir='ltr'><strong><em>φέρων</em></strong></span> <span class='ocrx_word' id='word_1_236' title='bbox 698 3080 827 3164; x_wconf 87' lang='grc' dir='ltr'><strong><em>δίδωμι.</em></strong></span> <span class='ocrx_word' id='word_1_237' title='bbox 866 3074 903 3146; x_wconf 82' lang='lat' dir='ltr'><strong><em>‘O</em></strong></span> <span class='ocrx_word' id='word_1_238' title='bbox 925 3077 961 3146; x_wconf 81' lang='grc' dir='ltr'><strong><em>δέ</em></strong></span> <span class='ocrx_word' id='word_1_239' title='bbox 983 3073 1100 3165; x_wconf 81' lang='grc' dir='ltr'><strong><em>ἡσθείς</em></strong></span> <span class='ocrx_word' id='word_1_240' title='bbox 1118 3087 1211 3142; x_wconf 75' lang='grc' dir='ltr'><strong><em>τοῖσι</em></strong></span> 
     </span>
     <span class='ocr_line' id='line_1_29' title="bbox 198 3168 1211 3262; baseline -0.005 -18"><span class='ocrx_word' id='word_1_241' title='bbox 198 3180 290 3244; x_wconf 75' lang='grc' dir='ltr'><strong><em>ἔπεσι</em></strong></span> <span class='ocrx_word' id='word_1_242' title='bbox 304 3168 473 3261; x_wconf 85' lang='grc' dir='ltr'><strong><em>ἀμείβεται</em></strong></span> <span class='ocrx_word' id='word_1_243' title='bbox 484 3179 624 3243; x_wconf 83' lang='grc' dir='ltr'><strong><em>τοιοίδε·</em></strong></span> <span class='ocrx_word' id='word_1_244' title='bbox 651 3177 764 3261; x_wconf 85' lang='grc' dir='ltr'><strong><em>Κάρτα</em></strong></span> <span class='ocrx_word' id='word_1_245' title='bbox 777 3201 813 3244; x_wconf 90' lang='grc' dir='ltr'><strong><em>τε</em></strong></span> <span class='ocrx_word' id='word_1_246' title='bbox 824 3168 863 3244; x_wconf 81' lang='grc' dir='ltr'><strong><em>εὖ</em></strong></span> <span class='ocrx_word' id='word_1_247' title='bbox 878 3177 1035 3262; x_wconf 86' lang='grc' dir='ltr'><strong><em>ἐποίησας</em></strong></span> <span class='ocrx_word' id='word_1_248' title='bbox 1044 3173 1101 3242; x_wconf 81' lang='grc' dir='ltr'><strong><em>καλ</em></strong></span> <span class='ocrx_word' id='word_1_249' title='bbox 1109 3171 1211 3259; x_wconf 87' lang='grc' dir='ltr'><strong><em>χάρις</em></strong></span> 
     </span>
     <span class='ocr_line' id='line_1_30' title="bbox 197 3270 1211 3363; baseline -0.006 -20"><span class='ocrx_word' id='word_1_250' title='bbox 197 3271 317 3360; x_wconf 89' lang='grc' dir='ltr'><strong><em>διπλόη</em></strong></span> <span class='ocrx_word' id='word_1_251' title='bbox 328 3275 397 3340; x_wconf 77' lang='grc' dir='ltr'><strong><em>τῶν</em></strong></span> <span class='ocrx_word' id='word_1_252' title='bbox 411 3296 446 3340; x_wconf 89' lang='grc' dir='ltr'><strong><em>τε</em></strong></span> <span class='ocrx_word' id='word_1_253' title='bbox 457 3270 570 3359; x_wconf 87' lang='grc' dir='ltr'><strong><em>λόγων</em></strong></span> <span class='ocrx_word' id='word_1_254' title='bbox 584 3275 642 3342; x_wconf 78' lang='grc' dir='ltr'><strong><em>καί</em></strong></span> <span class='ocrx_word' id='word_1_255' title='bbox 655 3280 717 3343; x_wconf 82' lang='grc' dir='ltr'><strong><em>τοῦ</em></strong></span> <span class='ocrx_word' id='word_1_256' title='bbox 731 3274 861 3363; x_wconf 80' lang='grc' dir='ltr'><strong><em>δόμου·</em></strong></span> <span class='ocrx_word' id='word_1_257' title='bbox 882 3279 942 3344; x_wconf 89' lang='grc' dir='ltr'><strong><em>καί</em></strong></span> <span class='ocrx_word' id='word_1_258' title='bbox 950 3292 988 3342; x_wconf 90' lang='grc' dir='ltr'><strong><em>σε</em></strong></span> <span class='ocrx_word' id='word_1_259' title='bbox 1001 3274 1211 3342; x_wconf 80' lang='grc' dir='ltr'><strong><em>ἐπὶδεῐπυου</em></strong></span> 
     </span>
     <span class='ocr_line' id='line_1_31' title="bbox 197 3363 1212 3461; baseline -0.003 -20"><span class='ocrx_word' id='word_1_260' title='bbox 197 3374 368 3460; x_wconf 88' lang='grc' dir='ltr'><strong><em>καλέομεν.</em></strong></span> <span class='ocrx_word' id='word_1_261' title='bbox 404 3365 440 3439; x_wconf 87' lang='lat' dir='ltr'><strong><em>‘O</em></strong></span> <span class='ocrx_word' id='word_1_262' title='bbox 453 3368 517 3457; x_wconf 65' lang='grc' dir='ltr'><strong><em>μέν</em></strong></span> <span class='ocrx_word' id='word_1_263' title='bbox 532 3367 573 3459; x_wconf 73' lang='grc' dir='ltr'><strong><em>δὴ</em></strong></span> <span class='ocrx_word' id='word_1_264' title='bbox 590 3367 705 3454; x_wconf 81' lang='grc' dir='ltr'><strong><em>ἆλιεύς</em></strong></span> <span class='ocrx_word' id='word_1_265' title='bbox 721 3376 806 3461; x_wconf 81' lang='grc' dir='ltr'><strong><em>μέγα</em></strong></span> <span class='ocrx_word' id='word_1_266' title='bbox 821 3372 1020 3460; x_wconf 86' lang='grc' dir='ltr'><strong><em>ποιεόμενος</em></strong></span> <span class='ocrx_word' id='word_1_267' title='bbox 1034 3375 1140 3439; x_wconf 82' lang='grc' dir='ltr'><strong><em>ταῦτα</em></strong></span> <span class='ocrx_word' id='word_1_268' title='bbox 1153 3363 1212 3460; x_wconf 80' lang='grc' dir='ltr'><strong><em>ἤιε</em></strong></span> 
     </span>
     <span class='ocr_line' id='line_1_32' title="bbox 197 3464 1203 3569; baseline 0.007 -29"><span class='ocrx_word' id='word_1_269' title='bbox 197 3472 230 3555; x_wconf 86' lang='grc' dir='ltr'><strong><em>ἐς</em></strong></span> <span class='ocrx_word' id='word_1_270' title='bbox 243 3467 283 3541; x_wconf 82' lang='grc' dir='ltr'><strong><em>τοὶ</em></strong></span> <span class='ocrx_word' id='word_1_271' title='bbox 301 3473 407 3561; x_wconf 84' lang='grc' dir='ltr'><strong><em>οίκίοι,</em></strong></span> <span class='ocrx_word' id='word_1_272' title='bbox 427 3464 489 3545; x_wconf 79' lang='grc' dir='ltr'><strong><em>τόν</em></strong></span> <span class='ocrx_word' id='word_1_273' title='bbox 503 3467 540 3540; x_wconf 74' lang='grc' dir='ltr'><strong><em>δέ</em></strong></span> <span class='ocrx_word' id='word_1_274' title='bbox 560 3467 664 3562; x_wconf 80' lang='grc' dir='ltr'><strong><em>ίχθόν</em></strong></span> <span class='ocrx_word' id='word_1_275' title='bbox 677 3474 861 3567; x_wconf 73' lang='grc' dir='ltr'><strong><em>τάμνοντες</em></strong></span> <span class='ocrx_word' id='word_1_276' title='bbox 877 3475 912 3547; x_wconf 77' lang='grc' dir='ltr'><strong><em>οἱ</em></strong></span> <span class='ocrx_word' id='word_1_277' title='bbox 922 3471 1131 3569; x_wconf 76' lang='grc' dir='ltr'><strong><em>θεράποντες</em></strong></span> <span class='ocrx_word' id='word_1_278' title='bbox 1147 3464 1203 3547; x_wconf 74' lang='grc' dir='ltr'><strong><em>εὖ·</em></strong></span> 
     </span>
    </p>
   </div>
   <div class='ocr_carea' id='block_1_4' title="bbox 0 0 1287 3926">
    <p class='ocr_par' dir='ltr' id='par_1_4' title="bbox 0 0 1287 3926">
     <span class='ocr_line' id='line_1_33' title="bbox 0 0 1287 3926; baseline 0 0"><span class='ocrx_word' id='word_1_279' title='bbox 0 0 1287 3926; x_wconf 95' lang='lat' dir='ltr'><strong><em> </em></strong></span> 
     </span>
    </p>
   </div>
  </div>
 </body>
</html>
