<?xml version="1.0" encoding="UTF-8"?>
<!DOCTYPE html PUBLIC "-//W3C//DTD XHTML 1.0 Transitional//EN"
    "http://www.w3.org/TR/xhtml1/DTD/xhtml1-transitional.dtd">
<html xmlns="http://www.w3.org/1999/xhtml" xml:lang="en" lang="en">
 <head>
  <title>
</title>
<meta http-equiv="Content-Type" content="text/html;charset=utf-8" />
  <meta name='ocr-system' content='tesseract 3.04.00' />
  <meta name='ocr-capabilities' content='ocr_page ocr_carea ocr_par ocr_line ocrx_word'/>
</head>
<body>
  <div class='ocr_page' id='page_1' title='image "./historiarumlibr03herogoog_0425.png"; bbox 0 0 2626 3932; ppageno 0'>
   <div class='ocr_carea' id='block_1_1' title="bbox 215 203 848 313">
    <p class='ocr_par' dir='ltr' id='par_1_1' title="bbox 215 203 848 313">
     <span class='ocr_line' id='line_1_1' title="bbox 215 203 848 313; baseline -0.009 -45"><span class='ocrx_word' id='word_1_1' title='bbox 215 203 237 268; x_wconf 77' lang='grc' dir='ltr'>Β</span> <span class='ocrx_word' id='word_1_2' title='bbox 598 205 848 313; x_wconf 80' lang='lat' dir='ltr'>HERODOTI</span> 
     </span>
    </p>
   </div>
   <div class='ocr_carea' id='block_1_2' title="bbox 104 364 1301 3512">
    <p class='ocr_par' dir='ltr' id='par_1_2' title="bbox 104 364 1301 3512">
     <span class='ocr_line' id='line_1_2' title="bbox 214 364 1221 490; baseline -0.001 -53"><span class='ocrx_word' id='word_1_3' title='bbox 214 373 281 437; x_wconf 85' lang='grc' dir='ltr'><strong><em>τίαι</em></strong></span> <span class='ocrx_word' id='word_1_4' title='bbox 295 368 404 446; x_wconf 76' lang='grc' dir='ltr'><strong><em>ἵζοντο</em></strong></span> <span class='ocrx_word' id='word_1_5' title='bbox 423 378 508 432; x_wconf 83' lang='grc' dir='ltr'><strong><em>τοίσι</em></strong></span> <span class='ocrx_word' id='word_1_6' title='bbox 521 366 679 452; x_wconf 87' lang='grc' dir='ltr'><strong><em>Πέρσησι.</em></strong></span> <span class='ocrx_word' id='word_1_7' title='bbox 709 364 858 431; x_wconf 83' lang='grc' dir='ltr'><strong><em>ἐνθαῦτα</em></strong></span> <span class='ocrx_word' id='word_1_8' title='bbox 878 367 913 432; x_wconf 89' lang='grc' dir='ltr'><strong><em>οί</em></strong></span> <span class='ocrx_word' id='word_1_9' title='bbox 925 368 1054 451; x_wconf 99' lang='grc' dir='ltr'><strong><em>Πέρσαι</em></strong></span> <span class='ocrx_word' id='word_1_10' title='bbox 1061 365 1221 490; x_wconf 76' lang='grc' dir='ltr'>ἰδόμενοι</span> 
     </span>
     <span class='ocr_line' id='line_1_3' title="bbox 215 460 1220 557; baseline 0 -21"><span class='ocrx_word' id='word_1_11' title='bbox 215 481 378 557; x_wconf 75' lang='grc' dir='ltr'><strong><em>γυναῖκας</em></strong></span> <span class='ocrx_word' id='word_1_12' title='bbox 392 462 585 553; x_wconf 77' lang='grc' dir='ltr'><strong><em>εὐμόρφους</em></strong></span> <span class='ocrx_word' id='word_1_13' title='bbox 602 469 719 549; x_wconf 87' lang='grc' dir='ltr'><strong><em>έλεγου</em></strong></span> <span class='ocrx_word' id='word_1_14' title='bbox 738 460 823 551; x_wconf 87' lang='grc' dir='ltr'><strong><em>πρός</em></strong></span> <span class='ocrx_word' id='word_1_15' title='bbox 838 461 1005 551; x_wconf 93' lang='grc' dir='ltr'><strong><em>Ἀμύντην</em></strong></span> <span class='ocrx_word' id='word_1_16' title='bbox 1020 464 1166 554; x_wconf 83' lang='grc' dir='ltr'><strong><em>φάμενοι</em></strong></span> <span class='ocrx_word' id='word_1_17' title='bbox 1180 467 1220 536; x_wconf 84' lang='grc' dir='ltr'><strong><em>τό</em></strong></span> 
     </span>
     <span class='ocr_line' id='line_1_4' title="bbox 216 560 1218 654; baseline -0.002 -18"><span class='ocrx_word' id='word_1_18' title='bbox 216 565 360 654; x_wconf 71' lang='grc' dir='ltr'><strong><em>ποιηθέν</em></strong></span> <span class='ocrx_word' id='word_1_19' title='bbox 379 569 479 632; x_wconf 83' lang='grc' dir='ltr'><strong><em>τοῦτο</em></strong></span> <span class='ocrx_word' id='word_1_20' title='bbox 502 560 604 632; x_wconf 78' lang='grc' dir='ltr'><strong><em>ούδέν</em></strong></span> <span class='ocrx_word' id='word_1_21' title='bbox 624 560 710 629; x_wconf 78' lang='grc' dir='ltr'><strong><em>εἶναι</em></strong></span> <span class='ocrx_word' id='word_1_22' title='bbox 730 562 856 648; x_wconf 83' lang='grc' dir='ltr'><strong><em>σοφόν·</em></strong></span> <span class='ocrx_word' id='word_1_23' title='bbox 888 565 1030 649; x_wconf 79' lang='grc' dir='ltr'><strong><em>κρέσσον</em></strong></span> <span class='ocrx_word' id='word_1_24' title='bbox 1051 562 1117 651; x_wconf 87' lang='grc' dir='ltr'><strong><em>γάρ</em></strong></span> <span class='ocrx_word' id='word_1_25' title='bbox 1134 563 1218 634; x_wconf 85' lang='grc' dir='ltr'><strong><em>είυαι</em></strong></span> 
     </span>
     <span class='ocr_line' id='line_1_5' title="bbox 216 655 1218 753; baseline -0.005 -17"><span class='ocrx_word' id='word_1_26' title='bbox 216 666 365 753; x_wconf 76' lang='grc' dir='ltr'><strong><em>ἀρχῆθεν</em></strong></span> <span class='ocrx_word' id='word_1_27' title='bbox 385 691 429 750; x_wconf 91' lang='grc' dir='ltr'><strong><em>μη</em></strong></span> <span class='ocrx_word' id='word_1_28' title='bbox 417 661 565 732; x_wconf 82' lang='grc' dir='ltr'><strong><em>ἐλθείν</em></strong></span> <span class='ocrx_word' id='word_1_29' title='bbox 586 658 645 740; x_wconf 88' lang='grc' dir='ltr'><strong><em>τάς</em></strong></span> <span class='ocrx_word' id='word_1_30' title='bbox 668 675 830 747; x_wconf 71' lang='grc' dir='ltr'><strong><em>γυναῖκας</em></strong></span> <span class='ocrx_word' id='word_1_31' title='bbox 853 655 875 747; x_wconf 76' lang='grc' dir='ltr'><strong><em>ἦ</em></strong></span> <span class='ocrx_word' id='word_1_32' title='bbox 901 661 1067 742; x_wconf 78' lang='grc' dir='ltr'><strong><em>ἐλθούσας</em></strong></span> <span class='ocrx_word' id='word_1_33' title='bbox 1093 665 1148 731; x_wconf 80' lang='grc' dir='ltr'><strong><em>καὶ</em></strong></span> <span class='ocrx_word' id='word_1_34' title='bbox 1172 660 1218 750; x_wconf 74' lang='grc' dir='ltr'><strong><em>μὴ</em></strong></span> 
     </span>
     <span class='ocr_line' id='line_1_6' title="bbox 216 756 1217 850; baseline -0.003 -19"><span class='ocrx_word' id='word_1_35' title='bbox 216 763 437 850; x_wconf 73' lang='grc' dir='ltr'><strong><em>παριζομένας</em></strong></span> <span class='ocrx_word' id='word_1_36' title='bbox 453 757 567 839; x_wconf 90' lang='grc' dir='ltr'><strong><em>ἀντίας</em></strong></span> <span class='ocrx_word' id='word_1_37' title='bbox 583 763 713 841; x_wconf 80' lang='grc' dir='ltr'><strong><em>ἵζεσθαι</em></strong></span> <span class='ocrx_word' id='word_1_38' title='bbox 733 756 921 845; x_wconf 74' lang='grc' dir='ltr'><strong><em>ἀλγηδόνας</em></strong></span> <span class='ocrx_word' id='word_1_39' title='bbox 939 778 1001 846; x_wconf 81' lang='grc' dir='ltr'><strong><em>σφι</em></strong></span> <span class='ocrx_word' id='word_1_40' title='bbox 1018 757 1217 848; x_wconf 73' lang='grc' dir='ltr'><strong><em>ὀφθαλμῶν.</em></strong></span> 
     </span>
     <span class='ocr_line' id='line_1_7' title="bbox 216 855 1219 948; baseline -0.004 -17"><span class='ocrx_word' id='word_1_41' title='bbox 216 860 483 948; x_wconf 75' lang='grc' dir='ltr'><strong><em>ἀναγκαζόμενος</em></strong></span> <span class='ocrx_word' id='word_1_42' title='bbox 497 860 534 928; x_wconf 70' lang='grc' dir='ltr'><strong><em>δέ</em></strong></span> <span class='ocrx_word' id='word_1_43' title='bbox 549 855 741 945; x_wconf 89' lang='grc' dir='ltr'><strong><em>όἈμύντης</em></strong></span> <span class='ocrx_word' id='word_1_44' title='bbox 755 859 885 925; x_wconf 77' lang='grc' dir='ltr'><strong><em>ἐκέλευε</em></strong></span> <span class='ocrx_word' id='word_1_45' title='bbox 900 863 1065 944; x_wconf 73' lang='grc' dir='ltr'><strong><em>παρίζειν·</em></strong></span> <span class='ocrx_word' id='word_1_46' title='bbox 1096 869 1219 927; x_wconf 89' lang='grc' dir='ltr'><strong><em>πειθο-</em></strong></span> 
     </span>
     <span class='ocr_line' id='line_1_8' title="bbox 215 953 1218 1051; baseline -0.006 -22"><span class='ocrx_word' id='word_1_47' title='bbox 215 963 328 1051; x_wconf 91' lang='grc' dir='ltr'><strong><em>μένων</em></strong></span> <span class='ocrx_word' id='word_1_48' title='bbox 349 962 386 1029; x_wconf 74' lang='grc' dir='ltr'><strong><em>δέ</em></strong></span> <span class='ocrx_word' id='word_1_49' title='bbox 404 961 473 1028; x_wconf 82' lang='grc' dir='ltr'><strong><em>τόν</em></strong></span> <span class='ocrx_word' id='word_1_50' title='bbox 492 963 665 1047; x_wconf 79' lang='grc' dir='ltr'><strong><em>γυναικῶν</em></strong></span> <span class='ocrx_word' id='word_1_51' title='bbox 685 953 804 1024; x_wconf 89' lang='grc' dir='ltr'><strong><em>αύτίκα</em></strong></span> <span class='ocrx_word' id='word_1_52' title='bbox 827 960 862 1024; x_wconf 90' lang='grc' dir='ltr'><strong><em>οί</em></strong></span> <span class='ocrx_word' id='word_1_53' title='bbox 877 957 1006 1044; x_wconf 80' lang='grc' dir='ltr'><strong><em>Πέρσαι</em></strong></span> <span class='ocrx_word' id='word_1_54' title='bbox 1026 963 1161 1043; x_wconf 79' lang='grc' dir='ltr'><strong><em>μαστῶν</em></strong></span> <span class='ocrx_word' id='word_1_55' title='bbox 1179 981 1218 1023; x_wconf 91' lang='grc' dir='ltr'><strong><em>τε</em></strong></span> 
     </span>
     <span class='ocr_line' id='line_1_9' title="bbox 215 1054 1210 1146; baseline -0.008 -16"><span class='ocrx_word' id='word_1_56' title='bbox 215 1059 377 1146; x_wconf 76' lang='grc' dir='ltr'><strong><em>ἅπτοντο,</em></strong></span> <span class='ocrx_word' id='word_1_57' title='bbox 398 1054 453 1128; x_wconf 79' lang='grc' dir='ltr'><strong><em>οἷα</em></strong></span> <span class='ocrx_word' id='word_1_58' title='bbox 473 1058 623 1137; x_wconf 80' lang='grc' dir='ltr'><strong><em>πλεόνως</em></strong></span> <span class='ocrx_word' id='word_1_59' title='bbox 643 1059 837 1143; x_wconf 83' lang='grc' dir='ltr'><strong><em>οἰνωμένοι,</em></strong></span> <span class='ocrx_word' id='word_1_60' title='bbox 857 1062 917 1124; x_wconf 89' lang='grc' dir='ltr'><strong><em>καί</em></strong></span> <span class='ocrx_word' id='word_1_61' title='bbox 932 1055 996 1124; x_wconf 90' lang='grc' dir='ltr'><strong><em>κού</em></strong></span> <span class='ocrx_word' id='word_1_62' title='bbox 1017 1082 1067 1135; x_wconf 93' lang='grc' dir='ltr'><strong><em>τις</em></strong></span> <span class='ocrx_word' id='word_1_63' title='bbox 1084 1058 1140 1125; x_wconf 82' lang='grc' dir='ltr'><strong><em>καὶ</em></strong></span> <span class='ocrx_word' id='word_1_64' title='bbox 1156 1081 1210 1142; x_wconf 86' lang='grc' dir='ltr'><strong><em>φι-</em></strong></span> 
     </span>
     <span class='ocr_line' id='line_1_10' title="bbox 168 1151 1216 1244; baseline -0.009 -14"><span class='ocrx_word' id='word_1_65' title='bbox 168 1172 201 1230; x_wconf 82' lang='lat'><strong><em>19</em></strong></span> <span class='ocrx_word' id='word_1_66' title='bbox 215 1162 303 1229; x_wconf 88' lang='grc' dir='ltr'><strong><em>λέειν</em></strong></span> <span class='ocrx_word' id='word_1_67' title='bbox 316 1160 478 1244; x_wconf 83' lang='grc' dir='ltr'><strong><em>έπειράτο.</em></strong></span> <span class='ocrx_word' id='word_1_68' title='bbox 520 1155 681 1244; x_wconf 87' lang='grc' dir='ltr'><strong><em>Ἀμύντης</em></strong></span> <span class='ocrx_word' id='word_1_69' title='bbox 694 1159 757 1244; x_wconf 78' lang='grc' dir='ltr'><strong><em>μέν</em></strong></span> <span class='ocrx_word' id='word_1_70' title='bbox 772 1154 812 1242; x_wconf 78' lang='grc' dir='ltr'><strong><em>δὴ</em></strong></span> <span class='ocrx_word' id='word_1_71' title='bbox 828 1162 932 1223; x_wconf 80' lang='grc' dir='ltr'><strong><em>ταῦτα</em></strong></span> <span class='ocrx_word' id='word_1_72' title='bbox 952 1151 1059 1243; x_wconf 87' lang='grc' dir='ltr'><strong><em>ὁρέων</em></strong></span> <span class='ocrx_word' id='word_1_73' title='bbox 1073 1152 1216 1242; x_wconf 77' lang='grc' dir='ltr'><strong><em>ἀτρέμας</em></strong></span> 
     </span>
     <span class='ocr_line' id='line_1_11' title="bbox 216 1248 1213 1344; baseline -0.006 -17"><span class='ocrx_word' id='word_1_74' title='bbox 216 1254 296 1344; x_wconf 81' lang='grc' dir='ltr'><strong><em>εἶχε,</em></strong></span> <span class='ocrx_word' id='word_1_75' title='bbox 319 1262 437 1340; x_wconf 87' lang='grc' dir='ltr'><strong><em>καίπερ</em></strong></span> <span class='ocrx_word' id='word_1_76' title='bbox 452 1259 668 1342; x_wconf 83' lang='grc' dir='ltr'><strong><em>δυσφορέων,</em></strong></span> <span class='ocrx_word' id='word_1_77' title='bbox 690 1248 743 1323; x_wconf 83' lang='grc' dir='ltr'><strong><em>οία</em></strong></span> <span class='ocrx_word' id='word_1_78' title='bbox 757 1252 1024 1344; x_wconf 73' lang='grc' dir='ltr'><strong><em>ὑπερδειμαίνων</em></strong></span> <span class='ocrx_word' id='word_1_79' title='bbox 1036 1252 1115 1334; x_wconf 84' lang='grc' dir='ltr'><strong><em>τούς</em></strong></span> <span class='ocrx_word' id='word_1_80' title='bbox 1125 1255 1213 1339; x_wconf 87' lang='grc' dir='ltr'><strong><em>Πέρ-</em></strong></span> 
     </span>
     <span class='ocr_line' id='line_1_12' title="bbox 104 1348 1214 1442; baseline -0.006 -17"><span class='ocrx_word' id='word_1_81' title='bbox 104 1430 105 1434; x_wconf 48' lang='lat'>,</span> <span class='ocrx_word' id='word_1_82' title='bbox 214 1376 290 1440; x_wconf 89' lang='grc' dir='ltr'><strong><em>σας,</em></strong></span> <span class='ocrx_word' id='word_1_83' title='bbox 308 1353 522 1442; x_wconf 84' lang='grc' dir='ltr'><strong><em>Ἀλέξανδρος</em></strong></span> <span class='ocrx_word' id='word_1_84' title='bbox 542 1353 578 1423; x_wconf 70' lang='grc' dir='ltr'><strong><em>δέ</em></strong></span> <span class='ocrx_word' id='word_1_85' title='bbox 599 1351 618 1421; x_wconf 88' lang='grc' dir='ltr'><strong><em>ό</em></strong></span> <span class='ocrx_word' id='word_1_86' title='bbox 636 1351 804 1440; x_wconf 90' lang='grc' dir='ltr'><strong><em>Ἀμύντεω</em></strong></span> <span class='ocrx_word' id='word_1_87' title='bbox 823 1351 958 1439; x_wconf 85' lang='grc' dir='ltr'><strong><em>παρεόν</em></strong></span> <span class='ocrx_word' id='word_1_88' title='bbox 977 1379 1013 1421; x_wconf 88' lang='grc' dir='ltr'><strong><em>τε</em></strong></span> <span class='ocrx_word' id='word_1_89' title='bbox 1034 1353 1088 1421; x_wconf 75' lang='grc' dir='ltr'><strong><em>καὶ</em></strong></span> <span class='ocrx_word' id='word_1_90' title='bbox 1108 1348 1214 1439; x_wconf 83' lang='grc' dir='ltr'><strong><em>ὁρέων</em></strong></span> 
     </span>
     <span class='ocr_line' id='line_1_13' title="bbox 214 1447 1216 1539; baseline -0.005 -17"><span class='ocrx_word' id='word_1_91' title='bbox 214 1461 334 1539; x_wconf 82' lang='grc' dir='ltr'><strong><em>ταῦτα,</em></strong></span> <span class='ocrx_word' id='word_1_92' title='bbox 356 1450 414 1520; x_wconf 85' lang='grc' dir='ltr'><strong><em>ἀτε</em></strong></span> <span class='ocrx_word' id='word_1_93' title='bbox 435 1451 510 1532; x_wconf 87' lang='grc' dir='ltr'><strong><em>νέος</em></strong></span> <span class='ocrx_word' id='word_1_94' title='bbox 532 1478 567 1520; x_wconf 83' lang='grc' dir='ltr'><strong><em>τε</em></strong></span> <span class='ocrx_word' id='word_1_95' title='bbox 587 1450 653 1519; x_wconf 79' lang='grc' dir='ltr'><strong><em>έύν</em></strong></span> <span class='ocrx_word' id='word_1_96' title='bbox 676 1453 732 1519; x_wconf 83' lang='grc' dir='ltr'><strong><em>καί</em></strong></span> <span class='ocrx_word' id='word_1_97' title='bbox 754 1458 867 1518; x_wconf 75' lang='grc' dir='ltr'><strong><em>κακῶν</em></strong></span> <span class='ocrx_word' id='word_1_98' title='bbox 888 1448 1038 1538; x_wconf 76' lang='grc' dir='ltr'><strong><em>ἀπαθὴς,</em></strong></span> <span class='ocrx_word' id='word_1_99' title='bbox 1060 1447 1216 1537; x_wconf 78' lang='grc' dir='ltr'><strong><em>οὐδαμῶς</em></strong></span> 
     </span>
     <span class='ocr_line' id='line_1_14' title="bbox 214 1542 1216 1636; baseline -0.004 -17"><span class='ocrx_word' id='word_1_100' title='bbox 214 1555 262 1621; x_wconf 87' lang='grc' dir='ltr'><strong><em>έτι</em></strong></span> <span class='ocrx_word' id='word_1_101' title='bbox 280 1550 430 1635; x_wconf 83' lang='grc' dir='ltr'><strong><em>κατέχειν</em></strong></span> <span class='ocrx_word' id='word_1_102' title='bbox 451 1543 521 1629; x_wconf 82' lang='grc' dir='ltr'><strong><em>οίός</em></strong></span> <span class='ocrx_word' id='word_1_103' title='bbox 543 1574 579 1616; x_wconf 90' lang='grc' dir='ltr'><strong><em>τε</em></strong></span> <span class='ocrx_word' id='word_1_104' title='bbox 600 1542 661 1636; x_wconf 81' lang='grc' dir='ltr'><strong><em>ἦν,</em></strong></span> <span class='ocrx_word' id='word_1_105' title='bbox 690 1546 774 1616; x_wconf 75' lang='grc' dir='ltr'><strong><em>ὥστε</em></strong></span> <span class='ocrx_word' id='word_1_106' title='bbox 797 1546 834 1616; x_wconf 73' lang='grc' dir='ltr'><strong><em>δέ</em></strong></span> <span class='ocrx_word' id='word_1_107' title='bbox 858 1549 986 1635; x_wconf 81' lang='grc' dir='ltr'><strong><em>βαρέως</em></strong></span> <span class='ocrx_word' id='word_1_108' title='bbox 1008 1551 1123 1634; x_wconf 85' lang='grc' dir='ltr'><strong><em>φέρων</em></strong></span> <span class='ocrx_word' id='word_1_109' title='bbox 1143 1545 1216 1615; x_wconf 80' lang='grc' dir='ltr'><strong><em>εἶπε</em></strong></span> 
     </span>
     <span class='ocr_line' id='line_1_15' title="bbox 213 1640 1214 1738; baseline 0.001 -21"><span class='ocrx_word' id='word_1_110' title='bbox 213 1646 298 1737; x_wconf 86' lang='grc' dir='ltr'><strong><em>πρός</em></strong></span> <span class='ocrx_word' id='word_1_111' title='bbox 309 1646 476 1734; x_wconf 81' lang='grc' dir='ltr'><strong><em>Ἀμύντην</em></strong></span> <span class='ocrx_word' id='word_1_112' title='bbox 489 1648 582 1716; x_wconf 85' lang='grc' dir='ltr'><strong><em>τόδε·</em></strong></span> <span class='ocrx_word' id='word_1_113' title='bbox 603 1646 659 1717; x_wconf 81' lang='grc' dir='ltr'><strong><em>Σύ</em></strong></span> <span class='ocrx_word' id='word_1_114' title='bbox 672 1648 751 1734; x_wconf 73' lang='grc' dir='ltr'><strong><em>μέν,</em></strong></span> <span class='ocrx_word' id='word_1_115' title='bbox 774 1640 802 1716; x_wconf 81' lang='grc' dir='ltr'><strong><em>ύ</em></strong></span> <span class='ocrx_word' id='word_1_116' title='bbox 815 1649 936 1735; x_wconf 88' lang='grc' dir='ltr'><strong><em>πάτερ,</em></strong></span> <span class='ocrx_word' id='word_1_117' title='bbox 958 1647 1024 1717; x_wconf 80' lang='grc' dir='ltr'><strong><em>εἷκε</em></strong></span> <span class='ocrx_word' id='word_1_118' title='bbox 1037 1657 1077 1738; x_wconf 83' lang='grc' dir='ltr'><strong><em>τῇ</em></strong></span> <span class='ocrx_word' id='word_1_119' title='bbox 1089 1647 1214 1738; x_wconf 79' lang='grc' dir='ltr'><strong><em>ἡλικίη,</em></strong></span> 
     </span>
     <span class='ocr_line' id='line_1_16' title="bbox 214 1741 1301 1836; baseline -0.004 -20"><span class='ocrx_word' id='word_1_120' title='bbox 214 1744 324 1816; x_wconf 83' lang='grc' dir='ltr'><strong><em>ἀπιόν</em></strong></span> <span class='ocrx_word' id='word_1_121' title='bbox 336 1760 373 1812; x_wconf 88' lang='grc' dir='ltr'><strong><em>’τε</em></strong></span> <span class='ocrx_word' id='word_1_122' title='bbox 383 1741 565 1830; x_wconf 85' lang='grc' dir='ltr'><strong><em>ἀναπαύεο,</em></strong></span> <span class='ocrx_word' id='word_1_123' title='bbox 581 1746 664 1831; x_wconf 70' lang='grc' dir='ltr'><strong><em>μηδὲ</em></strong></span> <span class='ocrx_word' id='word_1_124' title='bbox 675 1745 813 1831; x_wconf 84' lang='grc' dir='ltr'><strong><em>λιπάρεε</em></strong></span> <span class='ocrx_word' id='word_1_125' title='bbox 826 1752 866 1836; x_wconf 74' lang='grc' dir='ltr'><strong><em>τῇ</em></strong></span> <span class='ocrx_word' id='word_1_126' title='bbox 879 1746 969 1832; x_wconf 81' lang='grc' dir='ltr'><strong><em>πόσι,</em></strong></span> <span class='ocrx_word' id='word_1_127' title='bbox 985 1743 1049 1831; x_wconf 81' lang='grc' dir='ltr'><strong><em>ἐγό</em></strong></span> <span class='ocrx_word' id='word_1_128' title='bbox 1060 1746 1097 1814; x_wconf 71' lang='grc' dir='ltr'><strong><em>δέ</em></strong></span> <span class='ocrx_word' id='word_1_129' title='bbox 1108 1765 1215 1830; x_wconf 86' lang='grc' dir='ltr'><strong><em>προσ·</em></strong></span> <span class='ocrx_word' id='word_1_130' title='bbox 1300 1788 1301 1797; x_wconf 45' lang='lat'>1</span> 
     </span>
     <span class='ocr_line' id='line_1_17' title="bbox 213 1841 1214 1938; baseline -0.003 -24"><span class='ocrx_word' id='word_1_131' title='bbox 213 1849 326 1938; x_wconf 89' lang='grc' dir='ltr'><strong><em>μένων</em></strong></span> <span class='ocrx_word' id='word_1_132' title='bbox 339 1841 445 1913; x_wconf 85' lang='grc' dir='ltr'><strong><em>αύτού</em></strong></span> <span class='ocrx_word' id='word_1_133' title='bbox 460 1849 538 1934; x_wconf 77' lang='grc' dir='ltr'><strong><em>τῇδε</em></strong></span> <span class='ocrx_word' id='word_1_134' title='bbox 552 1844 662 1913; x_wconf 87' lang='grc' dir='ltr'><strong><em>πάντα</em></strong></span> <span class='ocrx_word' id='word_1_135' title='bbox 677 1842 717 1912; x_wconf 84' lang='grc' dir='ltr'><strong><em>τά</em></strong></span> <span class='ocrx_word' id='word_1_136' title='bbox 731 1845 885 1933; x_wconf 79' lang='grc' dir='ltr'><strong><em>ἐπιτήδεα</em></strong></span> <span class='ocrx_word' id='word_1_137' title='bbox 901 1848 1031 1933; x_wconf 78' lang='grc' dir='ltr'><strong><em>παρέξω</em></strong></span> <span class='ocrx_word' id='word_1_138' title='bbox 1047 1858 1131 1914; x_wconf 74' lang='grc' dir='ltr'><strong><em>τοῖσι</em></strong></span> <span class='ocrx_word' id='word_1_139' title='bbox 1146 1848 1214 1924; x_wconf 78' lang='grc' dir='ltr'><strong><em>ξεί·</em></strong></span> 
     </span>
     <span class='ocr_line' id='line_1_18' title="bbox 214 1940 1213 2031; baseline -0.004 -18"><span class='ocrx_word' id='word_1_140' title='bbox 214 1963 311 2013; x_wconf 93' lang='grc' dir='ltr'><strong><em>νοισι.</em></strong></span> <span class='ocrx_word' id='word_1_141' title='bbox 361 1940 452 2028; x_wconf 87' lang='grc' dir='ltr'><strong><em>Πρός</em></strong></span> <span class='ocrx_word' id='word_1_142' title='bbox 477 1950 580 2012; x_wconf 80' lang='grc' dir='ltr'><strong><em>ταῦτα</em></strong></span> <span class='ocrx_word' id='word_1_143' title='bbox 600 1946 712 2023; x_wconf 84' lang='grc' dir='ltr'><strong><em>συνείς</em></strong></span> <span class='ocrx_word' id='word_1_144' title='bbox 739 1941 758 2011; x_wconf 88' lang='grc' dir='ltr'><strong><em>ό</em></strong></span> <span class='ocrx_word' id='word_1_145' title='bbox 779 1941 957 2031; x_wconf 86' lang='grc' dir='ltr'><strong><em>Ἀμύντης,</em></strong></span> <span class='ocrx_word' id='word_1_146' title='bbox 990 1941 1041 2011; x_wconf 87' lang='grc' dir='ltr'><strong><em>ότι</em></strong></span> <span class='ocrx_word' id='word_1_147' title='bbox 1066 1943 1213 2029; x_wconf 74' lang='grc' dir='ltr'><strong><em>νεώτερα</em></strong></span> 
     </span>
     <span class='ocr_line' id='line_1_19' title="bbox 213 2034 1212 2132; baseline -0.005 -19"><span class='ocrx_word' id='word_1_148' title='bbox 213 2043 389 2132; x_wconf 84' lang='grc' dir='ltr'><strong><em>πρήγματα</em></strong></span> <span class='ocrx_word' id='word_1_149' title='bbox 405 2041 543 2129; x_wconf 76' lang='grc' dir='ltr'><strong><em>πρήξειν</em></strong></span> <span class='ocrx_word' id='word_1_150' title='bbox 564 2044 679 2129; x_wconf 83' lang='grc' dir='ltr'><strong><em>μέλλοι</em></strong></span> <span class='ocrx_word' id='word_1_151' title='bbox 695 2038 924 2127; x_wconf 81' lang='grc' dir='ltr'><strong><em>Ἀλέξανδρος,</em></strong></span> <span class='ocrx_word' id='word_1_152' title='bbox 946 2045 1051 2127; x_wconf 81' lang='grc' dir='ltr'><strong><em>λέγει·</em></strong></span> <span class='ocrx_word' id='word_1_153' title='bbox 1085 2034 1125 2109; x_wconf 78' lang='grc' dir='ltr'><em>Ὦ</em></span> <span class='ocrx_word' id='word_1_154' title='bbox 1142 2053 1212 2127; x_wconf 84' lang='grc' dir='ltr'><strong><em>παί,</em></strong></span> 
     </span>
     <span class='ocr_line' id='line_1_20' title="bbox 213 2138 1214 2231; baseline -0.006 -18"><span class='ocrx_word' id='word_1_155' title='bbox 213 2141 332 2231; x_wconf 86' lang='grc' dir='ltr'><strong><em>σχεδόν</em></strong></span> <span class='ocrx_word' id='word_1_156' title='bbox 345 2143 411 2230; x_wconf 87' lang='grc' dir='ltr'><strong><em>γάρ</em></strong></span> <span class='ocrx_word' id='word_1_157' title='bbox 428 2161 489 2211; x_wconf 92' lang='grc' dir='ltr'><strong><em>σευ</em></strong></span> <span class='ocrx_word' id='word_1_158' title='bbox 504 2139 751 2229; x_wconf 85' lang='grc' dir='ltr'><strong><em>ἀνακαιομένου</em></strong></span> <span class='ocrx_word' id='word_1_159' title='bbox 764 2146 900 2227; x_wconf 85' lang='grc' dir='ltr'><strong><em>συνίημι</em></strong></span> <span class='ocrx_word' id='word_1_160' title='bbox 914 2138 993 2219; x_wconf 83' lang='grc' dir='ltr'><strong><em>τούς</em></strong></span> <span class='ocrx_word' id='word_1_161' title='bbox 1006 2138 1143 2227; x_wconf 89' lang='grc' dir='ltr'><strong><em>λόγους,</em></strong></span> <span class='ocrx_word' id='word_1_162' title='bbox 1160 2138 1214 2209; x_wconf 88' lang='grc' dir='ltr'><strong><em>ότι</em></strong></span> 
     </span>
     <span class='ocr_line' id='line_1_21' title="bbox 212 2233 1213 2329; baseline -0.008 -13"><span class='ocrx_word' id='word_1_163' title='bbox 212 2248 339 2322; x_wconf 75' lang='grc' dir='ltr'><strong><em>ἐθέλεις</em></strong></span> <span class='ocrx_word' id='word_1_164' title='bbox 354 2242 410 2329; x_wconf 77' lang='grc' dir='ltr'><strong><em>ἐμέ</em></strong></span> <span class='ocrx_word' id='word_1_165' title='bbox 425 2244 592 2329; x_wconf 71' lang='grc' dir='ltr'><strong><em>ἐκπέμψας</em></strong></span> <span class='ocrx_word' id='word_1_166' title='bbox 607 2245 734 2310; x_wconf 83' lang='grc' dir='ltr'><strong><em>ποιέειν</em></strong></span> <span class='ocrx_word' id='word_1_167' title='bbox 753 2267 784 2310; x_wconf 92' lang='grc' dir='ltr'><strong><em>τι</em></strong></span> <span class='ocrx_word' id='word_1_168' title='bbox 801 2241 982 2328; x_wconf 76' lang='grc' dir='ltr'><strong><em>νεότερου·</em></strong></span> <span class='ocrx_word' id='word_1_169' title='bbox 1009 2238 1074 2328; x_wconf 84' lang='grc' dir='ltr'><strong><em>έγοδ</em></strong></span> <span class='ocrx_word' id='word_1_170' title='bbox 1090 2233 1138 2309; x_wconf 74' lang='grc' dir='ltr'><strong><em>τόν</em></strong></span> <span class='ocrx_word' id='word_1_171' title='bbox 1151 2259 1213 2308; x_wconf 87' lang='grc' dir='ltr'><strong><em>σευ</em></strong></span> 
     </span>
     <span class='ocr_line' id='line_1_22' title="bbox 210 2339 1300 2431; baseline 0.003 -23"><span class='ocrx_word' id='word_1_172' title='bbox 210 2348 330 2431; x_wconf 76' lang='grc' dir='ltr'><strong><em>χρηίζω</em></strong></span> <span class='ocrx_word' id='word_1_173' title='bbox 350 2343 455 2428; x_wconf 73' lang='grc' dir='ltr'><strong><em>μηδὲν</em></strong></span> <span class='ocrx_word' id='word_1_174' title='bbox 475 2347 660 2426; x_wconf 76' lang='grc' dir='ltr'><strong><em>νεοχμῶσαι</em></strong></span> <span class='ocrx_word' id='word_1_175' title='bbox 678 2339 753 2409; x_wconf 87' lang='grc' dir='ltr'><strong><em>κατ’</em></strong></span> <span class='ocrx_word' id='word_1_176' title='bbox 771 2339 896 2429; x_wconf 88' lang='grc' dir='ltr'><strong><em>ἀνδρας</em></strong></span> <span class='ocrx_word' id='word_1_177' title='bbox 915 2339 1071 2427; x_wconf 87' lang='grc' dir='ltr'><strong><em>τούτους,</em></strong></span> <span class='ocrx_word' id='word_1_178' title='bbox 1092 2341 1150 2407; x_wconf 79' lang='grc' dir='ltr'><strong><em>ίνα</em></strong></span> <span class='ocrx_word' id='word_1_179' title='bbox 1166 2342 1212 2426; x_wconf 79' lang='grc' dir='ltr'><strong><em>μη</em></strong></span> <span class='ocrx_word' id='word_1_180' title='bbox 1299 2348 1300 2411; x_wconf 74' lang='lat' dir='ltr'>l</span> 
     </span>
     <span class='ocr_line' id='line_1_23' title="bbox 212 2433 1213 2527; baseline -0.003 -19"><span class='ocrx_word' id='word_1_181' title='bbox 212 2438 371 2527; x_wconf 81' lang='grc' dir='ltr'><strong><em>έξεργάση</em></strong></span> <span class='ocrx_word' id='word_1_182' title='bbox 382 2436 495 2526; x_wconf 83' lang='grc' dir='ltr'><strong><em>ἡμέας,</em></strong></span> <span class='ocrx_word' id='word_1_183' title='bbox 510 2435 594 2507; x_wconf 85' lang='grc' dir='ltr'><strong><em>ἀλλά</em></strong></span> <span class='ocrx_word' id='word_1_184' title='bbox 606 2434 725 2524; x_wconf 86' lang='grc' dir='ltr'><strong><em>ἀνέχευ</em></strong></span> <span class='ocrx_word' id='word_1_185' title='bbox 737 2435 894 2527; x_wconf 88' lang='grc' dir='ltr'><strong><em>ὁρέωντά</em></strong></span> <span class='ocrx_word' id='word_1_186' title='bbox 905 2438 1104 2525; x_wconf 87' lang='grc' dir='ltr'><strong><em>ποιεύμενα·</em></strong></span> <span class='ocrx_word' id='word_1_187' title='bbox 1126 2433 1213 2524; x_wconf 80' lang='grc' dir='ltr'><strong><em>ἀμφὶ</em></strong></span> 
     </span>
     <span class='ocr_line' id='line_1_24' title="bbox 159 2532 1213 2626; baseline -0.006 -18"><span class='ocrx_word' id='word_1_188' title='bbox 159 2548 197 2608; x_wconf 74' lang='grc' dir='ltr'><strong><em>λθ</em></strong></span> <span class='ocrx_word' id='word_1_189' title='bbox 213 2535 250 2603; x_wconf 76' lang='grc' dir='ltr'><strong><em>δέ</em></strong></span> <span class='ocrx_word' id='word_1_190' title='bbox 263 2532 378 2626; x_wconf 76' lang='grc' dir='ltr'><strong><em>ἀπόδῳ</em></strong></span> <span class='ocrx_word' id='word_1_191' title='bbox 394 2541 435 2624; x_wconf 81' lang='grc' dir='ltr'><strong><em>τῇ</em></strong></span> <span class='ocrx_word' id='word_1_192' title='bbox 449 2537 510 2624; x_wconf 77' lang='grc' dir='ltr'><strong><em>έμῇ</em></strong></span> <span class='ocrx_word' id='word_1_193' title='bbox 524 2541 683 2622; x_wconf 88' lang='grc' dir='ltr'><strong><em>πείσομαί</em></strong></span> <span class='ocrx_word' id='word_1_194' title='bbox 693 2562 752 2604; x_wconf 87' lang='grc' dir='ltr'><strong><em>τοι.</em></strong></span> <span class='ocrx_word' id='word_1_195' title='bbox 789 2535 848 2617; x_wconf 80' lang='grc' dir='ltr'><strong><em>Ὡς</em></strong></span> <span class='ocrx_word' id='word_1_196' title='bbox 863 2538 899 2607; x_wconf 75' lang='grc' dir='ltr'><strong><em>δέ</em></strong></span> <span class='ocrx_word' id='word_1_197' title='bbox 913 2533 1104 2623; x_wconf 85' lang='grc' dir='ltr'><strong><em>ὁἈμύντης</em></strong></span> <span class='ocrx_word' id='word_1_198' title='bbox 1117 2540 1213 2622; x_wconf 82' lang='grc' dir='ltr'><strong><em>χρηί-</em></strong></span> 
     </span>
     <span class='ocr_line' id='line_1_25' title="bbox 210 2632 1212 2725; baseline -0.002 -20"><span class='ocrx_word' id='word_1_199' title='bbox 210 2656 271 2717; x_wconf 91' lang='grc' dir='ltr'><strong><em>σας</em></strong></span> <span class='ocrx_word' id='word_1_200' title='bbox 284 2636 414 2705; x_wconf 87' lang='grc' dir='ltr'><strong><em>τούτων</em></strong></span> <span class='ocrx_word' id='word_1_201' title='bbox 425 2634 571 2721; x_wconf 88' lang='grc' dir='ltr'><strong><em>υίχοόκεε,</em></strong></span> <span class='ocrx_word' id='word_1_202' title='bbox 583 2638 671 2722; x_wconf 87' lang='grc' dir='ltr'><strong><em>λέγει</em></strong></span> <span class='ocrx_word' id='word_1_203' title='bbox 682 2633 700 2703; x_wconf 89' lang='grc' dir='ltr'><strong><em>ό</em></strong></span> <span class='ocrx_word' id='word_1_204' title='bbox 712 2633 924 2725; x_wconf 84' lang='grc' dir='ltr'><strong><em>Ἀλέξανδρος</em></strong></span> <span class='ocrx_word' id='word_1_205' title='bbox 935 2634 1018 2723; x_wconf 82' lang='grc' dir='ltr'><strong><em>πρὸς</em></strong></span> <span class='ocrx_word' id='word_1_206' title='bbox 1032 2632 1111 2714; x_wconf 84' lang='grc' dir='ltr'><strong><em>τούς</em></strong></span> <span class='ocrx_word' id='word_1_207' title='bbox 1121 2637 1212 2723; x_wconf 91' lang='grc' dir='ltr'><strong><em>Πέρ-</em></strong></span> 
     </span>
     <span class='ocr_line' id='line_1_26' title="bbox 209 2730 1212 2824; baseline -0.007 -16"><span class='ocrx_word' id='word_1_208' title='bbox 209 2759 286 2817; x_wconf 76' lang='grc' dir='ltr'><strong><em>σας·</em></strong></span> <span class='ocrx_word' id='word_1_209' title='bbox 323 2744 503 2806; x_wconf 69' lang='grc' dir='ltr'><strong><em>Γυναικῶν</em></strong></span> <span class='ocrx_word' id='word_1_210' title='bbox 529 2735 676 2824; x_wconf 87' lang='grc' dir='ltr'><strong><em>τούτων,</em></strong></span> <span class='ocrx_word' id='word_1_211' title='bbox 705 2730 733 2805; x_wconf 72' lang='grc' dir='ltr'><strong><em>ω’</em></strong></span> <span class='ocrx_word' id='word_1_212' title='bbox 757 2742 875 2823; x_wconf 78' lang='grc' dir='ltr'><strong><em>ξεῖνοι,</em></strong></span> <span class='ocrx_word' id='word_1_213' title='bbox 904 2736 1011 2824; x_wconf 80' lang='grc' dir='ltr'><strong><em>πολλή</em></strong></span> <span class='ocrx_word' id='word_1_214' title='bbox 1037 2737 1104 2804; x_wconf 81' lang='grc' dir='ltr'><strong><em>ἐστι</em></strong></span> <span class='ocrx_word' id='word_1_215' title='bbox 1130 2732 1212 2822; x_wconf 79' lang='grc' dir='ltr'><strong><em>ὑμίν</em></strong></span> 
     </span>
     <span class='ocr_line' id='line_1_27' title="bbox 209 2831 1211 2923; baseline 0 -21"><span class='ocrx_word' id='word_1_216' title='bbox 209 2834 377 2920; x_wconf 82' lang='grc' dir='ltr'><strong><em>εὐπέτεια,</em></strong></span> <span class='ocrx_word' id='word_1_217' title='bbox 399 2836 453 2902; x_wconf 81' lang='grc' dir='ltr'><strong><em>καί</em></strong></span> <span class='ocrx_word' id='word_1_218' title='bbox 465 2841 496 2903; x_wconf 89' lang='grc' dir='ltr'><strong><em>εί</em></strong></span> <span class='ocrx_word' id='word_1_219' title='bbox 507 2835 631 2923; x_wconf 87' lang='grc' dir='ltr'><strong><em>πάσησι</em></strong></span> <span class='ocrx_word' id='word_1_220' title='bbox 645 2836 813 2923; x_wconf 83' lang='grc' dir='ltr'><strong><em>βούλεσθε</em></strong></span> <span class='ocrx_word' id='word_1_221' title='bbox 826 2843 1005 2923; x_wconf 90' lang='grc' dir='ltr'><strong><em>μίσγεσθαι</em></strong></span> <span class='ocrx_word' id='word_1_222' title='bbox 1018 2838 1073 2904; x_wconf 80' lang='grc' dir='ltr'><strong><em>καὶ</em></strong></span> <span class='ocrx_word' id='word_1_223' title='bbox 1088 2831 1211 2922; x_wconf 87' lang='grc' dir='ltr'><strong><em>όκοση-</em></strong></span> 
     </span>
     <span class='ocr_line' id='line_1_28' title="bbox 208 2927 1211 3021; baseline -0.001 -21"><span class='ocrx_word' id='word_1_224' title='bbox 208 2938 292 3000; x_wconf 77' lang='grc' dir='ltr'><strong><em>σιῶν</em></strong></span> <span class='ocrx_word' id='word_1_225' title='bbox 306 2927 442 2999; x_wconf 80' lang='grc' dir='ltr'><strong><em>αὐτέων.</em></strong></span> <span class='ocrx_word' id='word_1_226' title='bbox 465 2932 589 3000; x_wconf 90' lang='grc' dir='ltr'><strong><em>τούτου</em></strong></span> <span class='ocrx_word' id='word_1_227' title='bbox 600 2934 662 3019; x_wconf 77' lang='grc' dir='ltr'><strong><em>μέν</em></strong></span> <span class='ocrx_word' id='word_1_228' title='bbox 673 2938 748 3020; x_wconf 87' lang='grc' dir='ltr'><strong><em>πέρι</em></strong></span> <span class='ocrx_word' id='word_1_229' title='bbox 760 2930 855 3002; x_wconf 80' lang='grc' dir='ltr'><strong><em>αύτολ</em></strong></span> <span class='ocrx_word' id='word_1_230' title='bbox 865 2931 1128 3021; x_wconf 85' lang='grc' dir='ltr'><strong><em>ἀποσημανέετε·</em></strong></span> <span class='ocrx_word' id='word_1_231' title='bbox 1144 2940 1211 3001; x_wconf 84' lang='grc' dir='ltr'><strong><em>νῦν</em></strong></span> 
     </span>
     <span class='ocr_line' id='line_1_29' title="bbox 208 3024 1299 3118; baseline -0.002 -20"><span class='ocrx_word' id='word_1_232' title='bbox 208 3027 261 3114; x_wconf 68' lang='grc' dir='ltr'><strong><em>δὲ,</em></strong></span> <span class='ocrx_word' id='word_1_233' title='bbox 283 3024 402 3112; x_wconf 87' lang='grc' dir='ltr'><strong><em>σχεδόν</em></strong></span> <span class='ocrx_word' id='word_1_234' title='bbox 422 3024 486 3115; x_wconf 90' lang='grc' dir='ltr'><strong><em>γάρ</em></strong></span> <span class='ocrx_word' id='word_1_235' title='bbox 511 3026 574 3116; x_wconf 82' lang='grc' dir='ltr'><strong><em>ἤδη</em></strong></span> <span class='ocrx_word' id='word_1_236' title='bbox 593 3036 651 3115; x_wconf 82' lang='grc' dir='ltr'><strong><em>τῆς</em></strong></span> <span class='ocrx_word' id='word_1_237' title='bbox 673 3036 784 3116; x_wconf 91' lang='grc' dir='ltr'><strong><em>κοίτης</em></strong></span> <span class='ocrx_word' id='word_1_238' title='bbox 798 3027 873 3118; x_wconf 79' lang='grc' dir='ltr'><strong><em>όόρη</em></strong></span> <span class='ocrx_word' id='word_1_239' title='bbox 896 3032 1111 3117; x_wconf 86' lang='grc' dir='ltr'><strong><em>προσέρχεται</em></strong></span> <span class='ocrx_word' id='word_1_240' title='bbox 1129 3026 1211 3115; x_wconf 76' lang='grc' dir='ltr'><strong><em>ὑμῖν</em></strong></span> <span class='ocrx_word' id='word_1_241' title='bbox 1298 3044 1299 3047; x_wconf 76' lang='grc'>’</span> 
     </span>
     <span class='ocr_line' id='line_1_30' title="bbox 207 3122 1209 3215; baseline -0.006 -17"><span class='ocrx_word' id='word_1_242' title='bbox 207 3128 263 3198; x_wconf 80' lang='grc' dir='ltr'><strong><em>καὶ</em></strong></span> <span class='ocrx_word' id='word_1_243' title='bbox 277 3129 385 3202; x_wconf 78' lang='grc' dir='ltr'><strong><em>καλῶς</em></strong></span> <span class='ocrx_word' id='word_1_244' title='bbox 400 3129 535 3210; x_wconf 77' lang='grc' dir='ltr'><strong><em>ἔχοντας</em></strong></span> <span class='ocrx_word' id='word_1_245' title='bbox 548 3122 651 3212; x_wconf 86' lang='grc' dir='ltr'><strong><em>ὑμέας</em></strong></span> <span class='ocrx_word' id='word_1_246' title='bbox 665 3123 751 3215; x_wconf 85' lang='grc' dir='ltr'><strong><em>ὁρέω</em></strong></span> <span class='ocrx_word' id='word_1_247' title='bbox 764 3126 886 3214; x_wconf 86' lang='grc' dir='ltr'><strong><em>μέθης,</em></strong></span> <span class='ocrx_word' id='word_1_248' title='bbox 902 3139 1064 3213; x_wconf 82' lang='grc' dir='ltr'><strong><em>γυναίκας</em></strong></span> <span class='ocrx_word' id='word_1_249' title='bbox 1076 3125 1209 3210; x_wconf 89' lang='grc' dir='ltr'><strong><em>ταύτας,</em></strong></span> 
     </span>
     <span class='ocr_line' id='line_1_31' title="bbox 207 3217 1211 3312; baseline -0.002 -19"><span class='ocrx_word' id='word_1_250' title='bbox 207 3227 238 3293; x_wconf 90' lang='grc' dir='ltr'><strong><em>εί</em></strong></span> <span class='ocrx_word' id='word_1_251' title='bbox 256 3217 337 3308; x_wconf 82' lang='grc' dir='ltr'><strong><em>ὑμίν</em></strong></span> <span class='ocrx_word' id='word_1_252' title='bbox 357 3227 457 3307; x_wconf 85' lang='grc' dir='ltr'><strong><em>φίλον</em></strong></span> <span class='ocrx_word' id='word_1_253' title='bbox 477 3223 562 3310; x_wconf 73' lang='grc' dir='ltr'><strong><em>ἐστὶ,</em></strong></span> <span class='ocrx_word' id='word_1_254' title='bbox 589 3221 689 3292; x_wconf 84' lang='grc' dir='ltr'><strong><em>ἀπετε</em></strong></span> <span class='ocrx_word' id='word_1_255' title='bbox 710 3223 915 3311; x_wconf 86' lang='grc' dir='ltr'><strong><em>λούσασθαι,</em></strong></span> <span class='ocrx_word' id='word_1_256' title='bbox 944 3227 1153 3312; x_wconf 87' lang='grc' dir='ltr'><strong><em>λουσαμένας</em></strong></span> <span class='ocrx_word' id='word_1_257' title='bbox 1173 3225 1211 3291; x_wconf 78' lang='grc' dir='ltr'><strong><em>δέ</em></strong></span> 
     </span>
     <span class='ocr_line' id='line_1_32' title="bbox 206 3313 1212 3411; baseline 0.002 -24"><span class='ocrx_word' id='word_1_258' title='bbox 206 3313 312 3389; x_wconf 89' lang='grc' dir='ltr'><strong><em>όπίσω</em></strong></span> <span class='ocrx_word' id='word_1_259' title='bbox 326 3320 562 3406; x_wconf 88' lang='grc' dir='ltr'><strong><em>προσδέκεσθε.</em></strong></span> <span class='ocrx_word' id='word_1_260' title='bbox 587 3330 681 3400; x_wconf 85' lang='grc' dir='ltr'><strong><em>είπας</em></strong></span> <span class='ocrx_word' id='word_1_261' title='bbox 696 3328 816 3411; x_wconf 80' lang='grc' dir='ltr'><strong><em>ταῦτα,</em></strong></span> <span class='ocrx_word' id='word_1_262' title='bbox 832 3323 1029 3394; x_wconf 88' lang='grc' dir='ltr'><strong><em>συνέπαινοι</em></strong></span> <span class='ocrx_word' id='word_1_263' title='bbox 1041 3319 1107 3411; x_wconf 87' lang='grc' dir='ltr'><strong><em>γάρ</em></strong></span> <span class='ocrx_word' id='word_1_264' title='bbox 1121 3315 1212 3411; x_wconf 78' lang='grc' dir='ltr'><strong><em>ἦσαν</em></strong></span> 
     </span>
     <span class='ocr_line' id='line_1_33' title="bbox 206 3416 1211 3512; baseline 0.008 -29"><span class='ocrx_word' id='word_1_265' title='bbox 206 3419 241 3484; x_wconf 90' lang='grc' dir='ltr'><strong><em>οί</em></strong></span> <span class='ocrx_word' id='word_1_266' title='bbox 252 3416 394 3502; x_wconf 87' lang='grc' dir='ltr'><strong><em>Πέρσαι,</em></strong></span> <span class='ocrx_word' id='word_1_267' title='bbox 415 3431 577 3502; x_wconf 84' lang='grc' dir='ltr'><strong><em>γυυαίκας</em></strong></span> <span class='ocrx_word' id='word_1_268' title='bbox 597 3418 661 3505; x_wconf 70' lang='grc' dir='ltr'><strong><em>μέν</em></strong></span> <span class='ocrx_word' id='word_1_269' title='bbox 680 3423 882 3502; x_wconf 80' lang='grc' dir='ltr'><strong><em>ἐξελθούσας</em></strong></span> <span class='ocrx_word' id='word_1_270' title='bbox 903 3420 1074 3510; x_wconf 88' lang='grc' dir='ltr'><strong><em>ἀπέπεμπε</em></strong></span> <span class='ocrx_word' id='word_1_271' title='bbox 1095 3426 1128 3504; x_wconf 86' lang='grc' dir='ltr'><strong><em>ές</em></strong></span> <span class='ocrx_word' id='word_1_272' title='bbox 1148 3421 1211 3512; x_wconf 76' lang='grc' dir='ltr'><strong><em>τὴν</em></strong></span> 
     </span>
    </p>
   </div>
   <div class='ocr_carea' id='block_1_3' title="bbox 0 0 1318 3932">
    <p class='ocr_par' dir='ltr' id='par_1_3' title="bbox 0 0 1318 3932">
     <span class='ocr_line' id='line_1_34' title="bbox 0 0 1318 3932; baseline 0 3"><span class='ocrx_word' id='word_1_273' title='bbox 0 0 1318 3932; x_wconf 95' lang='lat' dir='ltr'><strong><em> </em></strong></span> 
     </span>
    </p>
   </div>
  </div>
 </body>
</html>
