2606 3930
202 216 265 284 εοε
466 236 508 243 >’
590 186 843 282 ιιιιιοοοτι

201 381 330 470 λάβωσι
340 377 421 461 τούς
432 383 572 468 ἑωυτῆς,
584 379 706 467 ἑκάστη
720 377 913 449 ἀντιδάκνει
923 379 979 450 καλ
988 378 1078 461 οὕτω
1087 383 1206 468 ήίπτει.

201 472 296 551 οὗτοι
311 481 347 548 δὲ
362 487 484 567 μοῦνοι
501 479 642 567 Λιβύων
657 485 758 563 τοῦτο
779 479 989 567 ἐργάζονται,
1011 485 1067 550 καὶ
1082 489 1129 573 τῷ
1142 488 1207 571 βα-

201 583 287 649 σιλέϊ
301 585 425 666 μοῦνοι
438 576 498 659 τάς
512 579 707 665 παρθένους
726 578 913 666 μελλούσας
929 582 1117 648 συνοικέειν
1132 582 1209 648 ἐπι-
1281 604 1282 675 ή

202 679 414 748 δεικνύουσι·
434 675 458 766 ή
479 680 516 747 δὲ
532 674 578 747 άν
596 685 643 771 τῷ
664 681 805 767 βασιλέϊ,
817 674 939 766 άρεστή
960 682 1114 767 γένηται,
1134 678 1208 750 ύπὸ
1281 690 1282 697 ’

201 778 325 847 τούτου
339 777 649 869 διαπαρθενεύεται.
671 776 862 865 παρήκουσι
876 775 913 845 δὲ
930 768 1025 846 οὗτοι
1039 783 1073 847 οί
1084 774 1208 866 Ἀδυρ-
1282 802 1283 831 ³

200 879 334 964 μαχίδαι
347 872 405 943 ἀπ’
421 875 597 962 Αἰγύπτου
613 880 709 964 μέχρι
729 877 879 962 λιμένος,
900 881 948 966 τῷ
961 873 1091 965 οὕνομα
1106 883 1207 944 Πλυ-

134 998 183 1054 ιςς
199 973 259 1054 νός
276 977 354 1043 ἐστι.
392 975 582 1044 Τούτυνδδ
594 981 723 1062 ἔχονται
734 973 886 1060 Γιλιγά
891 1001 915 1060 μ
921 1001 1009 1060 μαι,
1023 974 1206 1063 νεμόμενοι
1283 990 1284 1005 ³

198 1071 261 1160 τήν
272 1069 357 1158 πρός
370 1074 514 1161 ἕσπέρην
526 1073 639 1161 χώρην
651 1077 746 1160 μέχρι
756 1069 1010 1160 Ἀφροδισιάδος
1023 1073 1140 1161 νήσου.
1163 1074 1204 1141 έν
1283 1068 1284 1081 ’

199 1171 236 1239 δέ
249 1178 294 1262 τῷ
310 1167 433 1257 μεταξύ
444 1172 577 1241 ’τούτου
588 1172 693 1263 ’χοίρῳ
714 1169 737 1259 ή
750 1197 786 1240 τε
798 1173 931 1240 Πλατέα
951 1177 1054 1259 νῆσος
1073 1173 1203 1241 ἐπικέε-

197 1300 268 1358 ται,
289 1268 353 1359 τήν
374 1278 509 1342 ἔκτισαν
527 1281 734 1363 Κυρηναῖοι,
756 1277 812 1344 καὶ
832 1277 870 1343 ἐν
885 1280 926 1364 τῇ
944 1271 1070 1368 ήπείρφ
1085 1284 1202 1344 Μενε-

101 1456 103 1461 ,
197 1372 291 1452 λάίος
307 1372 409 1458 λιμήν
430 1375 498 1442 έστι
514 1376 570 1442 καὶ
582 1370 722 1460 Ἄζιρις,
742 1369 805 1461 τήν
820 1377 854 1442 οί
867 1380 1058 1461 Κυρηναίοι-
1070 1382 1200 1443 οίκεον·

197 1473 252 1540 καὶ
275 1469 312 1538 τό
338 1478 475 1557 σίλφιον
498 1470 631 1557 άρχεται
655 1469 722 1540 άπό
745 1472 877 1541 τούτου.
911 1473 1054 1560 παρήκει
1074 1472 1111 1541 δέ
1132 1468 1199 1541 άπό

194 1570 345 1654 Πλατέης
359 1567 467 1655 νήσου
481 1572 576 1656 μέχρι
590 1576 652 1637 τοῦ
667 1569 829 1656 στόματος
842 1575 900 1657 τῆς
913 1571 1061 1657 Σύρτιος
1072 1570 1110 1642 τό
1126 1581 1200 1642 σίλ-

196 1691 287 1753 φιον.
319 1664 454 1753 νόμοισι
476 1669 513 1736 δὲ
536 1671 688 1762 χρέονται
711 1660 806 1736 οὗτοι
830 1677 1090 1757 παραπλησίοισι
1114 1685 1198 1739 τοῖσι

128 1785 178 1841 170
195 1767 343 1849 ἑτέροισι.
398 1773 632 1854 Γιλιγαμμίων
656 1764 693 1834 δὲ
718 1772 849 1853 ἔχονται
877 1766 914 1835 τό
947 1765 1032 1852 πρός
1059 1771 1198 1855 ἑσπέρης
1232 1762 1234 1765 ’
1287 1762 1288 1833 Ὗ

191 1862 401 1952 ’Λσβύταν
422 1856 517 1933 οὗτοι
537 1863 574 1933 τό
596 1862 682 1949 ὑπὲρ
698 1867 857 1954 Κυρήνης
876 1869 1031 1935 οἰκέουσι.
1061 1868 1114 1936 ἐπὶ
1128 1866 1198 1936 θά-
1288 1956 1289 1961 ¹

194 1973 323 2035 λασσαν
337 1965 373 2033 δὲ
390 1960 433 2032 ού
449 1965 632 2053 κατήκουσι
644 1962 816 2052 Ἀσβύται·
837 1962 874 2033 τό
886 1962 951 2052 γάρ
963 1964 1053 2052 παρά
1064 1967 1196 2037 θάλασ-

195 2085 260 2158 σαν
275 2071 460 2152 Κυρηναῖοι
474 2067 641 2152 νέμονται.
663 2064 928 2152 τεθριπποβάται
940 2066 976 2135 δὲ
988 2064 1051 2134 ούκ
1065 2064 1193 2153 ήκιστα,

195 2161 279 2235 ύλλιὶ
304 2164 446 2252 μάλιστα
466 2165 606 2252 Λιβύαν
630 2166 709 2251 εἰσὶ,
735 2162 863 2251 νόμους
885 2165 922 2233 δέ
945 2162 1026 2245 τούς
1048 2172 1195 2243 πλεῦνας

128 2290 176 2348 171
194 2267 373 2354 μιμέεσθαι
394 2266 636 2349 ἐπιτηδεύουσιΙ
649 2260 729 2343 τούς
748 2271 962 2351 Κυρηναίων.
1009 2259 1194 2349 Ἀσβυτέαν

194 2367 230 2434 δὲ
250 2371 380 2451 ἔχονται
403 2360 441 2430 τό
464 2361 549 2449 πρός
574 2365 713 2448 ἑσπέρης
736 2360 959 2449 Λύσχίσαι·
987 2352 1080 2429 οὗτοι
1108 2358 1192 2450 ὑπὲρ

192 2463 326 2547 Βάρκης
347 2466 511 2547 οἰκέουσι,
533 2463 733 2548 κατήκοντες
753 2464 805 2532 ἐπὶ
826 2462 1005 2533 θάλασσαν
1026 2459 1100 2531 κατ’
1123 2458 1193 2531 Ex}-

193 2565 376 2643 εσπερίδας.
420 2555 616 2646 Αὐσχισέων
629 2560 666 2626 δὲ
684 2557 766 2627 κατά
782 2563 884 2647 μέσον
903 2569 961 2648 τῆς
980 2559 1090 2648 χεόρης
1104 2562 1192 2629 οίκί·

193 2684 268 2732 ονσι
284 2662 487 2747 Βάκαλες,
511 2658 627 2747 ὀλίγον
640 2665 758 2746 ἔθνος,
781 2661 980 2748 κατήκοντες
993 2664 1046 2731 ἐπὶ
1060 2661 1192 2729 θάλασ-

191 2784 256 2831 σαν
280 2761 364 2832 κατὰ
387 2761 553 2848 Ταύχειρα
580 2760 681 2829 πόλιν
704 2766 762 2845 τῆς
782 2767 965 2846 Βαρκαίης·
995 2760 1129 2847 νόμοισι
1154 2760 1190 2828 δέ

125 2879 175 2938 172
189 2875 274 2930 τοῖσι
290 2861 419 2930 αύτοίσι
433 2865 586 2946 χρίονται
599 2874 685 2928 τοῖσι
700 2862 803 2942 καλοί
816 2858 900 2945 ὑπὲρ
916 2861 1083 2948 Κυρήνης.
1116 2855 1191 2930 Λύ-

190 2966 331 3051 σχισέων
346 2963 383 3030 δὲ
397 2963 528 3031 τούτων
542 2958 579 3030 τό
594 2959 679 3048 πρὸς
694 2963 833 3047 ἑσπέρης
847 2967 976 3048 ἔχονται
991 2968 1028 3030 Ν
1032 2966 1191 3048 ασαμῶ-

189 3087 275 3143 νες,
298 3064 399 3137 ἔθνος
416 3057 473 3127 έόν
487 3056 630 3147 πολλόν,
653 3067 688 3129 οἳ
698 3058 736 3128 τό
751 3065 854 3147 θέρος
867 3067 1121 3140 καταλείποντες
1137 3061 1189 3128 ἐπὶ

188 3171 229 3252 τῇ
242 3160 398 3249 θαλάσση
414 3159 454 3230 τά
474 3163 626 3251 πρόβατα
645 3159 866 3249 άναβαίνουσι
887 3166 922 3243 ἐς
934 3160 1066 3249 Λύγιλα
1080 3171 1190 3249 χώρου

189 3260 412 3347 ὀπωριεῦντες
428 3260 507 3342 τούς
528 3269 699 3350 φοίνικας·
720 3266 754 3329 οί
771 3261 808 3330 δὲ
830 3264 947 3330 πολλοὶ
971 3264 1026 3330 καὶ
1042 3258 1190 3347 άμφιλα-

190 3365 268 3448 φίες
281 3359 469 3448 πεφύκασι,
481 3362 604 3440 πάντες
617 3362 729 3440 ἐόντες
741 3361 963 3448 καρποφόροι.
983 3357 1064 3440 τούς
1080 3359 1116 3426 δὲ
1131 3353 1191 3426 άτ-

189 3463 345 3553 ειλίβους
359 3456 461 3533 ἐπεάν
479 3458 691 3551 θηρεύσωσι,
713 3456 898 3553 αὐήναντες
919 3457 1003 3548 πρὸς
1017 3457 1079 3530 τόν
1091 3457 1187 3551 ήλιον
