2568 3938
214 258 277 324 σεο
321 313 323 318 .
586 242 838 320 ‘amnon

213 425 320 492 ἵππου
340 418 419 502 τοὺς
438 426 607 510 μυκτῆρας
622 433 851 508 προσενεῖκαι,
872 414 933 506 τὸν
947 421 983 488 δὲ
1004 419 1211 507 αἰσθόμενον

214 523 449 614 φριμάξασθαί
459 525 566 592 τεκαὶ
579 526 776 644 χρεμετίσαι

162 634 198 689 88
296 621 441 711 Δαρεῖός
460 649 496 691 τε
516 619 592 709 δή
578 648 596 690 ο
612 620 809 699 Ῥστάσπεος
825 616 984 739 βασιλεὺς
999 615 1210 704 ἀπεδέδεκτο,

216 746 271 790 και
265 712 408 808 ὀίήσαν
419 721 457 788 ἐν
466 745 506 810 τη
491 716 605 809 Ἀσίη
616 718 738 798 πάντες
752 716 925 806 κατήκοοι,
936 713 1024 805 πλήν
1035 713 1211 805 Ἀραβίαν,

216 819 335 925 Κύρου
354 844 389 887 τε
402 819 716 906 καταστρεψαμένου
730 813 823 884 καὶ“
799 835 942 904 υστερου
959 807 1053 894 αὖτις
1067 814 1210 902 Καμβύ-

217 920 291 986 σεω.
331 915 535 1039 Ἀράβιοιδὲ
561 913 692 1004 ούδαμά
711 916 923 1004 κατήκουσαν
946 916 998 983 ἐπὶ
1019 912 1210 1001 δουλοσύνῃ
1278 930 1279 975 3

214 1018 378 1105 Πέρσησι,
399 1013 484 1085 ἀλλά
504 1017 605 1096 ξεῖνοι
621 1017 774 1103 ἐγένοντο
791 1015 950 1103 παρέντες
962 1013 1149 1101 Καμβύσην
1159 1007 1208 1079 έπ
1278 1008 1279 1089 Ῑ

214 1124 404 1203 Αἴγυπτον·
431 1113 685 1204 ἀεκόντωνγάρ
702 1113 865 1205 Ἀραβίων
885 1112 947 1183 οὐκ
971 1111 1015 1183 ἀν
1035 1115 1209 1204 ἐσβάλοιεν

214 1215 340 1302 Πέρσαι
360 1215 394 1292 ἐς
406 1219 588 1300 Αἴγυπτον.
622 1214 750 1302 γάμους
769 1239 806 1283 τε
824 1210 902 1293 τούς
917 1212 1071 1301 πρώτους
1091 1211 1210 1300 ἐγάμεε
1278 1280 1279 1283 ,

214 1310 561 1402 ΠέρσησιὸΔαρείος,
577 1313 695 1400 Κύρου
706 1314 768 1400 μὲν
778 1312 840 1382 δύο
851 1309 1210 1402 θνγατέραςἍτοσσάν
1278 1400 1279 1403 ¹

214 1437 250 1480 τε
261 1415 315 1480 καὶ
326 1408 644 1499 Ἀρταστώυην,τήν
653 1409 885 1499 μὲνἍτοσσαυ
894 1410 1211 1500 προσυνοικήσασαν
1278 1424 1279 1501 j

215 1509 381 1599 Καμβύσῃ
405 1535 442 1578 τε
464 1515 510 1602 τῷ
532 1505 684 1601 ἀδελφεῷ
704 1512 759 1579 καὶ
782 1503 877 1589 αύτις
896 1516 942 1600 τῷ
961 1509 1073 1601 μάγοι,
1094 1505 1156 1597 τήν
1172 1507 1211 1577 δδ
1278 1508 1279 1561 δ

211 1607 442 1695 Ἀρτυστώνην
456 1611 638 1692 παρθένου.
661 1610 777 1696 ἑτέρην
790 1609 828 1677 δὲ
840 1611 1005 1697 Σμέρδιος
1017 1615 1080 1678 τοῦ
1093 1606 1211 1695 Κύρου

214 1711 384 1798 θυγατέρα
405 1713 522 1796 ἔγημε,
543 1715 583 1799 τῇ
604 1705 734 1795 ούνομα
755 1701 799 1796 ήν
817 1707 975 1798 Πάρμυς·
1003 1714 1076 1794 ἔσχε
1097 1706 1134 1774 δὲ
1153 1707 1210 1775 καί

212 1809 275 1900 τήν
295 1817 357 1879 τοῦ
376 1807 517 1879 Ὀτάνεω
541 1811 729 1897 θυγατέρα,
759 1805 782 1896 ή
803 1804 864 1876 τόυ
889 1806 998 1894 μάγον
1020 1804 1210 1892 κατάδηλον
1278 1814 1279 1903 ή

214 1913 355 1997 ἐποίησε.
378 1908 541 1996 δυνάμιός
557 1933 593 1976 τε
608 1907 718 1976 πάντα
733 1910 769 1975 οί
781 1909 971 1993 ἐπίμπλατο.
1000 1909 1133 1991 πρῶτον
1145 1904 1212 1990 μέν
1278 1954 1279 1957 ,

152 2040 154 2045 ’
213 2035 279 2093 νυν
289 2006 397 2077 τύπον
407 2007 630 2096 ποιησάμενος
644 2013 780 2078 λίθινον
793 2011 922 2092 ἔστησε·
944 2009 1029 2095 ζῷον
1039 2004 1079 2071 δέ
1086 2005 1119 2071 οί
1128 2004 1209 2089 ίνήν
1278 2016 1279 2037 λ

213 2103 299 2194 ἀνὴρ
314 2106 450 2193 ίππεύς,
462 2108 626 2193 ἐπέγραψε
637 2100 673 2175 δέ
683 2106 860 2194 γράμματα
870 2106 1008 2191 λέγοντα
1018 2102 1111 2171 τάδε·
1132 2111 1209 2171 Δα-

214 2224 300 2293 ρεῖος
321 2204 551 2285 ὁῪστάσπεος
572 2205 638 2274 σύν
656 2231 692 2275 τε
711 2212 772 2274 τοῦ
788 2208 894 2273 ’ίππου
908 2199 1063 2292 τήάρετή
1076 2197 1128 2291 (τδ
1146 2197 1210 2267 ού-

212 2331 299 2391 νομα
313 2306 434 2390 λέγων)
450 2305 506 2371 καί
517 2301 679 2391 Οἰβάρεος
693 2309 754 2370 τοῦ
768 2299 959 2388 ἱπποκόμου
974 2299 1129 2388 ἐκτήσατο
1143 2295 1208 2386 τήν

165 2416 199 2473 89
215 2401 373 2486 Περσέων
389 2404 574 2486 βασιληίην.
602 2399 751 2487 Ποιήσας
768 2399 804 2468 δὲ
818 2406 921 2468 ταῦτα
935 2401 972 2468 ἐν
982 2402 1129 2487 Πέρσησι
1146 2393 1210 2484 ἀρ-

211 2495 271 2587 χάς
280 2495 500 2585 κατεστήσατο
511 2505 625 2584 είκοσι,
639 2495 698 2578 τάς
713 2495 808 2567 αὐτοὶ
822 2500 977 2567 καλέουσι
989 2501 1209 2587 σατραπηίας·
1278 2524 1279 2527 ’

213 2592 416 2683 καταστήσας
426 2592 528 2675 δδτάς
538 2593 641 2685 ἀρχάς
651 2598 707 2665 καί
718 2594 879 2686 ἀρχοντας
888 2595 1064 2685 ἐπιστήσας
1074 2597 1209 2676 ἐτάξατο

213 2696 342 2784 φόρους
351 2701 387 2766 οί
394 2698 567 2785 προσιέναι
578 2693 661 2765 κατά
674 2696 778 2766 ἔθνεά
789 2723 824 2765 τε
834 2698 890 2766 καί
900 2690 985 2782 πρὸς
994 2709 1080 2764 τοῖσι
1094 2699 1210 2764 ἔθνεσι

212 2792 291 2875 τούς
307 2794 556 2886 πλησιοχώρους
571 2795 807 2884 προστάσσων,
829 2797 885 2864 καί
901 2791 1116 2881 ὑπερβαίνων
1129 2787 1210 2871 τούς

212 2895 407 3013 προσεχέας,
439 2890 480 2963 τά
506 2897 671 2982 ἑκαστέρω
696 2893 826 2964 ἀλλοισι
849 2892 934 2964 ἀλλα
958 2899 1062 2962 ἔθνεα
1086 2896 1207 2979 νέμων.

211 2986 314 3079 ἀρχάς
335 2989 372 3058 δὲ
392 2994 448 3060 καί
468 2992 587 3082 φόρων
607 2993 777 3077 πρόσοδον
797 2991 859 3081 τήν
880 2993 1015 3066 ἐπέτεον
1031 3018 1115 3061 κατα
1103 2988 1210 3059 τάδε

212 3093 328 3157 διεῖλε
350 3100 434 3157 τοῖσι
455 3093 517 3176 μὲν
537 3089 650 3161 αύτών
669 3089 833 3181 ἀργύριον
856 3090 1075 3178 ἀπαγινέουσι
1097 3098 1208 3178 είρητο

210 3186 433 3275 Βαβυλώνιον
455 3188 608 3277 σταθμὸν
630 3191 797 3260 τάλαντον
823 3188 1033 3278 ἀπαγινέειν,
1060 3200 1147 3257 τοῖσι
1170 3184 1209 3256 δὲ

204 3284 758 3380 χρυσίονἀπαγινέουσιΕύβοίκόν.
776 3286 814 3358 τδ
822 3287 860 3358 δέ
866 3286 1085 3376 Βαβυλώνιον
1092 3284 1218 3357 τάλαν·

206 3418 266 3462 τον
278 3389 420 3462 δύναται
430 3388 835 3480 Εὐβοίδαςέβδομήκοντα
847 3390 903 3459 καὶ
917 3386 1004 3459 ὀκτώ
1020 3387 1134 3480 μνέας.
1162 3388 1219 3459 ἐπὶ

205 3490 271 3592 γδρ
281 3489 398 3591 Κύρου
412 3489 641 3587 ἄρχονταςκαὶ
654 3482 1003 3595 αύτιςΚαμβύσεαήν
1016 3487 1219 3593 κατεστηκὸς
