<?xml version="1.0" encoding="UTF-8"?>
<!DOCTYPE html PUBLIC "-//W3C//DTD XHTML 1.0 Transitional//EN"
    "http://www.w3.org/TR/xhtml1/DTD/xhtml1-transitional.dtd">
<html xmlns="http://www.w3.org/1999/xhtml" xml:lang="en" lang="en">
 <head>
  <title>
</title>
<meta http-equiv="Content-Type" content="text/html;charset=utf-8" />
  <meta name='ocr-system' content='tesseract 3.04.00' />
  <meta name='ocr-capabilities' content='ocr_page ocr_carea ocr_par ocr_line ocrx_word'/>
</head>
<body>
  <div class='ocr_page' id='page_1' title='image "./historiarumlibr03herogoog_0640.png"; bbox 0 0 2582 3936; ppageno 0'>
   <div class='ocr_carea' id='block_1_1' title="bbox 340 196 1095 259">
    <p class='ocr_par' dir='ltr' id='par_1_1' title="bbox 340 196 1095 259">
     <span class='ocr_line' id='line_1_1' title="bbox 340 196 1095 259; baseline 0.008 -6"><span class='ocrx_word' id='word_1_1' title='bbox 340 197 424 254; x_wconf 89' lang='lat' dir='ltr'><strong>LIB.</strong></span> <span class='ocrx_word' id='word_1_2' title='bbox 456 198 514 253; x_wconf 90' lang='lat' dir='ltr'><strong>VII.</strong></span> <span class='ocrx_word' id='word_1_3' title='bbox 548 196 646 254; x_wconf 81' lang='lat' dir='ltr'><strong>cAP.</strong></span> <span class='ocrx_word' id='word_1_4' title='bbox 678 200 852 257; x_wconf 71' lang='lat'><strong>233-236.</strong></span> <span class='ocrx_word' id='word_1_5' title='bbox 1032 196 1095 259; x_wconf 70' lang='lat'><strong><em>*22⁸</em></strong></span> 
     </span>
    </p>
   </div>
   <div class='ocr_carea' id='block_1_2' title="bbox 5 352 1156 2114">
    <p class='ocr_par' dir='ltr' id='par_1_2' title="bbox 5 352 1156 2114">
     <span class='ocr_line' id='line_1_2' title="bbox 89 352 1094 443; baseline 0.001 -19"><span class='ocrx_word' id='word_1_6' title='bbox 89 363 148 438; x_wconf 76' lang='grc' dir='ltr'><strong><em>ζον</em></strong></span> <span class='ocrx_word' id='word_1_7' title='bbox 164 359 228 442; x_wconf 81' lang='grc' dir='ltr'><strong><em>ἐφη</em></strong></span> <span class='ocrx_word' id='word_1_8' title='bbox 247 353 331 423; x_wconf 72' lang='grc' dir='ltr'><strong><em>εἶναι</em></strong></span> <span class='ocrx_word' id='word_1_9' title='bbox 348 355 572 442; x_wconf 78' lang='grc' dir='ltr'><em>Σπαρτιήτῃσι</em></span> <span class='ocrx_word' id='word_1_10' title='bbox 591 352 673 421; x_wconf 82' lang='grc' dir='ltr'><strong><em>κατά</em></strong></span> <span class='ocrx_word' id='word_1_11' title='bbox 694 361 751 440; x_wconf 81' lang='grc' dir='ltr'><strong><em>τῆς</em></strong></span> <span class='ocrx_word' id='word_1_12' title='bbox 765 354 939 443; x_wconf 77' lang='grc' dir='ltr'><strong><em>θαλάσσης</em></strong></span> <span class='ocrx_word' id='word_1_13' title='bbox 953 361 1094 426; x_wconf 82' lang='grc' dir='ltr'><strong><em>καταδε-</em></strong></span> 
     </span>
     <span class='ocr_line' id='line_1_3' title="bbox 91 447 1093 540; baseline -0.004 -15"><span class='ocrx_word' id='word_1_14' title='bbox 91 457 230 525; x_wconf 88' lang='grc' dir='ltr'><strong><em>δνκέναι</em></strong></span> <span class='ocrx_word' id='word_1_15' title='bbox 243 461 372 540; x_wconf 82' lang='grc' dir='ltr'><strong><em>μᾶλλον</em></strong></span> <span class='ocrx_word' id='word_1_16' title='bbox 385 447 406 539; x_wconf 87' lang='grc' dir='ltr'><strong><em>ή</em></strong></span> <span class='ocrx_word' id='word_1_17' title='bbox 420 451 611 539; x_wconf 80' lang='grc' dir='ltr'><strong><em>ὑπερέχειν,</em></strong></span> <span class='ocrx_word' id='word_1_18' title='bbox 627 459 694 522; x_wconf 82' lang='grc' dir='ltr'><strong><em>αἰεί</em></strong></span> <span class='ocrx_word' id='word_1_19' title='bbox 701 478 733 521; x_wconf 92' lang='grc' dir='ltr'><strong><em>τι</em></strong></span> <span class='ocrx_word' id='word_1_20' title='bbox 744 457 943 539; x_wconf 73' lang='grc' dir='ltr'><strong><em>προσδοκῶν</em></strong></span> <span class='ocrx_word' id='word_1_21' title='bbox 957 451 1015 521; x_wconf 81' lang='grc' dir='ltr'><strong><em>ἄπ’</em></strong></span> <span class='ocrx_word' id='word_1_22' title='bbox 1029 452 1093 522; x_wconf 84' lang='grc' dir='ltr'><strong><em>αῦ-</em></strong></span> 
     </span>
     <span class='ocr_line' id='line_1_4' title="bbox 87 546 1093 639; baseline -0.002 -19"><span class='ocrx_word' id='word_1_23' title='bbox 87 560 147 639; x_wconf 85' lang='grc' dir='ltr'><strong><em>τής</em></strong></span> <span class='ocrx_word' id='word_1_24' title='bbox 160 559 292 620; x_wconf 87' lang='grc' dir='ltr'><strong><em>τοιοῦτο</em></strong></span> <span class='ocrx_word' id='word_1_25' title='bbox 307 556 454 638; x_wconf 81' lang='grc' dir='ltr'><strong><em>ἔσεσθαι,</em></strong></span> <span class='ocrx_word' id='word_1_26' title='bbox 461 546 544 618; x_wconf 76' lang='grc' dir='ltr'><strong><em>οἷόν</em></strong></span> <span class='ocrx_word' id='word_1_27' title='bbox 555 577 587 617; x_wconf 89' lang='grc' dir='ltr'><strong><em>τι</em></strong></span> <span class='ocrx_word' id='word_1_28' title='bbox 598 547 664 636; x_wconf 79' lang='grc' dir='ltr'><strong><em>ἐγω</em></strong></span> <span class='ocrx_word' id='word_1_29' title='bbox 676 551 858 638; x_wconf 74' lang='grc' dir='ltr'><strong><em>ἐξηγέομαι,</em></strong></span> <span class='ocrx_word' id='word_1_30' title='bbox 874 550 948 621; x_wconf 80' lang='grc' dir='ltr'><strong><em>οὔτι</em></strong></span> <span class='ocrx_word' id='word_1_31' title='bbox 958 550 1019 620; x_wconf 84' lang='grc' dir='ltr'><strong><em>τόν</em></strong></span> <span class='ocrx_word' id='word_1_32' title='bbox 1030 549 1093 619; x_wconf 85' lang='grc' dir='ltr'><strong><em>σὸν</em></strong></span> 
     </span>
     <span class='ocr_line' id='line_1_5' title="bbox 87 645 1093 738; baseline -0.004 -20"><span class='ocrx_word' id='word_1_33' title='bbox 87 651 211 719; x_wconf 83' lang='grc' dir='ltr'><strong><em>στόλον</em></strong></span> <span class='ocrx_word' id='word_1_34' title='bbox 225 647 406 736; x_wconf 80' lang='grc' dir='ltr'><strong><em>προειδός,</em></strong></span> <span class='ocrx_word' id='word_1_35' title='bbox 427 645 511 717; x_wconf 85' lang='grc' dir='ltr'><strong><em>άλλά</em></strong></span> <span class='ocrx_word' id='word_1_36' title='bbox 532 649 641 715; x_wconf 91' lang='grc' dir='ltr'><strong><em>πάντα</em></strong></span> <span class='ocrx_word' id='word_1_37' title='bbox 663 645 783 734; x_wconf 86' lang='grc' dir='ltr'><strong><em>ὁμοίως</em></strong></span> <span class='ocrx_word' id='word_1_38' title='bbox 804 650 1010 738; x_wconf 78' lang='grc' dir='ltr'><strong><em>φοβεόμενος</em></strong></span> <span class='ocrx_word' id='word_1_39' title='bbox 1030 647 1093 715; x_wconf 89' lang='grc' dir='ltr'><strong><em>άν-</em></strong></span> 
     </span>
     <span class='ocr_line' id='line_1_6' title="bbox 88 739 1093 836; baseline -0.004 -19"><span class='ocrx_word' id='word_1_40' title='bbox 88 754 181 836; x_wconf 81' lang='grc' dir='ltr'><strong><em>δρῦν</em></strong></span> <span class='ocrx_word' id='word_1_41' title='bbox 196 748 326 816; x_wconf 85' lang='grc' dir='ltr'><strong><em>στόλον.</em></strong></span> <span class='ocrx_word' id='word_1_42' title='bbox 355 751 391 816; x_wconf 85' lang='grc' dir='ltr'><strong><em>ἐκ</em></strong></span> <span class='ocrx_word' id='word_1_43' title='bbox 410 746 534 832; x_wconf 79' lang='grc' dir='ltr'><strong><em>ταύτης</em></strong></span> <span class='ocrx_word' id='word_1_44' title='bbox 549 739 597 813; x_wconf 75' lang='grc' dir='ltr'><strong><em>ὦν</em></strong></span> <span class='ocrx_word' id='word_1_45' title='bbox 614 754 670 833; x_wconf 82' lang='grc' dir='ltr'><strong><em>τῆς</em></strong></span> <span class='ocrx_word' id='word_1_46' title='bbox 687 746 794 833; x_wconf 81' lang='grc' dir='ltr'><strong><em>νήσου</em></strong></span> <span class='ocrx_word' id='word_1_47' title='bbox 811 744 1010 835; x_wconf 87' lang='grc' dir='ltr'><strong><em>ὁρμεόμενοι</em></strong></span> <span class='ocrx_word' id='word_1_48' title='bbox 1027 773 1093 833; x_wconf 84' lang='grc' dir='ltr'><strong><em>(μο-</em></strong></span> 
     </span>
     <span class='ocr_line' id='line_1_7' title="bbox 38 843 1092 934; baseline -0.005 -19"><span class='ocrx_word' id='word_1_49' title='bbox 38 850 44 857; x_wconf 78' lang='grc'>’</span> <span class='ocrx_word' id='word_1_50' title='bbox 86 847 240 934; x_wconf 80' lang='grc' dir='ltr'><strong><em>βεόντων</em></strong></span> <span class='ocrx_word' id='word_1_51' title='bbox 250 843 329 925; x_wconf 87' lang='grc' dir='ltr'><strong><em>τοῦς</em></strong></span> <span class='ocrx_word' id='word_1_52' title='bbox 338 849 633 931; x_wconf 86' lang='grc' dir='ltr'><strong><em>Λακεδαιμονίους.</em></strong></span> <span class='ocrx_word' id='word_1_53' title='bbox 649 851 813 931; x_wconf 80' lang='grc' dir='ltr'><strong><em>παροίκου</em></strong></span> <span class='ocrx_word' id='word_1_54' title='bbox 825 847 861 913; x_wconf 75' lang='grc' dir='ltr'><strong><em>δὲ</em></strong></span> <span class='ocrx_word' id='word_1_55' title='bbox 872 847 1019 932; x_wconf 85' lang='grc' dir='ltr'><strong><em>πολέμου</em></strong></span> <span class='ocrx_word' id='word_1_56' title='bbox 1031 866 1092 929; x_wconf 79' lang='grc' dir='ltr'><strong><em>σφι</em></strong></span> 
     </span>
     <span class='ocr_line' id='line_1_8' title="bbox 87 942 1091 1032; baseline -0.002 -18"><span class='ocrx_word' id='word_1_57' title='bbox 87 945 203 1023; x_wconf 82' lang='grc' dir='ltr'><strong><em>ἐόντος</em></strong></span> <span class='ocrx_word' id='word_1_58' title='bbox 220 949 350 1029; x_wconf 79' lang='grc' dir='ltr'><strong><em>οἰκηίου</em></strong></span> <span class='ocrx_word' id='word_1_59' title='bbox 370 942 471 1013; x_wconf 76' lang='grc' dir='ltr'><strong><em>οῦδὲν</em></strong></span> <span class='ocrx_word' id='word_1_60' title='bbox 492 945 597 1012; x_wconf 78' lang='grc' dir='ltr'><strong><em>δεινοί</em></strong></span> <span class='ocrx_word' id='word_1_61' title='bbox 617 948 753 1012; x_wconf 77' lang='grc' dir='ltr'><strong><em>ἔσονταί</em></strong></span> <span class='ocrx_word' id='word_1_62' title='bbox 763 970 831 1030; x_wconf 91' lang='grc' dir='ltr'><strong><em>τοι,</em></strong></span> <span class='ocrx_word' id='word_1_63' title='bbox 851 943 896 1032; x_wconf 82' lang='grc' dir='ltr'><strong><em>μή</em></strong></span> <span class='ocrx_word' id='word_1_64' title='bbox 913 954 969 1032; x_wconf 82' lang='grc' dir='ltr'><strong><em>τῆς</em></strong></span> <span class='ocrx_word' id='word_1_65' title='bbox 989 944 1091 1031; x_wconf 86' lang='grc' dir='ltr'><strong><em>άλλης</em></strong></span> 
     </span>
     <span class='ocr_line' id='line_1_9' title="bbox 81 1041 1089 1133; baseline -0.002 -20"><span class='ocrx_word' id='word_1_66' title='bbox 81 1041 240 1122; x_wconf 82' lang='grc' dir='ltr'><strong><em>Ἐλλάδος</em></strong></span> <span class='ocrx_word' id='word_1_67' title='bbox 259 1041 478 1131; x_wconf 79' lang='grc' dir='ltr'><strong><em>ἁλισκομένης</em></strong></span> <span class='ocrx_word' id='word_1_68' title='bbox 498 1041 564 1112; x_wconf 82' lang='grc' dir='ltr'><strong><em>ὑπὸ</em></strong></span> <span class='ocrx_word' id='word_1_69' title='bbox 587 1049 648 1111; x_wconf 89' lang='grc' dir='ltr'><strong><em>τοῦ</em></strong></span> <span class='ocrx_word' id='word_1_70' title='bbox 663 1048 763 1124; x_wconf 77' lang='grc' dir='ltr'><strong><em>πεζοῦ</em></strong></span> <span class='ocrx_word' id='word_1_71' title='bbox 784 1046 953 1130; x_wconf 74' lang='grc' dir='ltr'><strong><em>βοηθέωσι</em></strong></span> <span class='ocrx_word' id='word_1_72' title='bbox 975 1045 1089 1133; x_wconf 79' lang='grc' dir='ltr'><strong><em>ταύτῃ.</em></strong></span> 
     </span>
     <span class='ocr_line' id='line_1_10' title="bbox 67 1138 1088 1232; baseline -0.007 -18"><span class='ocrx_word' id='word_1_73' title='bbox 67 1226 72 1232; x_wconf 18' lang='lat'><em>⁶</em></span> <span class='ocrx_word' id='word_1_74' title='bbox 88 1146 400 1230; x_wconf 74' lang='grc' dir='ltr'><strong><em>καταδουλωθείσης</em></strong></span> <span class='ocrx_word' id='word_1_75' title='bbox 413 1144 449 1211; x_wconf 72' lang='grc' dir='ltr'><strong><em>δὲ</em></strong></span> <span class='ocrx_word' id='word_1_76' title='bbox 460 1150 518 1229; x_wconf 81' lang='grc' dir='ltr'><strong><em>τῆς</em></strong></span> <span class='ocrx_word' id='word_1_77' title='bbox 532 1140 633 1228; x_wconf 85' lang='grc' dir='ltr'><strong><em>άλλης</em></strong></span> <span class='ocrx_word' id='word_1_78' title='bbox 642 1138 809 1227; x_wconf 75' lang='grc' dir='ltr'><strong><em>Ἑλλάδος,</em></strong></span> <span class='ocrx_word' id='word_1_79' title='bbox 825 1138 966 1219; x_wconf 69' lang='grc' dir='ltr'><strong><em>ἀσθενὲς</em></strong></span> <span class='ocrx_word' id='word_1_80' title='bbox 977 1139 1040 1229; x_wconf 80' lang='grc' dir='ltr'><strong><em>ήδη</em></strong></span> <span class='ocrx_word' id='word_1_81' title='bbox 1052 1139 1088 1207; x_wconf 86' lang='grc' dir='ltr'><strong><em>τό</em></strong></span> 
     </span>
     <span class='ocr_line' id='line_1_11' title="bbox 87 1232 1091 1326; baseline -0.006 -17"><span class='ocrx_word' id='word_1_82' title='bbox 87 1236 288 1310; x_wconf 81' lang='grc' dir='ltr'><strong><em>Λακωνικὸν</em></strong></span> <span class='ocrx_word' id='word_1_83' title='bbox 297 1246 426 1326; x_wconf 85' lang='grc' dir='ltr'><strong><em>μοῦνον</em></strong></span> <span class='ocrx_word' id='word_1_84' title='bbox 437 1245 591 1309; x_wconf 85' lang='grc' dir='ltr'><strong><em>λείπεται.</em></strong></span> <span class='ocrx_word' id='word_1_85' title='bbox 614 1232 658 1324; x_wconf 86' lang='grc' dir='ltr'><strong><em>ήν</em></strong></span> <span class='ocrx_word' id='word_1_86' title='bbox 668 1239 705 1305; x_wconf 69' lang='grc' dir='ltr'><strong><em>δέ</em></strong></span> <span class='ocrx_word' id='word_1_87' title='bbox 718 1245 822 1305; x_wconf 87' lang='grc' dir='ltr'><strong><em>ταῦτα</em></strong></span> <span class='ocrx_word' id='word_1_88' title='bbox 832 1233 877 1324; x_wconf 87' lang='grc' dir='ltr'><strong><em>μή</em></strong></span> <span class='ocrx_word' id='word_1_89' title='bbox 889 1244 996 1326; x_wconf 80' lang='grc' dir='ltr'><strong><em>ποιῇς,</em></strong></span> <span class='ocrx_word' id='word_1_90' title='bbox 1011 1236 1091 1304; x_wconf 90' lang='grc' dir='ltr'><strong><em>τάδε</em></strong></span> 
     </span>
     <span class='ocr_line' id='line_1_12' title="bbox 86 1332 1090 1426; baseline -0.006 -19"><span class='ocrx_word' id='word_1_91' title='bbox 86 1366 139 1407; x_wconf 88' lang='grc' dir='ltr'><strong><em>τοι</em></strong></span> <span class='ocrx_word' id='word_1_92' title='bbox 160 1338 331 1426; x_wconf 86' lang='grc' dir='ltr'><strong><em>προσδόκα</em></strong></span> <span class='ocrx_word' id='word_1_93' title='bbox 347 1344 500 1407; x_wconf 84' lang='grc' dir='ltr'><strong><em>ἔσεσθαι·</em></strong></span> <span class='ocrx_word' id='word_1_94' title='bbox 529 1343 597 1406; x_wconf 80' lang='grc' dir='ltr'><strong><em>ἐστι</em></strong></span> <span class='ocrx_word' id='word_1_95' title='bbox 617 1343 674 1424; x_wconf 83' lang='grc' dir='ltr'><strong><em>τῆς</em></strong></span> <span class='ocrx_word' id='word_1_96' title='bbox 687 1335 952 1424; x_wconf 88' lang='grc' dir='ltr'><strong><em>Πελοποννήσου</em></strong></span> <span class='ocrx_word' id='word_1_97' title='bbox 969 1332 1090 1419; x_wconf 83' lang='grc' dir='ltr'><strong><em>ἰσθμός</em></strong></span> 
     </span>
     <span class='ocr_line' id='line_1_13' title="bbox 86 1436 1090 1529; baseline -0.008 -23"><span class='ocrx_word' id='word_1_98' title='bbox 86 1437 233 1516; x_wconf 86' lang='grc' dir='ltr'><strong><em>στεινός·</em></strong></span> <span class='ocrx_word' id='word_1_99' title='bbox 245 1439 282 1506; x_wconf 89' lang='grc' dir='ltr'><strong><em>έν</em></strong></span> <span class='ocrx_word' id='word_1_100' title='bbox 292 1437 400 1529; x_wconf 78' lang='grc' dir='ltr'><strong><em>τούτῳ</em></strong></span> <span class='ocrx_word' id='word_1_101' title='bbox 410 1445 455 1528; x_wconf 77' lang='grc' dir='ltr'><strong><em>τῷ</em></strong></span> <span class='ocrx_word' id='word_1_102' title='bbox 463 1437 559 1527; x_wconf 79' lang='grc' dir='ltr'><strong><em>γάρῳ</em></strong></span> <span class='ocrx_word' id='word_1_103' title='bbox 570 1436 996 1520; x_wconf 82' lang='grc' dir='ltr'><strong><em>πάντωνΠελοποννησέων</em></strong></span> <span class='ocrx_word' id='word_1_104' title='bbox 1006 1451 1090 1500; x_wconf 88' lang='grc' dir='ltr'><strong><em>συν-</em></strong></span> 
     </span>
     <span class='ocr_line' id='line_1_14' title="bbox 89 1531 1090 1621; baseline -0.005 -19"><span class='ocrx_word' id='word_1_105' title='bbox 89 1533 285 1620; x_wconf 85' lang='grc' dir='ltr'><strong><em>ομοσάντων</em></strong></span> <span class='ocrx_word' id='word_1_106' title='bbox 300 1539 353 1604; x_wconf 80' lang='grc' dir='ltr'><strong><em>ἐπί</em></strong></span> <span class='ocrx_word' id='word_1_107' title='bbox 374 1537 426 1604; x_wconf 83' lang='grc' dir='ltr'><strong><em>σοί</em></strong></span> <span class='ocrx_word' id='word_1_108' title='bbox 446 1536 551 1621; x_wconf 83' lang='grc' dir='ltr'><strong><em>μάχας</em></strong></span> <span class='ocrx_word' id='word_1_109' title='bbox 566 1535 779 1620; x_wconf 82' lang='grc' dir='ltr'><strong><em>ἰσχυροτέρας</em></strong></span> <span class='ocrx_word' id='word_1_110' title='bbox 792 1531 894 1610; x_wconf 84' lang='grc' dir='ltr'><strong><em>άλλας</em></strong></span> <span class='ocrx_word' id='word_1_111' title='bbox 909 1539 976 1599; x_wconf 76' lang='grc' dir='ltr'><strong><em>τῶν</em></strong></span> <span class='ocrx_word' id='word_1_112' title='bbox 991 1556 1090 1618; x_wconf 90' lang='grc' dir='ltr'><strong><em>γενο-</em></strong></span> 
     </span>
     <span class='ocr_line' id='line_1_15' title="bbox 87 1626 1085 1718; baseline -0.005 -19"><span class='ocrx_word' id='word_1_113' title='bbox 87 1635 200 1717; x_wconf 80' lang='grc' dir='ltr'><strong><em>μένων</em></strong></span> <span class='ocrx_word' id='word_1_114' title='bbox 214 1638 396 1718; x_wconf 87' lang='grc' dir='ltr'><strong><em>προσδέκεο</em></strong></span> <span class='ocrx_word' id='word_1_115' title='bbox 411 1639 550 1702; x_wconf 80' lang='grc' dir='ltr'><strong><em>ἔσεσθαί</em></strong></span> <span class='ocrx_word' id='word_1_116' title='bbox 561 1657 622 1700; x_wconf 90' lang='grc' dir='ltr'><strong><em>τοι.</em></strong></span> <span class='ocrx_word' id='word_1_117' title='bbox 646 1634 752 1699; x_wconf 78' lang='grc' dir='ltr'><strong><em>έκεῖνο</em></strong></span> <span class='ocrx_word' id='word_1_118' title='bbox 768 1631 805 1698; x_wconf 75' lang='grc' dir='ltr'><strong><em>δέ</em></strong></span> <span class='ocrx_word' id='word_1_119' title='bbox 815 1630 990 1717; x_wconf 89' lang='grc' dir='ltr'><strong><em>ποιήσαντι</em></strong></span> <span class='ocrx_word' id='word_1_120' title='bbox 1003 1626 1085 1714; x_wconf 86' lang='grc' dir='ltr'><strong><em>άμα-</em></strong></span> 
     </span>
     <span class='ocr_line' id='line_1_16' title="bbox 85 1721 1086 1816; baseline -0.005 -20"><span class='ocrx_word' id='word_1_121' title='bbox 85 1731 158 1815; x_wconf 76' lang='grc' dir='ltr'><strong><em>χητὶ</em></strong></span> <span class='ocrx_word' id='word_1_122' title='bbox 179 1727 199 1795; x_wconf 83' lang='grc' dir='ltr'><strong><em>ό</em></strong></span> <span class='ocrx_word' id='word_1_123' title='bbox 220 1755 256 1795; x_wconf 87' lang='grc' dir='ltr'><strong><em>τε</em></strong></span> <span class='ocrx_word' id='word_1_124' title='bbox 276 1727 398 1816; x_wconf 80' lang='grc' dir='ltr'><strong><em>ἰσθμός</em></strong></span> <span class='ocrx_word' id='word_1_125' title='bbox 420 1721 518 1808; x_wconf 82' lang='grc' dir='ltr'><strong><em>οὗτος</em></strong></span> <span class='ocrx_word' id='word_1_126' title='bbox 539 1732 649 1797; x_wconf 78' lang='grc' dir='ltr'><strong><em>καλαί</em></strong></span> <span class='ocrx_word' id='word_1_127' title='bbox 667 1728 779 1808; x_wconf 89' lang='grc' dir='ltr'><strong><em>πόλιες</em></strong></span> <span class='ocrx_word' id='word_1_128' title='bbox 800 1727 1086 1815; x_wconf 77' lang='grc' dir='ltr'><strong><em>προσχωρήσουσι.</em></strong></span> 
     </span>
     <span class='ocr_line' id='line_1_17' title="bbox 86 1822 1156 1913; baseline -0.001 -18"><span class='ocrx_word' id='word_1_129' title='bbox 86 1833 186 1912; x_wconf 85' lang='grc' dir='ltr'><strong><em>Λέγει</em></strong></span> <span class='ocrx_word' id='word_1_130' title='bbox 206 1824 291 1912; x_wconf 82' lang='grc' dir='ltr'><strong><em>μετά</em></strong></span> <span class='ocrx_word' id='word_1_131' title='bbox 305 1834 426 1894; x_wconf 88' lang='grc' dir='ltr'><strong><em>τοῦτον</em></strong></span> <span class='ocrx_word' id='word_1_132' title='bbox 443 1825 634 1913; x_wconf 85' lang='grc' dir='ltr'><strong><em>Ἀχαιμένης</em></strong></span> <span class='ocrx_word' id='word_1_133' title='bbox 651 1825 813 1912; x_wconf 88' lang='grc' dir='ltr'><strong><em>άδελφεός</em></strong></span> <span class='ocrx_word' id='word_1_134' title='bbox 827 1851 863 1893; x_wconf 87' lang='grc' dir='ltr'><strong><em>τε</em></strong></span> <span class='ocrx_word' id='word_1_135' title='bbox 884 1822 949 1892; x_wconf 74' lang='grc' dir='ltr'><strong><em>έοῦν</em></strong></span> <span class='ocrx_word' id='word_1_136' title='bbox 963 1827 1091 1908; x_wconf 75' lang='grc' dir='ltr'><strong><em>Ξέρξεω</em></strong></span> <span class='ocrx_word' id='word_1_137' title='bbox 1105 1838 1156 1894; x_wconf 72' lang='lat'><strong><em>2³6</em></strong></span> 
     </span>
     <span class='ocr_line' id='line_1_18' title="bbox 5 1918 1088 2011; baseline -0.007 -16"><span class='ocrx_word' id='word_1_138' title='bbox 5 1930 7 1963; x_wconf 60' lang='lat'><strong>³</strong></span> <span class='ocrx_word' id='word_1_139' title='bbox 86 1929 142 1995; x_wconf 81' lang='grc' dir='ltr'><strong><em>καὶ</em></strong></span> <span class='ocrx_word' id='word_1_140' title='bbox 157 1931 217 1992; x_wconf 89' lang='grc' dir='ltr'><strong><em>τοῦ</em></strong></span> <span class='ocrx_word' id='word_1_141' title='bbox 232 1932 394 1991; x_wconf 86' lang='grc' dir='ltr'><strong><em>ναυτικοῦ</em></strong></span> <span class='ocrx_word' id='word_1_142' title='bbox 411 1932 556 2010; x_wconf 93' lang='grc' dir='ltr'><strong><em>στρατοῦ</em></strong></span> <span class='ocrx_word' id='word_1_143' title='bbox 570 1921 766 2011; x_wconf 86' lang='grc' dir='ltr'><strong><em>στρατηγός,</em></strong></span> <span class='ocrx_word' id='word_1_144' title='bbox 782 1918 983 2011; x_wconf 80' lang='grc' dir='ltr'><strong><em>παρατυχόν</em></strong></span> <span class='ocrx_word' id='word_1_145' title='bbox 996 1946 1032 1988; x_wconf 91' lang='grc' dir='ltr'><strong><em>τε</em></strong></span> <span class='ocrx_word' id='word_1_146' title='bbox 1043 1927 1088 2011; x_wconf 78' lang='grc' dir='ltr'><strong><em>τῷ</em></strong></span> 
     </span>
     <span class='ocr_line' id='line_1_19' title="bbox 87 2020 1087 2114; baseline -0.008 -21"><span class='ocrx_word' id='word_1_147' title='bbox 87 2024 175 2114; x_wconf 79' lang='grc' dir='ltr'><strong><em>λόγῳ</em></strong></span> <span class='ocrx_word' id='word_1_148' title='bbox 191 2025 246 2090; x_wconf 80' lang='grc' dir='ltr'><strong><em>καί</em></strong></span> <span class='ocrx_word' id='word_1_149' title='bbox 260 2027 385 2108; x_wconf 85' lang='grc' dir='ltr'><strong><em>δείσας,</em></strong></span> <span class='ocrx_word' id='word_1_150' title='bbox 406 2020 451 2108; x_wconf 84' lang='grc' dir='ltr'><strong><em>μή</em></strong></span> <span class='ocrx_word' id='word_1_151' title='bbox 468 2020 673 2111; x_wconf 78' lang='grc' dir='ltr'><strong><em>ἀναγνωσθῇ</em></strong></span> <span class='ocrx_word' id='word_1_152' title='bbox 687 2024 808 2109; x_wconf 75' lang='grc' dir='ltr'><strong><em>Ξέρξης</em></strong></span> <span class='ocrx_word' id='word_1_153' title='bbox 828 2023 954 2089; x_wconf 84' lang='grc' dir='ltr'><strong><em>ποιέειν</em></strong></span> <span class='ocrx_word' id='word_1_154' title='bbox 968 2026 1087 2090; x_wconf 87' lang='grc' dir='ltr'><strong><em>ταῦτα·</em></strong></span> 
     </span>
    </p>
   </div>
   <div class='ocr_carea' id='block_1_3' title="bbox 87 2114 1098 2604">
    <p class='ocr_par' dir='ltr' id='par_1_3' title="bbox 87 2114 1098 2604">
     <span class='ocr_line' id='line_1_20' title="bbox 90 2114 1088 2210; baseline -0.008 -18"><span class='ocrx_word' id='word_1_155' title='bbox 90 2119 129 2192; x_wconf 73' lang='grc' dir='ltr'><em>Ὦ</em></span> <span class='ocrx_word' id='word_1_156' title='bbox 141 2129 290 2210; x_wconf 83' lang='grc' dir='ltr'><strong><em>βασιλεῦ,</em></strong></span> <span class='ocrx_word' id='word_1_157' title='bbox 298 2118 384 2209; x_wconf 87' lang='grc' dir='ltr'><strong><em>ὁρέω</em></strong></span> <span class='ocrx_word' id='word_1_158' title='bbox 396 2140 433 2189; x_wconf 92' lang='grc' dir='ltr'><strong><em>σε</em></strong></span> <span class='ocrx_word' id='word_1_159' title='bbox 444 2118 568 2206; x_wconf 88' lang='grc' dir='ltr'><strong><em>άνδρός</em></strong></span> <span class='ocrx_word' id='word_1_160' title='bbox 579 2121 799 2208; x_wconf 85' lang='grc' dir='ltr'><strong><em>ἐνδεκόμενον</em></strong></span> <span class='ocrx_word' id='word_1_161' title='bbox 808 2119 941 2205; x_wconf 90' lang='grc' dir='ltr'><strong><em>λόγους,</em></strong></span> <span class='ocrx_word' id='word_1_162' title='bbox 950 2114 986 2197; x_wconf 79' lang='grc' dir='ltr'><strong><em>ὃς</em></strong></span> <span class='ocrx_word' id='word_1_163' title='bbox 997 2128 1088 2204; x_wconf 83' lang='grc' dir='ltr'><strong><em>φθο-</em></strong></span> 
     </span>
     <span class='ocr_line' id='line_1_21' title="bbox 87 2214 1085 2308; baseline -0.007 -17"><span class='ocrx_word' id='word_1_164' title='bbox 87 2226 154 2291; x_wconf 88' lang='grc' dir='ltr'><strong><em>νέει</em></strong></span> <span class='ocrx_word' id='word_1_165' title='bbox 168 2248 220 2289; x_wconf 89' lang='grc' dir='ltr'><strong><em>τοι</em></strong></span> <span class='ocrx_word' id='word_1_166' title='bbox 234 2214 274 2289; x_wconf 84' lang='grc' dir='ltr'><strong><em>εῦ</em></strong></span> <span class='ocrx_word' id='word_1_167' title='bbox 295 2219 477 2307; x_wconf 82' lang='grc' dir='ltr'><strong><em>πρήσσοντι</em></strong></span> <span class='ocrx_word' id='word_1_168' title='bbox 497 2216 588 2307; x_wconf 81' lang='grc' dir='ltr'><strong><em>ήκαὶ</em></strong></span> <span class='ocrx_word' id='word_1_169' title='bbox 609 2224 766 2306; x_wconf 77' lang='grc' dir='ltr'><strong><em>προδιδοῖ</em></strong></span> <span class='ocrx_word' id='word_1_170' title='bbox 781 2218 957 2308; x_wconf 89' lang='grc' dir='ltr'><strong><em>πρήγματα</em></strong></span> <span class='ocrx_word' id='word_1_171' title='bbox 975 2215 1016 2285; x_wconf 84' lang='grc' dir='ltr'><strong><em>τά</em></strong></span> <span class='ocrx_word' id='word_1_172' title='bbox 1034 2217 1085 2285; x_wconf 89' lang='grc' dir='ltr'><strong><em>σά.</em></strong></span> 
     </span>
     <span class='ocr_line' id='line_1_22' title="bbox 87 2314 1087 2406; baseline -0.008 -16"><span class='ocrx_word' id='word_1_173' title='bbox 87 2323 141 2390; x_wconf 77' lang='grc' dir='ltr'><strong><em>καί</em></strong></span> <span class='ocrx_word' id='word_1_174' title='bbox 151 2316 216 2406; x_wconf 81' lang='grc' dir='ltr'><strong><em>γάρ</em></strong></span> <span class='ocrx_word' id='word_1_175' title='bbox 228 2316 268 2404; x_wconf 86' lang='grc' dir='ltr'><strong><em>δή</em></strong></span> <span class='ocrx_word' id='word_1_176' title='bbox 280 2321 335 2388; x_wconf 81' lang='grc' dir='ltr'><strong><em>καί</em></strong></span> <span class='ocrx_word' id='word_1_177' title='bbox 345 2318 499 2402; x_wconf 89' lang='grc' dir='ltr'><strong><em>τρόποισι</em></strong></span> <span class='ocrx_word' id='word_1_178' title='bbox 510 2317 691 2386; x_wconf 78' lang='grc' dir='ltr'><strong><em>τοιούτοισι</em></strong></span> <span class='ocrx_word' id='word_1_179' title='bbox 705 2316 879 2405; x_wconf 84' lang='grc' dir='ltr'><strong><em>χρεόμενοι</em></strong></span> <span class='ocrx_word' id='word_1_180' title='bbox 893 2314 1087 2402; x_wconf 75' lang='grc' dir='ltr'><strong><em>οίἝλληνες</em></strong></span> 
     </span>
     <span class='ocr_line' id='line_1_23' title="bbox 87 2413 1088 2505; baseline -0.006 -19"><span class='ocrx_word' id='word_1_181' title='bbox 87 2424 254 2504; x_wconf 71' lang='grc' dir='ltr'><strong><em>χαίρουσα</em></strong></span> <span class='ocrx_word' id='word_1_182' title='bbox 282 2424 343 2485; x_wconf 86' lang='grc' dir='ltr'><strong><em>τοῦ</em></strong></span> <span class='ocrx_word' id='word_1_183' title='bbox 363 2442 399 2484; x_wconf 90' lang='grc' dir='ltr'><strong><em>τε</em></strong></span> <span class='ocrx_word' id='word_1_184' title='bbox 416 2413 585 2505; x_wconf 82' lang='grc' dir='ltr'><strong><em>εὐτυχέειν</em></strong></span> <span class='ocrx_word' id='word_1_185' title='bbox 602 2417 790 2502; x_wconf 86' lang='grc' dir='ltr'><strong><em>φθονέουσι</em></strong></span> <span class='ocrx_word' id='word_1_186' title='bbox 811 2419 865 2483; x_wconf 79' lang='grc' dir='ltr'><strong><em>καί</em></strong></span> <span class='ocrx_word' id='word_1_187' title='bbox 885 2413 922 2482; x_wconf 84' lang='grc' dir='ltr'><strong><em>τό</em></strong></span> <span class='ocrx_word' id='word_1_188' title='bbox 945 2419 1088 2502; x_wconf 91' lang='grc' dir='ltr'><strong><em>κρέσσον</em></strong></span> 
     </span>
     <span class='ocr_line' id='line_1_24' title="bbox 88 2512 1098 2604; baseline -0.005 -21"><span class='ocrx_word' id='word_1_189' title='bbox 88 2517 272 2599; x_wconf 85' lang='grc' dir='ltr'><strong><em>στυγέουσι.</em></strong></span> <span class='ocrx_word' id='word_1_190' title='bbox 296 2521 325 2582; x_wconf 82' lang='grc' dir='ltr'><strong><em>εί</em></strong></span> <span class='ocrx_word' id='word_1_191' title='bbox 339 2512 370 2581; x_wconf 84' lang='grc' dir='ltr'><strong><em>δ’</em></strong></span> <span class='ocrx_word' id='word_1_192' title='bbox 388 2516 440 2582; x_wconf 78' lang='grc' dir='ltr'><strong><em>ἐπὶ</em></strong></span> <span class='ocrx_word' id='word_1_193' title='bbox 455 2522 529 2602; x_wconf 78' lang='grc' dir='ltr'><strong><em>τῇσι</em></strong></span> <span class='ocrx_word' id='word_1_194' title='bbox 548 2512 756 2602; x_wconf 77' lang='grc' dir='ltr'><strong><em>παρεούσῃσι</em></strong></span> <span class='ocrx_word' id='word_1_195' title='bbox 764 2512 906 2603; x_wconf 29' lang='grc' dir='ltr'><strong><em>(τύχῃσι,</em></strong></span> <span class='ocrx_word' id='word_1_196' title='bbox 931 2519 977 2604; x_wconf 79' lang='grc' dir='ltr'><strong><em>τῷ</em></strong></span> <span class='ocrx_word' id='word_1_197' title='bbox 1017 2514 1098 2589; x_wconf 80' lang='grc' dir='ltr'><strong><em>νέες</em></strong></span> 
     </span>
    </p>
   </div>
   <div class='ocr_carea' id='block_1_4' title="bbox 5 2609 1141 3490">
    <p class='ocr_par' dir='ltr' id='par_1_4' title="bbox 88 2609 1089 2699">
     <span class='ocr_line' id='line_1_25' title="bbox 88 2609 1089 2699; baseline -0.006 -18"><span class='ocrx_word' id='word_1_198' title='bbox 88 2609 334 2699; x_wconf 89' lang='grc' dir='ltr'><strong><em>νεναυηγήκασι</em></strong></span> <span class='ocrx_word' id='word_1_199' title='bbox 354 2611 581 2699; x_wconf 87' lang='grc' dir='ltr'><strong><em>τετρακόσιαι,</em></strong></span> <span class='ocrx_word' id='word_1_200' title='bbox 605 2610 707 2690; x_wconf 84' lang='grc' dir='ltr'><strong><em>άλλως</em></strong></span> <span class='ocrx_word' id='word_1_201' title='bbox 728 2613 764 2678; x_wconf 89' lang='grc' dir='ltr'><strong><em>ἐκ</em></strong></span> <span class='ocrx_word' id='word_1_202' title='bbox 780 2618 842 2678; x_wconf 88' lang='grc' dir='ltr'><strong><em>τοῦ</em></strong></span> <span class='ocrx_word' id='word_1_203' title='bbox 863 2612 1089 2696; x_wconf 90' lang='grc' dir='ltr'><strong><em>στρατοπέδου</em></strong></span> 
     </span>
    </p>

    <p class='ocr_par' dir='ltr' id='par_1_5' title="bbox 5 2705 1089 2799">
     <span class='ocr_line' id='line_1_26' title="bbox 5 2705 1089 2799; baseline -0.006 -19"><span class='ocrx_word' id='word_1_204' title='bbox 5 2764 6 2771; x_wconf 39' lang='grc' dir='ltr'><strong><em>ι</em></strong></span> <span class='ocrx_word' id='word_1_205' title='bbox 87 2714 276 2799; x_wconf 85' lang='grc' dir='ltr'><strong><em>τριηκοσίας</em></strong></span> <span class='ocrx_word' id='word_1_206' title='bbox 286 2705 492 2797; x_wconf 77' lang='grc' dir='ltr'><strong><em>ἀποπέμψεις</em></strong></span> <span class='ocrx_word' id='word_1_207' title='bbox 503 2708 984 2797; x_wconf 84' lang='grc' dir='ltr'><strong><em>περιπλάεινΠελοπόννησον,</em></strong></span> <span class='ocrx_word' id='word_1_208' title='bbox 995 2705 1089 2788; x_wconf 77' lang='grc' dir='ltr'><strong><em>ἀξιό-</em></strong></span> 
     </span>
    </p>

    <p class='ocr_par' dir='ltr' id='par_1_6' title="bbox 5 2801 1088 2995">
     <span class='ocr_line' id='line_1_27' title="bbox 5 2801 1088 2898; baseline -0.006 -20"><span class='ocrx_word' id='word_1_209' title='bbox 5 2826 6 2829; x_wconf 76' lang='grc'>’</span> <span class='ocrx_word' id='word_1_210' title='bbox 89 2816 186 2898; x_wconf 84' lang='grc' dir='ltr'><strong><em>μαχοί</em></strong></span> <span class='ocrx_word' id='word_1_211' title='bbox 197 2833 248 2875; x_wconf 90' lang='grc' dir='ltr'><strong><em>τοι</em></strong></span> <span class='ocrx_word' id='word_1_212' title='bbox 263 2814 413 2893; x_wconf 86' lang='grc' dir='ltr'><strong><em>γίνονται</em></strong></span> <span class='ocrx_word' id='word_1_213' title='bbox 427 2813 461 2877; x_wconf 90' lang='grc' dir='ltr'><strong><em>οί</em></strong></span> <span class='ocrx_word' id='word_1_214' title='bbox 473 2806 663 2878; x_wconf 85' lang='grc' dir='ltr'><strong><em>άντίπαλοι·</em></strong></span> <span class='ocrx_word' id='word_1_215' title='bbox 685 2806 767 2894; x_wconf 78' lang='grc' dir='ltr'><strong><em>ἁλὴς</em></strong></span> <span class='ocrx_word' id='word_1_216' title='bbox 778 2809 814 2873; x_wconf 80' lang='grc' dir='ltr'><strong><em>δέ</em></strong></span> <span class='ocrx_word' id='word_1_217' title='bbox 825 2802 891 2874; x_wconf 78' lang='grc' dir='ltr'><strong><em>ἐάν</em></strong></span> <span class='ocrx_word' id='word_1_218' title='bbox 902 2801 920 2873; x_wconf 85' lang='grc' dir='ltr'>ὁ</span> <span class='ocrx_word' id='word_1_219' title='bbox 931 2802 1088 2882; x_wconf 79' lang='grc' dir='ltr'><strong><em>ναυτικὰς</em></strong></span> 
     </span>
     <span class='ocr_line' id='line_1_28' title="bbox 89 2903 1087 2995; baseline -0.006 -18"><span class='ocrx_word' id='word_1_220' title='bbox 89 2905 225 2995; x_wconf 86' lang='grc' dir='ltr'><strong><em>στρατός</em></strong></span> <span class='ocrx_word' id='word_1_221' title='bbox 242 2910 550 2995; x_wconf 88' lang='grc' dir='ltr'><strong><em>δυσμεταχείριστός</em></strong></span> <span class='ocrx_word' id='word_1_222' title='bbox 564 2935 599 2978; x_wconf 90' lang='grc' dir='ltr'><strong><em>τε</em></strong></span> <span class='ocrx_word' id='word_1_223' title='bbox 614 2906 744 2977; x_wconf 80' lang='grc' dir='ltr'><strong><em>αὐτοῖσι</em></strong></span> <span class='ocrx_word' id='word_1_224' title='bbox 757 2913 895 2992; x_wconf 85' lang='grc' dir='ltr'><strong><em>γίνεται,</em></strong></span> <span class='ocrx_word' id='word_1_225' title='bbox 912 2909 968 2976; x_wconf 80' lang='grc' dir='ltr'><strong><em>καί</em></strong></span> <span class='ocrx_word' id='word_1_226' title='bbox 981 2903 1087 2995; x_wconf 86' lang='grc' dir='ltr'><strong><em>άρχήν</em></strong></span> 
     </span>
    </p>

    <p class='ocr_par' dir='ltr' id='par_1_7' title="bbox 5 3000 1141 3490">
     <span class='ocr_line' id='line_1_29' title="bbox 5 3000 1087 3097; baseline -0.006 -20"><span class='ocrx_word' id='word_1_227' title='bbox 5 3086 7 3097; x_wconf 17' lang='grc' dir='ltr'><strong><em>χ</em></strong></span> <span class='ocrx_word' id='word_1_228' title='bbox 88 3005 149 3076; x_wconf 85' lang='grc' dir='ltr'><strong><em>οῦκ</em></strong></span> <span class='ocrx_word' id='word_1_229' title='bbox 164 3005 339 3091; x_wconf 82' lang='grc' dir='ltr'><strong><em>ἀξιόμαχοί</em></strong></span> <span class='ocrx_word' id='word_1_230' title='bbox 349 3032 399 3073; x_wconf 92' lang='grc' dir='ltr'><strong><em>τοι</em></strong></span> <span class='ocrx_word' id='word_1_231' title='bbox 415 3014 563 3094; x_wconf 82' lang='grc' dir='ltr'><strong><em>ἔσονται,</em></strong></span> <span class='ocrx_word' id='word_1_232' title='bbox 584 3009 638 3075; x_wconf 76' lang='grc' dir='ltr'><strong><em>καὶ</em></strong></span> <span class='ocrx_word' id='word_1_233' title='bbox 652 3013 717 3085; x_wconf 82' lang='grc' dir='ltr'><strong><em>πᾶς</em></strong></span> <span class='ocrx_word' id='word_1_234' title='bbox 732 3002 750 3072; x_wconf 88' lang='grc' dir='ltr'>ὁ</span> <span class='ocrx_word' id='word_1_235' title='bbox 768 3000 925 3082; x_wconf 83' lang='grc' dir='ltr'><strong><em>ναυτικὸς</em></strong></span> <span class='ocrx_word' id='word_1_236' title='bbox 940 3009 986 3094; x_wconf 73' lang='grc' dir='ltr'><strong><em>τῷ</em></strong></span> <span class='ocrx_word' id='word_1_237' title='bbox 1002 3007 1087 3091; x_wconf 75' lang='grc' dir='ltr'><strong><em>πεζῷ</em></strong></span> 
     </span>
     <span class='ocr_line' id='line_1_30' title="bbox 88 3100 1087 3198; baseline -0.007 -24"><span class='ocrx_word' id='word_1_238' title='bbox 88 3105 199 3194; x_wconf 80' lang='grc' dir='ltr'><strong><em>ἀρήξει</em></strong></span> <span class='ocrx_word' id='word_1_239' title='bbox 215 3101 299 3172; x_wconf 77' lang='grc' dir='ltr'><strong><em>καὶὸ</em></strong></span> <span class='ocrx_word' id='word_1_240' title='bbox 313 3102 408 3185; x_wconf 81' lang='grc' dir='ltr'><strong><em>πεζὸς</em></strong></span> <span class='ocrx_word' id='word_1_241' title='bbox 421 3112 467 3196; x_wconf 74' lang='grc' dir='ltr'><strong><em>τῷ</em></strong></span> <span class='ocrx_word' id='word_1_242' title='bbox 481 3113 626 3198; x_wconf 76' lang='grc' dir='ltr'><strong><em>ναυτικῷ</em></strong></span> <span class='ocrx_word' id='word_1_243' title='bbox 642 3104 730 3193; x_wconf 87' lang='grc' dir='ltr'><strong><em>ὁμοῦ</em></strong></span> <span class='ocrx_word' id='word_1_244' title='bbox 744 3102 987 3191; x_wconf 86' lang='grc' dir='ltr'><strong><em>πορευόμενος·</em></strong></span> <span class='ocrx_word' id='word_1_245' title='bbox 1011 3107 1042 3169; x_wconf 88' lang='grc' dir='ltr'><strong><em>εί</em></strong></span> <span class='ocrx_word' id='word_1_246' title='bbox 1050 3100 1087 3168; x_wconf 75' lang='grc' dir='ltr'><strong><em>δὲ</em></strong></span> 
     </span>
     <span class='ocr_line' id='line_1_31' title="bbox 89 3197 1088 3290; baseline -0.006 -18"><span class='ocrx_word' id='word_1_247' title='bbox 89 3205 295 3290; x_wconf 85' lang='grc' dir='ltr'><strong><em>διασπάσεις,</em></strong></span> <span class='ocrx_word' id='word_1_248' title='bbox 312 3200 390 3271; x_wconf 83' lang='grc' dir='ltr'><strong><em>οῦιε</em></strong></span> <span class='ocrx_word' id='word_1_249' title='bbox 401 3201 442 3271; x_wconf 86' lang='grc' dir='ltr'><strong><em>σῦ</em></strong></span> <span class='ocrx_word' id='word_1_250' title='bbox 460 3211 549 3273; x_wconf 81' lang='grc' dir='ltr'><strong><em>ἔσεαι</em></strong></span> <span class='ocrx_word' id='word_1_251' title='bbox 561 3207 716 3272; x_wconf 82' lang='grc' dir='ltr'><strong><em>ἐκείνοισι</em></strong></span> <span class='ocrx_word' id='word_1_252' title='bbox 731 3201 893 3289; x_wconf 85' lang='grc' dir='ltr'><strong><em>χρήσιμος</em></strong></span> <span class='ocrx_word' id='word_1_253' title='bbox 908 3197 986 3267; x_wconf 81' lang='grc' dir='ltr'><strong><em>οότε</em></strong></span> <span class='ocrx_word' id='word_1_254' title='bbox 1002 3200 1088 3266; x_wconf 75' lang='grc' dir='ltr'><strong><em>ἐκεῖ·</em></strong></span> 
     </span>
     <span class='ocr_line' id='line_1_32' title="bbox 89 3292 1141 3388; baseline -0.001 -21"><span class='ocrx_word' id='word_1_255' title='bbox 89 3327 140 3368; x_wconf 94' lang='grc' dir='ltr'><strong><em>νοι</em></strong></span> <span class='ocrx_word' id='word_1_256' title='bbox 155 3308 216 3370; x_wconf 85' lang='grc' dir='ltr'><strong><em>σοί.</em></strong></span> <span class='ocrx_word' id='word_1_257' title='bbox 240 3299 281 3369; x_wconf 85' lang='grc' dir='ltr'><strong><em>τά</em></strong></span> <span class='ocrx_word' id='word_1_258' title='bbox 293 3309 444 3370; x_wconf 85' lang='grc' dir='ltr'><strong><em>σεωυτοῦ</em></strong></span> <span class='ocrx_word' id='word_1_259' title='bbox 459 3303 493 3370; x_wconf 77' lang='grc' dir='ltr'><strong><em>δὲ</em></strong></span> <span class='ocrx_word' id='word_1_260' title='bbox 509 3309 682 3388; x_wconf 86' lang='grc' dir='ltr'><strong><em>τιθέμενος</em></strong></span> <span class='ocrx_word' id='word_1_261' title='bbox 697 3293 736 3369; x_wconf 82' lang='grc' dir='ltr'><strong><em>εὖ</em></strong></span> <span class='ocrx_word' id='word_1_262' title='bbox 752 3298 892 3386; x_wconf 84' lang='grc' dir='ltr'><strong><em>γνάμην</em></strong></span> <span class='ocrx_word' id='word_1_263' title='bbox 903 3302 955 3381; x_wconf 85' lang='grc' dir='ltr'><strong><em>έχε</em></strong></span> <span class='ocrx_word' id='word_1_264' title='bbox 968 3292 1008 3362; x_wconf 80' lang='grc' dir='ltr'><strong><em>τά</em></strong></span> <span class='ocrx_word' id='word_1_265' title='bbox 1019 3302 1099 3375; x_wconf 65' lang='grc' dir='ltr'><strong><em>τῶν,</em></strong></span> <span class='ocrx_word' id='word_1_266' title='bbox 1110 3339 1141 3361; x_wconf 63' lang='lat' dir='ltr'><strong><em>a·</em></strong></span> 
     </span>
     <span class='ocr_line' id='line_1_33' title="bbox 90 3390 1111 3490; baseline -0.004 -24"><span class='ocrx_word' id='word_1_267' title='bbox 90 3396 316 3487; x_wconf 87' lang='grc' dir='ltr'><strong><em>άνιιπολέμων</em></strong></span> <span class='ocrx_word' id='word_1_268' title='bbox 327 3399 371 3488; x_wconf 85' lang='grc' dir='ltr'><strong><em>μή</em></strong></span> <span class='ocrx_word' id='word_1_269' title='bbox 384 3404 595 3487; x_wconf 84' lang='grc' dir='ltr'><strong><em>ἐπιλέγεσθαι</em></strong></span> <span class='ocrx_word' id='word_1_270' title='bbox 607 3399 799 3490; x_wconf 89' lang='grc' dir='ltr'><strong><em>πρήγματα,</em></strong></span> <span class='ocrx_word' id='word_1_271' title='bbox 814 3404 854 3486; x_wconf 80' lang='grc' dir='ltr'><strong><em>τῇ</em></strong></span> <span class='ocrx_word' id='word_1_272' title='bbox 864 3420 899 3462; x_wconf 91' lang='grc' dir='ltr'><strong><em>τε</em></strong></span> <span class='ocrx_word' id='word_1_273' title='bbox 911 3390 1088 3480; x_wconf 88' lang='grc' dir='ltr'><strong><em>στήσονται</em></strong></span> <span class='ocrx_word' id='word_1_274' title='bbox 1109 3404 1111 3407; x_wconf 82' lang='grc'><strong>’</strong></span> 
     </span>
    </p>
   </div>
   <div class='ocr_carea' id='block_1_5' title="bbox 0 0 1299 3936">
    <p class='ocr_par' dir='ltr' id='par_1_8' title="bbox 0 0 1299 3936">
     <span class='ocr_line' id='line_1_34' title="bbox 0 0 1299 3936; baseline 0 0"><span class='ocrx_word' id='word_1_275' title='bbox 0 0 1299 3936; x_wconf 95' lang='lat' dir='ltr'><strong><em> </em></strong></span> 
     </span>
    </p>
   </div>
  </div>
 </body>
</html>
