2622 3928
205 232 246 297 64
582 227 836 286 HERODOTI

160 412 192 464 10
207 391 337 460 άλλοισι
351 386 605 477 παραδώσομεν.
640 390 685 455 Οί
697 387 760 473 μὲν
773 383 813 474 δὴ
826 392 942 474 ἐλεγον
957 395 1077 474 ταῦτα,
1093 395 1161 457 τῶν
1177 392 1215 459 δέ
1294 384 1295 389 “

202 492 324 563 Ἰάνων
346 493 379 557 οἱ
395 488 558 577 τύραννοι
582 489 766 571 διέπεμπον
786 485 909 567 νυκτός
926 490 1063 568 ἕκαστος
1085 490 1118 568 ἐς
1134 485 1215 570 τούς
1293 480 1295 483 ’

206 595 334 661 ἑωυτοῦ
349 586 635 675 ἐξαγγελλόμενος.
664 589 699 653 οί
717 587 753 654 δὲ
763 584 894 673 Ἴωνες,
916 589 950 666 ές
965 583 1045 668 τοάς
1059 589 1115 656 καὶ
1135 584 1215 654 ἀπί-

205 715 305 761 κοντο
323 681 422 756 αὗται
437 691 474 755 αί
487 682 654 772 ἀγγελίαι,
671 682 1146 779 ἀγνωμοσόυηιτεδιεηρέοντο
1158 686 1214 754 καὶ

205 787 247 857 06
263 791 440 873 προσίεντο
457 781 520 870 τὴν
539 785 741 870 προδοσίην,
764 782 921 851 ἑωυτολσί
931 808 967 850 τε
987 785 1119 852 ἕκαστοι
1136 782 1214 850 ἐδό-

205 914 284 956 κεου
298 880 456 972 μούνοισι
466 885 570 948 ταῦτα
583 904 664 958 τους
673 880 807 966 Πέρσας
821 882 1094 965 ἐξαγγέλλεσθαι
1099 886 1213 948 ταῦτα

205 990 267 1074 μέν
280 1009 347 1052 νυν
357 976 488 1079 ίθέως’
469 979 683 1065 ἀπικομένων
693 974 773 1056 ἐς
736 1003 800 1065 την
809 985 966 1064 Μίλητον
976 1003 1043 1046 των
1054 980 1212 1065 Περσέων

159 1101 190 1153 11
209 1087 346 1171 ἐγίνετο,
362 1104 443 1167 μετα
431 1076 490 1146 δέ
502 1083 570 1145 τῶν
580 1072 703 1144 Ιωνων
713 1079 967 1164 συλλεχθέντων
979 1072 1058 1155 ἐς
1021 1101 1085 1163 τηυ
1095 1075 1214 1161 Λαδην

205 1185 354 1275 ἐγίνοντο
367 1174 495 1298 ἀγοραί.
514 1178 570 1244 καλ
581 1174 622 1262 66
634 1174 699 1243 κοό
709 1193 770 1261 σφι
785 1177 841 1244 καὶ
851 1172 1214 1263 ἀλλοιὴγορεόοντο,έν

206 1280 242 1347 δέ
206 1276 298 1365 δδὴ
313 1274 398 1345 καί
384 1301 401 1344 ο
414 1269 588 1352 Φωκαιεὺς
602 1270 786 1361 στρατηγός
796 1274 980 1352 Διονύσιος
994 1275 1102 1359 λέγων
1115 1271 1212 1339 τάδε

200 1376 270 1445 Ἐπὶ
288 1379 393 1463 ξυροῦ
408 1371 473 1462 γάρ
488 1370 595 1459 ἀκμὴς
609 1378 715 1460 ἔχεται
729 1370 810 1460 ἡμῖν
824 1371 865 1441 τά
879 1372 1073 1462 πρήγματα,
1091 1369 1212 1458 ἀνδρες

194 1475 324 1558 Ἴωνες,
345 1469 367 1558 ἡ
382 1471 467 1539 εἶναι
481 1473 689 1559 ἐλευθέροισι
704 1466 726 1557 ἡ
742 1472 910 1557 δούλοισι,
934 1474 989 1540 καί
1002 1471 1151 1540 τούτοισι
1167 1465 1212 1546 ὡς
1290 1548 1298 1573 ³

205 1673 418 1754 ἐνδέκεσθαι,
432 1665 469 1737 τό
481 1676 681 1757 παραχρῆμα
691 1670 754 1757 μέν
767 1668 872 1749 πόνος
882 1668 963 1757 ὑμῖν
975 1676 1081 1758 ἐσται,
1100 1664 1214 1737 οἷοίτε
1256 1672 1259 1675 ’
1281 1734 1284 1747 ,

203 1770 241 1840 δέ
249 1774 368 1838 έσεσθε
379 1766 648 1857 ὑπερβαλόμενοι
658 1766 917 1851 τούςέναντίους
927 1768 1012 1839 εἶναι
1021 1769 1211 1857 ἐλεύθεροι·

205 1875 235 1939 εί
243 1869 431 1957 δέμαλακίη
441 1892 478 1936 τε
488 1870 544 1936 καί
554 1864 669 1959 ἀταξίη
679 1870 912 1957 διαχρήσεσθε,
924 1868 1085 1956 οὐδεμίαν
1098 1866 1213 1956 ὑμέων

206 1976 269 2056 έχω
288 1970 403 2037 ἐλπίδα
420 1963 465 2055 μὴ
484 1964 525 2037 οά
544 1969 666 2037 δώσειν
681 1967 784 2056 ὑμέας
798 1972 897 2056 δίκην
911 1972 1043 2057 βασιλέι·
1053 1975 1111 2056 τῆς
1126 1967 1232 2036 660-l

205 2070 347 2147 στάσιος.
378 2064 452 2136 ἀλλ’
475 2071 551 2155 ἐμοί
563 2095 599 2137 τε
620 2076 782 2138 πείθεσθε
803 2071 859 2136 καί
875 2070 947 2154 ἐμοὶ
964 2065 1067 2155 ὑμέας
1088 2063 1213 2146 αιἰτοός

205 2168 416 2255 ἐπιτρέψατε·
444 2168 500 2233 καὶ
520 2165 602 2252 ὑμῖν
618 2164 683 2253 ἐγά
699 2172 793 2234 θεῶν
809 2163 850 2234 τά
865 2175 921 2234 ίσα
935 2164 1109 2252 νεμόντων
1124 2161 1213 2232 ὑπο-

205 2270 342 2353 δέκομαι
358 2260 380 2351 ἡ
397 2262 439 2333 06
453 2268 629 2353 συμμίξειν
638 2263 719 2346 τοδς
732 2272 912 2352 πολεμίους
925 2259 948 2353 ἡ
962 2270 1211 2350 συμμίσγοντας

158 2380 190 2437 λλ
207 2360 334 2432 πολλὸν
344 2362 603 2433 έλασσάσεσθαι.
630 2371 740 2433 Ταῦτα
756 2361 961 2443 ἀκούσαντες
976 2359 1125 2442 οίἼωνες
1138 2363 1214 2430 ἐντι-Ι

203 2461 370 2546 τράπουσι
388 2463 491 2546 σφέας
502 2458 626 2540 αὐτοὺς
636 2469 682 2554 τῷ
693 2471 875 2556 Διονυσίῳ.
898 2460 917 2533 6
933 2461 969 2532 δέ
983 2458 1120 2549 ἀνάγων
1131 2461 1212 2531 ἐκά-

205 2581 300 2628 στοτε
319 2561 372 2628 έπλ
391 2562 490 2649 κέρας
505 2557 565 2641 τάς
585 2565 680 2649 νέας,
705 2560 793 2643 όκως
806 2579 892 2634 τοῖσι
908 2564 1038 2652 έρέτησι
1053 2560 1213 2650 χρήσαιτο

205 2659 382 2727 διέκπλοον
396 2659 595 2747 ποιεόμενος
608 2668 683 2751 τῇσι
698 2664 798 2750 νηυσὶ
812 2661 858 2732 δι’
873 2659 1045 2748 ἀλληλέων
1060 2664 1116 2730 καὶ
1128 2658 1211 2741 τούς

203 2758 361 2845 ἐπιβάτας
374 2755 538 2847 ὁπλίσειε,
555 2786 592 2827 το
582 2756 726 2830 λοιπόν
740 2769 798 2848 τῆς
807 2757 977 2849 ἡμέρης
940 2787 1000 2840 τας
1010 2766 1087 2841 νέας
1098 2766 1210 2849 έχεσκε
1292 2752 1295 2767 ’

203 2853 256 2923 ἐπ’
275 2853 466 2943 ἀγκυρέων,
484 2863 622 2946 παρεῖχέ
633 2886 669 2928 τε
689 2873 774 2930 τοῖσι
784 2858 875 2929 Ἴωσι
891 2860 1000 2929 πόνου
1014 2856 1091 2930 δι’
1075 2861 1208 2950 ημέρης.

203 2955 297 3038 μέχρι
308 2953 370 3037 μέν
380 2978 446 3020 νυν
459 2951 611 3041 ἡμερέων
622 2957 701 3026 έπτά
718 2960 895 3028 ἐπείθοντό
908 2985 945 3051 τε
960 2962 1014 3030 καί
1025 2955 1206 3030 ἐποίευν
1171 2983 1209 3028 το

202 3050 443 3139 κελευόμενον,
466 3078 506 3142 τη
492 3054 558 3124 δὲ
573 3057 624 3124 ἐπὶ
640 3057 779 3148 ταότησι
796 3063 831 3129 oc
838 3046 970 3150 Ἴωνες,
993 3055 1047 3130 οἷα
1063 3057 1211 3140 ἀπαθέες

85 3232 89 3241 ⁸
203 3151 315 3231 ἐόντες
331 3150 449 3221 πόνων
463 3156 628 3225 τοιοότωυ
641 3163 834 3249 τετρυμένοι
856 3188 892 3232 τε
912 3167 1157 3252 ταλαιπωρίησί
1174 3184 1210 3229 τε

202 3276 258 3318 και
247 3246 373 3371 6666,
399 3255 515 3332 ἔλεξαν
534 3252 618 3342 πρός
634 3256 781 3339 έωυτοδς
800 3259 895 3331 τάδε·
933 3267 1016 3331 Τίνα
1037 3260 1210 3348 δαιμόνων

202 3348 412 3435 παραβάντες
435 3350 515 3420 τάδε
537 3350 812 3445 ἀναπίμπλαμενς
842 3363 963 3441 οιτινες
986 3357 1209 3448 παραφρονή-

203 3463 320 3526 σαντες
334 3450 390 3516 καλ
404 3450 632 3535 έκπλάσαντες
643 3458 680 3525 ἐκ
691 3464 752 3527 τοῦ
762 3459 848 3529 νόου
859 3457 958 3549 ἀνδρί
968 3455 1209 3528 Φωκαιέϊάλα-
