<?xml version="1.0" encoding="UTF-8"?>
<!DOCTYPE html PUBLIC "-//W3C//DTD XHTML 1.0 Transitional//EN"
    "http://www.w3.org/TR/xhtml1/DTD/xhtml1-transitional.dtd">
<html xmlns="http://www.w3.org/1999/xhtml" xml:lang="en" lang="en">
 <head>
  <title>
</title>
<meta http-equiv="Content-Type" content="text/html;charset=utf-8" />
  <meta name='ocr-system' content='tesseract 3.04.00' />
  <meta name='ocr-capabilities' content='ocr_page ocr_carea ocr_par ocr_line ocrx_word'/>
</head>
<body>
  <div class='ocr_page' id='page_1' title='image "./historiarumlibr03herogoog_0752.png"; bbox 0 0 2588 3926; ppageno 0'>
   <div class='ocr_carea' id='block_1_1' title="bbox 364 278 1106 344">
    <p class='ocr_par' dir='ltr' id='par_1_1' title="bbox 364 278 1106 344">
     <span class='ocr_line' id='line_1_1' title="bbox 364 278 1106 344; baseline -0.001 -3"><span class='ocrx_word' id='word_1_1' title='bbox 364 286 449 341; x_wconf 77' lang='lat' dir='ltr'><strong>Llss.</strong></span> <span class='ocrx_word' id='word_1_2' title='bbox 482 284 528 339; x_wconf 78' lang='lat' dir='ltr'><em>lx.</em></span> <span class='ocrx_word' id='word_1_3' title='bbox 562 285 661 340; x_wconf 77' lang='grc' dir='ltr'><em>οΑΡ.</em></span> <span class='ocrx_word' id='word_1_4' title='bbox 694 287 854 344; x_wconf 81' lang='grc' dir='ltr'><em>οσ-ιοο.</em></span> <span class='ocrx_word' id='word_1_5' title='bbox 1043 278 1106 341; x_wconf 82' lang='grc'><em>335</em></span> 
     </span>
    </p>
   </div>
   <div class='ocr_carea' id='block_1_2' title="bbox 94 440 1167 3395">
    <p class='ocr_par' dir='ltr' id='par_1_2' title="bbox 94 440 1167 3395">
     <span class='ocr_line' id='line_1_2' title="bbox 94 440 1104 531; baseline -0.005 -15"><span class='ocrx_word' id='word_1_6' title='bbox 94 475 168 529; x_wconf 86' lang='grc' dir='ltr'><em>μαι.</em></span> <span class='ocrx_word' id='word_1_7' title='bbox 197 442 300 515; x_wconf 82' lang='grc' dir='ltr'><em>έπεάν</em></span> <span class='ocrx_word' id='word_1_8' title='bbox 316 450 571 531; x_wconf 75' lang='grc' dir='ltr'><em>συμμίσγωμεν,</em></span> <span class='ocrx_word' id='word_1_9' title='bbox 591 447 785 526; x_wconf 76' lang='grc' dir='ltr'><em>μεμνῆσθαί</em></span> <span class='ocrx_word' id='word_1_10' title='bbox 796 467 871 508; x_wconf 86' lang='grc' dir='ltr'><em>τινα</em></span> <span class='ocrx_word' id='word_1_11' title='bbox 888 440 949 529; x_wconf 85' lang='grc' dir='ltr'><em>χρή</em></span> <span class='ocrx_word' id='word_1_12' title='bbox 964 445 1104 511; x_wconf 75' lang='grc' dir='ltr'><em>ἐλευθε-</em></span> 
     </span>
     <span class='ocr_line' id='line_1_3' title="bbox 94 536 1102 635; baseline -0.007 -19"><span class='ocrx_word' id='word_1_13' title='bbox 94 554 170 635; x_wconf 88' lang='grc' dir='ltr'><em>ρίης</em></span> <span class='ocrx_word' id='word_1_14' title='bbox 181 548 243 632; x_wconf 72' lang='grc' dir='ltr'><em>μὲν</em></span> <span class='ocrx_word' id='word_1_15' title='bbox 254 545 392 614; x_wconf 84' lang='grc' dir='ltr'><em>πάντων</em></span> <span class='ocrx_word' id='word_1_16' title='bbox 401 547 546 627; x_wconf 78' lang='grc' dir='ltr'><em>πρῶτον,</em></span> <span class='ocrx_word' id='word_1_17' title='bbox 556 536 637 624; x_wconf 84' lang='grc' dir='ltr'><em>μετά</em></span> <span class='ocrx_word' id='word_1_18' title='bbox 650 539 686 606; x_wconf 76' lang='grc' dir='ltr'><em>δὲ</em></span> <span class='ocrx_word' id='word_1_19' title='bbox 694 545 755 605; x_wconf 86' lang='grc' dir='ltr'><em>τού</em></span> <span class='ocrx_word' id='word_1_20' title='bbox 767 540 983 627; x_wconf 79' lang='grc' dir='ltr'><em>συνθήματος</em></span> <span class='ocrx_word' id='word_1_21' title='bbox 989 538 1102 629; x_wconf 84' lang='grc' dir='ltr'><em>Ἥβης.</em></span> 
     </span>
     <span class='ocr_line' id='line_1_4' title="bbox 94 633 1103 726; baseline -0.01 -11"><span class='ocrx_word' id='word_1_22' title='bbox 94 649 152 715; x_wconf 81' lang='grc' dir='ltr'><em>καὶ</em></span> <span class='ocrx_word' id='word_1_23' title='bbox 166 643 246 713; x_wconf 85' lang='grc' dir='ltr'><em>τάδε</em></span> <span class='ocrx_word' id='word_1_24' title='bbox 262 651 343 711; x_wconf 89' lang='grc' dir='ltr'><em>ίστω</em></span> <span class='ocrx_word' id='word_1_25' title='bbox 356 644 411 709; x_wconf 79' lang='grc' dir='ltr'><em>καί</em></span> <span class='ocrx_word' id='word_1_26' title='bbox 426 636 501 726; x_wconf 84' lang='grc' dir='ltr'><em>ὁμή</em></span> <span class='ocrx_word' id='word_1_27' title='bbox 513 636 702 714; x_wconf 87' lang='grc' dir='ltr'><em>ἐπακούσας</em></span> <span class='ocrx_word' id='word_1_28' title='bbox 718 633 832 722; x_wconf 80' lang='grc' dir='ltr'><em>ὑμέων</em></span> <span class='ocrx_word' id='word_1_29' title='bbox 849 634 933 724; x_wconf 83' lang='grc' dir='ltr'><em>πρὸς</em></span> <span class='ocrx_word' id='word_1_30' title='bbox 948 643 1009 705; x_wconf 83' lang='grc' dir='ltr'><em>τοῦ</em></span> <span class='ocrx_word' id='word_1_31' title='bbox 1021 640 1103 705; x_wconf 82' lang='grc' dir='ltr'><em>ἐπα-</em></span> 
     </span>
     <span class='ocr_line' id='line_1_5' title="bbox 95 732 1103 831; baseline -0.007 -16"><span class='ocrx_word' id='word_1_32' title='bbox 95 748 291 824; x_wconf 87' lang='grc' dir='ltr'><em>κούσαντος.</em></span> <span class='ocrx_word' id='word_1_33' title='bbox 317 740 422 823; x_wconf 80' lang='grc' dir='ltr'><em>ὡυτὸς</em></span> <span class='ocrx_word' id='word_1_34' title='bbox 434 741 469 810; x_wconf 68' lang='grc' dir='ltr'><em>δὲ</em></span> <span class='ocrx_word' id='word_1_35' title='bbox 481 732 580 818; x_wconf 82' lang='grc' dir='ltr'><em>οὗτος</em></span> <span class='ocrx_word' id='word_1_36' title='bbox 594 735 659 805; x_wconf 78' lang='grc' dir='ltr'><em>ἐάν</em></span> <span class='ocrx_word' id='word_1_37' title='bbox 673 738 830 823; x_wconf 76' lang='grc' dir='ltr'><em>τυγχάνει</em></span> <span class='ocrx_word' id='word_1_38' title='bbox 847 739 926 818; x_wconf 89' lang='grc' dir='ltr'><em>νόος</em></span> <span class='ocrx_word' id='word_1_39' title='bbox 939 746 1000 808; x_wconf 85' lang='grc' dir='ltr'><em>τού</em></span> <span class='ocrx_word' id='word_1_40' title='bbox 1015 742 1103 831; x_wconf 89' lang='grc' dir='ltr'><em>πρή-</em></span> 
     </span>
     <span class='ocr_line' id='line_1_6' title="bbox 95 832 1102 932; baseline -0.003 -21"><span class='ocrx_word' id='word_1_41' title='bbox 95 869 220 932; x_wconf 87' lang='grc' dir='ltr'><em>γματος</em></span> <span class='ocrx_word' id='word_1_42' title='bbox 239 840 329 911; x_wconf 64' lang='grc' dir='ltr'><em>καὶὸ</em></span> <span class='ocrx_word' id='word_1_43' title='bbox 346 841 586 927; x_wconf 79' lang='grc' dir='ltr'><em>Θεμιστοκλέος</em></span> <span class='ocrx_word' id='word_1_44' title='bbox 600 833 618 904; x_wconf 86' lang='grc' dir='ltr'>ὁ</span> <span class='ocrx_word' id='word_1_45' title='bbox 634 832 687 904; x_wconf 80' lang='grc' dir='ltr'><em>ἐπ’</em></span> <span class='ocrx_word' id='word_1_46' title='bbox 707 833 908 931; x_wconf 77' lang='grc' dir='ltr'><em>Ἀρτεμισίω.</em></span> <span class='ocrx_word' id='word_1_47' title='bbox 941 836 964 927; x_wconf 83' lang='grc' dir='ltr'><em>ή</em></span> <span class='ocrx_word' id='word_1_48' title='bbox 979 838 1044 928; x_wconf 85' lang='grc' dir='ltr'><em>γάρ</em></span> <span class='ocrx_word' id='word_1_49' title='bbox 1061 840 1102 926; x_wconf 88' lang='grc' dir='ltr'><em>δή</em></span> 
     </span>
     <span class='ocr_line' id='line_1_7' title="bbox 96 934 1102 1029; baseline -0.004 -19"><span class='ocrx_word' id='word_1_50' title='bbox 96 943 248 1011; x_wconf 76' lang='grc' dir='ltr'><em>λαθόντα</em></span> <span class='ocrx_word' id='word_1_51' title='bbox 263 939 303 1009; x_wconf 79' lang='grc' dir='ltr'><em>τά</em></span> <span class='ocrx_word' id='word_1_52' title='bbox 317 939 447 1029; x_wconf 80' lang='grc' dir='ltr'><em>βήματα</em></span> <span class='ocrx_word' id='word_1_53' title='bbox 460 935 540 1015; x_wconf 89' lang='grc' dir='ltr'><em>τούς</em></span> <span class='ocrx_word' id='word_1_54' title='bbox 556 935 750 1023; x_wconf 75' lang='grc' dir='ltr'><em>βαρβάρους</em></span> <span class='ocrx_word' id='word_1_55' title='bbox 763 940 878 1021; x_wconf 75' lang='grc' dir='ltr'><em>ἔμελλε</em></span> <span class='ocrx_word' id='word_1_56' title='bbox 894 934 973 1016; x_wconf 81' lang='grc' dir='ltr'><em>τούς</em></span> <span class='ocrx_word' id='word_1_57' title='bbox 984 936 1102 1020; x_wconf 81' lang='grc' dir='ltr'><em>Ἴωνας</em></span> 
     </span>
     <span class='ocr_line' id='line_1_8' title="bbox 96 1031 1103 1125; baseline -0.003 -17"><span class='ocrx_word' id='word_1_58' title='bbox 96 1046 236 1125; x_wconf 88' lang='grc' dir='ltr'><em>πείσειν,</em></span> <span class='ocrx_word' id='word_1_59' title='bbox 252 1034 273 1124; x_wconf 88' lang='grc' dir='ltr'><em>ή</em></span> <span class='ocrx_word' id='word_1_60' title='bbox 288 1045 417 1107; x_wconf 80' lang='grc' dir='ltr'><em>ἔπειτεν</em></span> <span class='ocrx_word' id='word_1_61' title='bbox 434 1034 671 1121; x_wconf 72' lang='grc' dir='ltr'><em>ἀνενειχθέντα</em></span> <span class='ocrx_word' id='word_1_62' title='bbox 683 1036 716 1113; x_wconf 88' lang='grc' dir='ltr'><em>ἐς</em></span> <span class='ocrx_word' id='word_1_63' title='bbox 729 1031 808 1114; x_wconf 85' lang='grc' dir='ltr'><em>τούς</em></span> <span class='ocrx_word' id='word_1_64' title='bbox 819 1037 1012 1124; x_wconf 88' lang='grc' dir='ltr'><em>βαρβάρους</em></span> <span class='ocrx_word' id='word_1_65' title='bbox 1027 1062 1103 1107; x_wconf 86' lang='grc' dir='ltr'><em>ποι-</em></span> 
     </span>
     <span class='ocr_line' id='line_1_9' title="bbox 96 1132 1151 1227; baseline -0.003 -21"><span class='ocrx_word' id='word_1_66' title='bbox 96 1140 193 1227; x_wconf 87' lang='grc' dir='ltr'><em>ήσειν</em></span> <span class='ocrx_word' id='word_1_67' title='bbox 203 1132 361 1216; x_wconf 79' lang='grc' dir='ltr'><em>ἀπίστους</em></span> <span class='ocrx_word' id='word_1_68' title='bbox 370 1150 456 1206; x_wconf 73' lang='grc' dir='ltr'><em>τοῖσι</em></span> <span class='ocrx_word' id='word_1_69' title='bbox 466 1134 610 1221; x_wconf 83' lang='grc' dir='ltr'><em>Ἕλλησι.</em></span> <span class='ocrx_word' id='word_1_70' title='bbox 634 1137 842 1219; x_wconf 77' lang='grc' dir='ltr'><em>Λευτυχίδεω</em></span> <span class='ocrx_word' id='word_1_71' title='bbox 854 1135 1004 1203; x_wconf 76' lang='grc' dir='ltr'><em>δὲταῦτα</em></span> <span class='ocrx_word' id='word_1_72' title='bbox 1015 1134 1101 1205; x_wconf 82' lang='grc' dir='ltr'><em>ὑπο-</em></span> <span class='ocrx_word' id='word_1_73' title='bbox 1114 1166 1151 1221; x_wconf 78' lang='lat'><em>99</em></span> 
     </span>
     <span class='ocr_line' id='line_1_10' title="bbox 95 1230 1103 1323; baseline -0.004 -16"><span class='ocrx_word' id='word_1_74' title='bbox 95 1239 246 1323; x_wconf 77' lang='grc' dir='ltr'><em>θεμένου</em></span> <span class='ocrx_word' id='word_1_75' title='bbox 268 1235 407 1320; x_wconf 89' lang='grc' dir='ltr'><em>δεύτερα</em></span> <span class='ocrx_word' id='word_1_76' title='bbox 424 1234 465 1322; x_wconf 81' lang='grc' dir='ltr'><em>δή</em></span> <span class='ocrx_word' id='word_1_77' title='bbox 489 1234 570 1302; x_wconf 92' lang='grc' dir='ltr'><em>τάδε</em></span> <span class='ocrx_word' id='word_1_78' title='bbox 591 1236 725 1302; x_wconf 78' lang='grc' dir='ltr'><em>ἐποίευν</em></span> <span class='ocrx_word' id='word_1_79' title='bbox 745 1238 780 1303; x_wconf 86' lang='grc' dir='ltr'><em>οί</em></span> <span class='ocrx_word' id='word_1_80' title='bbox 794 1230 966 1322; x_wconf 79' lang='grc' dir='ltr'><em>Ἕλληνες·</em></span> <span class='ocrx_word' id='word_1_81' title='bbox 997 1257 1103 1323; x_wconf 87' lang='grc' dir='ltr'><em>προσ-</em></span> 
     </span>
     <span class='ocr_line' id='line_1_11' title="bbox 96 1325 1099 1422; baseline -0.003 -18"><span class='ocrx_word' id='word_1_82' title='bbox 96 1334 233 1422; x_wconf 90' lang='grc' dir='ltr'><em>σχόντες</em></span> <span class='ocrx_word' id='word_1_83' title='bbox 248 1329 307 1410; x_wconf 84' lang='grc' dir='ltr'><em>τάς</em></span> <span class='ocrx_word' id='word_1_84' title='bbox 323 1336 399 1411; x_wconf 87' lang='grc' dir='ltr'><em>νέας</em></span> <span class='ocrx_word' id='word_1_85' title='bbox 415 1330 589 1420; x_wconf 76' lang='grc' dir='ltr'><em>ἀπέβησαν</em></span> <span class='ocrx_word' id='word_1_86' title='bbox 606 1333 639 1410; x_wconf 91' lang='grc' dir='ltr'><em>ἐς</em></span> <span class='ocrx_word' id='word_1_87' title='bbox 653 1329 715 1399; x_wconf 88' lang='grc' dir='ltr'><em>τόν</em></span> <span class='ocrx_word' id='word_1_88' title='bbox 730 1332 891 1417; x_wconf 89' lang='grc' dir='ltr'><em>αίγιαλόν.</em></span> <span class='ocrx_word' id='word_1_89' title='bbox 924 1336 990 1402; x_wconf 76' lang='grc' dir='ltr'><em>Καὶ</em></span> <span class='ocrx_word' id='word_1_90' title='bbox 1005 1325 1099 1402; x_wconf 80' lang='grc' dir='ltr'><em>οὗτοι</em></span> 
     </span>
     <span class='ocr_line' id='line_1_12' title="bbox 96 1426 1099 1522; baseline -0.005 -19"><span class='ocrx_word' id='word_1_91' title='bbox 96 1434 160 1522; x_wconf 71' lang='grc' dir='ltr'><em>μὲν</em></span> <span class='ocrx_word' id='word_1_92' title='bbox 174 1431 367 1516; x_wconf 88' lang='grc' dir='ltr'><em>ἐτάσσοντο,</em></span> <span class='ocrx_word' id='word_1_93' title='bbox 383 1435 417 1498; x_wconf 91' lang='grc' dir='ltr'><em>οί</em></span> <span class='ocrx_word' id='word_1_94' title='bbox 430 1429 466 1499; x_wconf 74' lang='grc' dir='ltr'><em>δέ</em></span> <span class='ocrx_word' id='word_1_95' title='bbox 476 1432 605 1515; x_wconf 87' lang='grc' dir='ltr'><em>Πέρσαι</em></span> <span class='ocrx_word' id='word_1_96' title='bbox 617 1427 661 1508; x_wconf 77' lang='grc' dir='ltr'><em>ὡς</em></span> <span class='ocrx_word' id='word_1_97' title='bbox 673 1428 762 1498; x_wconf 78' lang='grc' dir='ltr'><em>εἶδον</em></span> <span class='ocrx_word' id='word_1_98' title='bbox 776 1429 855 1509; x_wconf 80' lang='grc' dir='ltr'><em>τούς</em></span> <span class='ocrx_word' id='word_1_99' title='bbox 861 1426 1020 1518; x_wconf 80' lang='grc' dir='ltr'><em>Ἕλληνας</em></span> <span class='ocrx_word' id='word_1_100' title='bbox 1034 1454 1099 1498; x_wconf 87' lang='grc' dir='ltr'><em>πα-</em></span> 
     </span>
     <span class='ocr_line' id='line_1_13' title="bbox 97 1526 1099 1618; baseline -0.006 -17"><span class='ocrx_word' id='word_1_101' title='bbox 97 1530 405 1618; x_wconf 77' lang='grc' dir='ltr'><em>ρασκευαζομένους</em></span> <span class='ocrx_word' id='word_1_102' title='bbox 425 1531 457 1608; x_wconf 89' lang='grc' dir='ltr'><em>ἐς</em></span> <span class='ocrx_word' id='word_1_103' title='bbox 472 1529 581 1616; x_wconf 80' lang='grc' dir='ltr'><em>μάχην</em></span> <span class='ocrx_word' id='word_1_104' title='bbox 596 1531 651 1596; x_wconf 80' lang='grc' dir='ltr'><em>καὶ</em></span> <span class='ocrx_word' id='word_1_105' title='bbox 670 1542 755 1597; x_wconf 76' lang='grc' dir='ltr'><em>τοῖσι</em></span> <span class='ocrx_word' id='word_1_106' title='bbox 767 1526 857 1597; x_wconf 85' lang='grc' dir='ltr'><em>Ἴωσι</em></span> <span class='ocrx_word' id='word_1_107' title='bbox 874 1533 1099 1616; x_wconf 88' lang='grc' dir='ltr'><em>παραινέσαν-</em></span> 
     </span>
     <span class='ocr_line' id='line_1_14' title="bbox 96 1623 1100 1717; baseline -0.005 -18"><span class='ocrx_word' id='word_1_108' title='bbox 96 1659 171 1717; x_wconf 93' lang='grc' dir='ltr'><em>τας,</em></span> <span class='ocrx_word' id='word_1_109' title='bbox 193 1636 292 1698; x_wconf 78' lang='grc' dir='ltr'><em>τοῦτο</em></span> <span class='ocrx_word' id='word_1_110' title='bbox 314 1629 377 1714; x_wconf 76' lang='grc' dir='ltr'><em>μὲν</em></span> <span class='ocrx_word' id='word_1_111' title='bbox 396 1623 646 1715; x_wconf 80' lang='grc' dir='ltr'><em>ὑπονοήσαντες</em></span> <span class='ocrx_word' id='word_1_112' title='bbox 665 1624 744 1706; x_wconf 79' lang='grc' dir='ltr'><em>τούς</em></span> <span class='ocrx_word' id='word_1_113' title='bbox 758 1633 909 1713; x_wconf 84' lang='grc' dir='ltr'><em>Σαμίους</em></span> <span class='ocrx_word' id='word_1_114' title='bbox 927 1624 969 1694; x_wconf 80' lang='grc' dir='ltr'><em>τά</em></span> <span class='ocrx_word' id='word_1_115' title='bbox 985 1624 1100 1714; x_wconf 81' lang='grc' dir='ltr'><em>Ἐλλή-</em></span> 
     </span>
     <span class='ocr_line' id='line_1_15' title="bbox 96 1717 1100 1817; baseline -0.005 -20"><span class='ocrx_word' id='word_1_116' title='bbox 96 1756 168 1797; x_wconf 92' lang='grc' dir='ltr'><em>νων</em></span> <span class='ocrx_word' id='word_1_117' title='bbox 185 1728 343 1817; x_wconf 77' lang='grc' dir='ltr'><em>φρονέειν</em></span> <span class='ocrx_word' id='word_1_118' title='bbox 363 1723 579 1810; x_wconf 78' lang='grc' dir='ltr'><em>ἀπαιρέονται</em></span> <span class='ocrx_word' id='word_1_119' title='bbox 594 1723 635 1794; x_wconf 80' lang='grc' dir='ltr'><em>τά</em></span> <span class='ocrx_word' id='word_1_120' title='bbox 652 1723 748 1794; x_wconf 79' lang='grc' dir='ltr'><em>ὅπλα.</em></span> <span class='ocrx_word' id='word_1_121' title='bbox 779 1730 813 1794; x_wconf 85' lang='grc' dir='ltr'><em>οί</em></span> <span class='ocrx_word' id='word_1_122' title='bbox 826 1723 891 1812; x_wconf 83' lang='grc' dir='ltr'><em>γάρ</em></span> <span class='ocrx_word' id='word_1_123' title='bbox 913 1717 962 1793; x_wconf 73' lang='grc' dir='ltr'><em>σόν</em></span> <span class='ocrx_word' id='word_1_124' title='bbox 975 1724 1100 1811; x_wconf 86' lang='grc' dir='ltr'><em>Σάμιοι</em></span> 
     </span>
     <span class='ocr_line' id='line_1_16' title="bbox 97 1824 1102 1913; baseline -0.006 -19"><span class='ocrx_word' id='word_1_125' title='bbox 97 1827 311 1912; x_wconf 82' lang='grc' dir='ltr'><em>ἀπικομένων</em></span> <span class='ocrx_word' id='word_1_126' title='bbox 330 1824 520 1911; x_wconf 78' lang='grc' dir='ltr'><em>Ἀθηναίων</em></span> <span class='ocrx_word' id='word_1_127' title='bbox 535 1824 751 1912; x_wconf 82' lang='grc' dir='ltr'><em>αίχμαλεότων</em></span> <span class='ocrx_word' id='word_1_128' title='bbox 766 1829 802 1892; x_wconf 84' lang='grc' dir='ltr'><em>έν</em></span> <span class='ocrx_word' id='word_1_129' title='bbox 823 1832 896 1913; x_wconf 83' lang='grc' dir='ltr'><em>τήσι</em></span> <span class='ocrx_word' id='word_1_130' title='bbox 917 1826 1016 1910; x_wconf 79' lang='grc' dir='ltr'><em>νηυσί</em></span> <span class='ocrx_word' id='word_1_131' title='bbox 1032 1829 1102 1889; x_wconf 78' lang='grc' dir='ltr'><em>τόν</em></span> 
     </span>
     <span class='ocr_line' id='line_1_17' title="bbox 97 1921 1100 2013; baseline -0.004 -21"><span class='ocrx_word' id='word_1_132' title='bbox 97 1923 296 2013; x_wconf 92' lang='grc' dir='ltr'><em>βαρβάρων,</em></span> <span class='ocrx_word' id='word_1_133' title='bbox 316 1921 396 2002; x_wconf 84' lang='grc' dir='ltr'><em>τούς</em></span> <span class='ocrx_word' id='word_1_134' title='bbox 409 1929 531 2011; x_wconf 78' lang='grc' dir='ltr'><em>ἔλαβον</em></span> <span class='ocrx_word' id='word_1_135' title='bbox 546 1921 612 1990; x_wconf 81' lang='grc' dir='ltr'><em>άνά</em></span> <span class='ocrx_word' id='word_1_136' title='bbox 626 1922 688 2011; x_wconf 85' lang='grc' dir='ltr'><em>τήν</em></span> <span class='ocrx_word' id='word_1_137' title='bbox 700 1922 848 2011; x_wconf 79' lang='grc' dir='ltr'><em>Ἀττικήν</em></span> <span class='ocrx_word' id='word_1_138' title='bbox 866 1924 1100 2011; x_wconf 76' lang='grc' dir='ltr'><em>λελειμμένους</em></span> 
     </span>
     <span class='ocr_line' id='line_1_18' title="bbox 97 2022 1099 2112; baseline -0.001 -19"><span class='ocrx_word' id='word_1_139' title='bbox 97 2030 131 2094; x_wconf 83' lang='grc' dir='ltr'><em>οί</em></span> <span class='ocrx_word' id='word_1_140' title='bbox 140 2027 285 2110; x_wconf 73' lang='grc' dir='ltr'><em>Ξέρξεω,</em></span> <span class='ocrx_word' id='word_1_141' title='bbox 300 2022 440 2102; x_wconf 81' lang='grc' dir='ltr'><em>τούτους</em></span> <span class='ocrx_word' id='word_1_142' title='bbox 453 2024 637 2110; x_wconf 88' lang='grc' dir='ltr'><em>λυσάμενοι</em></span> <span class='ocrx_word' id='word_1_143' title='bbox 652 2026 778 2105; x_wconf 90' lang='grc' dir='ltr'><em>πάντας</em></span> <span class='ocrx_word' id='word_1_144' title='bbox 793 2024 1026 2112; x_wconf 87' lang='grc' dir='ltr'><em>άποπέμπουσι</em></span> <span class='ocrx_word' id='word_1_145' title='bbox 1040 2028 1099 2093; x_wconf 87' lang='grc' dir='ltr'><em>ἐπ-</em></span> 
     </span>
     <span class='ocr_line' id='line_1_19' title="bbox 98 2119 1099 2210; baseline -0.004 -17"><span class='ocrx_word' id='word_1_146' title='bbox 98 2122 293 2202; x_wconf 87' lang='grc' dir='ltr'><em>οδιάσαντες</em></span> <span class='ocrx_word' id='word_1_147' title='bbox 303 2124 336 2202; x_wconf 88' lang='grc' dir='ltr'><em>ἐς</em></span> <span class='ocrx_word' id='word_1_148' title='bbox 346 2119 405 2202; x_wconf 82' lang='grc' dir='ltr'><em>τάς</em></span> <span class='ocrx_word' id='word_1_149' title='bbox 416 2119 577 2210; x_wconf 71' lang='grc' dir='ltr'><em>Ἀθήνας·</em></span> <span class='ocrx_word' id='word_1_150' title='bbox 593 2130 661 2190; x_wconf 73' lang='grc' dir='ltr'><em>τῶν</em></span> <span class='ocrx_word' id='word_1_151' title='bbox 673 2127 801 2192; x_wconf 77' lang='grc' dir='ltr'><em>εἵνεκεν</em></span> <span class='ocrx_word' id='word_1_152' title='bbox 812 2121 875 2192; x_wconf 82' lang='grc' dir='ltr'><em>οὐκ</em></span> <span class='ocrx_word' id='word_1_153' title='bbox 883 2120 1001 2210; x_wconf 79' lang='grc' dir='ltr'><em>ἥκιστα</em></span> <span class='ocrx_word' id='word_1_154' title='bbox 1013 2120 1099 2190; x_wconf 83' lang='grc' dir='ltr'><em>ὑπο-</em></span> 
     </span>
     <span class='ocr_line' id='line_1_20' title="bbox 98 2220 1099 2312; baseline -0.002 -21"><span class='ocrx_word' id='word_1_155' title='bbox 98 2230 178 2310; x_wconf 78' lang='grc' dir='ltr'><em>ψίην</em></span> <span class='ocrx_word' id='word_1_156' title='bbox 194 2220 299 2310; x_wconf 76' lang='grc' dir='ltr'><em>εἶχον,</em></span> <span class='ocrx_word' id='word_1_157' title='bbox 315 2228 533 2302; x_wconf 83' lang='grc' dir='ltr'><em>πεντακοσίας</em></span> <span class='ocrx_word' id='word_1_158' title='bbox 548 2221 695 2307; x_wconf 83' lang='grc' dir='ltr'><em>κεφαλάς</em></span> <span class='ocrx_word' id='word_1_159' title='bbox 709 2231 777 2292; x_wconf 77' lang='grc' dir='ltr'><em>τῶν</em></span> <span class='ocrx_word' id='word_1_160' title='bbox 790 2227 918 2312; x_wconf 71' lang='grc' dir='ltr'><em>Ξέρξεω</em></span> <span class='ocrx_word' id='word_1_161' title='bbox 932 2229 1099 2311; x_wconf 89' lang='grc' dir='ltr'><em>πολεμίων</em></span> 
     </span>
     <span class='ocr_line' id='line_1_21' title="bbox 97 2320 1100 2411; baseline -0.003 -19"><span class='ocrx_word' id='word_1_162' title='bbox 97 2323 289 2411; x_wconf 88' lang='grc' dir='ltr'><em>λυσάμενοι.</em></span> <span class='ocrx_word' id='word_1_163' title='bbox 312 2328 411 2390; x_wconf 77' lang='grc' dir='ltr'><em>τοῦτο</em></span> <span class='ocrx_word' id='word_1_164' title='bbox 427 2323 464 2390; x_wconf 76' lang='grc' dir='ltr'><em>δὲ</em></span> <span class='ocrx_word' id='word_1_165' title='bbox 477 2320 536 2401; x_wconf 82' lang='grc' dir='ltr'><em>τάς</em></span> <span class='ocrx_word' id='word_1_166' title='bbox 548 2323 682 2401; x_wconf 78' lang='grc' dir='ltr'><em>διόδους</em></span> <span class='ocrx_word' id='word_1_167' title='bbox 692 2322 750 2402; x_wconf 82' lang='grc' dir='ltr'><em>τὰς</em></span> <span class='ocrx_word' id='word_1_168' title='bbox 761 2327 794 2404; x_wconf 87' lang='grc' dir='ltr'><em>ἐς</em></span> <span class='ocrx_word' id='word_1_169' title='bbox 807 2321 866 2404; x_wconf 79' lang='grc' dir='ltr'><em>τὰς</em></span> <span class='ocrx_word' id='word_1_170' title='bbox 880 2321 1032 2411; x_wconf 83' lang='grc' dir='ltr'><em>κορυφάς</em></span> <span class='ocrx_word' id='word_1_171' title='bbox 1042 2328 1100 2408; x_wconf 79' lang='grc' dir='ltr'><em>της</em></span> 
     </span>
     <span class='ocr_line' id='line_1_22' title="bbox 98 2420 1099 2510; baseline -0.004 -18"><span class='ocrx_word' id='word_1_172' title='bbox 98 2423 263 2509; x_wconf 77' lang='grc' dir='ltr'><em>Μυκάλης</em></span> <span class='ocrx_word' id='word_1_173' title='bbox 279 2420 448 2509; x_wconf 80' lang='grc' dir='ltr'><em>φερούσας</em></span> <span class='ocrx_word' id='word_1_174' title='bbox 463 2421 710 2506; x_wconf 89' lang='grc' dir='ltr'><em>προστάσσουσι</em></span> <span class='ocrx_word' id='word_1_175' title='bbox 724 2439 809 2493; x_wconf 83' lang='grc' dir='ltr'><em>τοίσι</em></span> <span class='ocrx_word' id='word_1_176' title='bbox 822 2430 1016 2510; x_wconf 88' lang='grc' dir='ltr'><em>Μιλησίοισι</em></span> <span class='ocrx_word' id='word_1_177' title='bbox 1032 2448 1099 2507; x_wconf 93' lang='grc' dir='ltr'><em>φυ-</em></span> 
     </span>
     <span class='ocr_line' id='line_1_23' title="bbox 97 2518 1096 2608; baseline -0.005 -17"><span class='ocrx_word' id='word_1_178' title='bbox 97 2522 233 2591; x_wconf 88' lang='grc' dir='ltr'><em>λάσσειν</em></span> <span class='ocrx_word' id='word_1_179' title='bbox 257 2520 302 2599; x_wconf 82' lang='grc' dir='ltr'><em>ὡς</em></span> <span class='ocrx_word' id='word_1_180' title='bbox 321 2523 568 2608; x_wconf 77' lang='grc' dir='ltr'><em>ἐπισταμένοισι</em></span> <span class='ocrx_word' id='word_1_181' title='bbox 590 2525 697 2607; x_wconf 78' lang='grc' dir='ltr'><em>δῆθεν</em></span> <span class='ocrx_word' id='word_1_182' title='bbox 720 2522 862 2607; x_wconf 91' lang='grc' dir='ltr'><em>μάλιστα</em></span> <span class='ocrx_word' id='word_1_183' title='bbox 886 2518 949 2606; x_wconf 87' lang='grc' dir='ltr'><em>τήν</em></span> <span class='ocrx_word' id='word_1_184' title='bbox 974 2519 1096 2607; x_wconf 81' lang='grc' dir='ltr'><em>χάρην.</em></span> 
     </span>
     <span class='ocr_line' id='line_1_24' title="bbox 97 2616 1099 2706; baseline -0.005 -17"><span class='ocrx_word' id='word_1_185' title='bbox 97 2625 232 2690; x_wconf 86' lang='grc' dir='ltr'><em>ἐποίευν</em></span> <span class='ocrx_word' id='word_1_186' title='bbox 246 2624 282 2688; x_wconf 81' lang='grc' dir='ltr'><em>δέ</em></span> <span class='ocrx_word' id='word_1_187' title='bbox 302 2620 425 2688; x_wconf 90' lang='grc' dir='ltr'><em>τούτου</em></span> <span class='ocrx_word' id='word_1_188' title='bbox 443 2623 588 2706; x_wconf 76' lang='grc' dir='ltr'><em>εἵνεκεν,</em></span> <span class='ocrx_word' id='word_1_189' title='bbox 610 2621 667 2685; x_wconf 80' lang='grc' dir='ltr'><em>ἵνα</em></span> <span class='ocrx_word' id='word_1_190' title='bbox 684 2616 777 2696; x_wconf 84' lang='grc' dir='ltr'><em>ἐκτός</em></span> <span class='ocrx_word' id='word_1_191' title='bbox 797 2625 857 2686; x_wconf 87' lang='grc' dir='ltr'><em>τοῦ</em></span> <span class='ocrx_word' id='word_1_192' title='bbox 875 2618 1099 2706; x_wconf 87' lang='grc' dir='ltr'><em>στρατοπέδου</em></span> 
     </span>
     <span class='ocr_line' id='line_1_25' title="bbox 98 2714 1099 2805; baseline -0.003 -19"><span class='ocrx_word' id='word_1_193' title='bbox 98 2725 183 2787; x_wconf 85' lang='grc' dir='ltr'><em>ἐωσι.</em></span> <span class='ocrx_word' id='word_1_194' title='bbox 206 2718 347 2797; x_wconf 79' lang='grc' dir='ltr'><em>τούτους</em></span> <span class='ocrx_word' id='word_1_195' title='bbox 358 2718 420 2805; x_wconf 71' lang='grc' dir='ltr'><em>μέν</em></span> <span class='ocrx_word' id='word_1_196' title='bbox 433 2715 567 2804; x_wconf 83' lang='grc' dir='ltr'><em>Ἰάνων,</em></span> <span class='ocrx_word' id='word_1_197' title='bbox 582 2729 667 2785; x_wconf 79' lang='grc' dir='ltr'><em>τοῖσι</em></span> <span class='ocrx_word' id='word_1_198' title='bbox 681 2717 736 2783; x_wconf 82' lang='grc' dir='ltr'><em>καί</em></span> <span class='ocrx_word' id='word_1_199' title='bbox 747 2714 946 2783; x_wconf 88' lang='grc' dir='ltr'><em>κατεδόκεον</em></span> <span class='ocrx_word' id='word_1_200' title='bbox 957 2715 1099 2803; x_wconf 84' lang='grc' dir='ltr'><em>νεοχμόν</em></span> 
     </span>
     <span class='ocr_line' id='line_1_26' title="bbox 98 2812 1100 2905; baseline 0.002 -23"><span class='ocrx_word' id='word_1_201' title='bbox 98 2815 141 2882; x_wconf 84' lang='grc' dir='ltr'><em>άν</em></span> <span class='ocrx_word' id='word_1_202' title='bbox 154 2842 185 2882; x_wconf 93' lang='grc' dir='ltr'><em>τι</em></span> <span class='ocrx_word' id='word_1_203' title='bbox 201 2818 326 2884; x_wconf 89' lang='grc' dir='ltr'><em>ποιέειν</em></span> <span class='ocrx_word' id='word_1_204' title='bbox 340 2817 503 2905; x_wconf 88' lang='grc' dir='ltr'><em>δυνάμιος</em></span> <span class='ocrx_word' id='word_1_205' title='bbox 518 2815 804 2902; x_wconf 83' lang='grc' dir='ltr'><em>ἐπιλαβομένοισι,</em></span> <span class='ocrx_word' id='word_1_206' title='bbox 820 2812 972 2898; x_wconf 89' lang='grc' dir='ltr'><em>τρόποισι</em></span> <span class='ocrx_word' id='word_1_207' title='bbox 985 2814 1100 2884; x_wconf 86' lang='grc' dir='ltr'><em>τοιού·</em></span> 
     </span>
     <span class='ocr_line' id='line_1_27' title="bbox 98 2908 1099 3001; baseline -0.003 -19"><span class='ocrx_word' id='word_1_208' title='bbox 98 2933 181 2982; x_wconf 89' lang='grc' dir='ltr'><em>τοισι</em></span> <span class='ocrx_word' id='word_1_209' title='bbox 197 2913 493 3000; x_wconf 84' lang='grc' dir='ltr'><em>προεφυλάσσοντο</em></span> <span class='ocrx_word' id='word_1_210' title='bbox 505 2920 539 2983; x_wconf 91' lang='grc' dir='ltr'><em>οί</em></span> <span class='ocrx_word' id='word_1_211' title='bbox 546 2916 686 3001; x_wconf 88' lang='grc' dir='ltr'><em>Πέρσαι,</em></span> <span class='ocrx_word' id='word_1_212' title='bbox 704 2908 798 2980; x_wconf 83' lang='grc' dir='ltr'><em>αὐτοὶ</em></span> <span class='ocrx_word' id='word_1_213' title='bbox 813 2912 849 2979; x_wconf 77' lang='grc' dir='ltr'><em>δὲ</em></span> <span class='ocrx_word' id='word_1_214' title='bbox 861 2912 1099 3000; x_wconf 84' lang='grc' dir='ltr'><em>συνεφόρησαν</em></span> 
     </span>
     <span class='ocr_line' id='line_1_28' title="bbox 98 3008 1167 3099; baseline -0.001 -20"><span class='ocrx_word' id='word_1_215' title='bbox 98 3008 136 3079; x_wconf 84' lang='grc' dir='ltr'><em>τά</em></span> <span class='ocrx_word' id='word_1_216' title='bbox 151 3014 253 3098; x_wconf 87' lang='grc' dir='ltr'><em>γέρρα</em></span> <span class='ocrx_word' id='word_1_217' title='bbox 266 3013 362 3097; x_wconf 80' lang='grc' dir='ltr'><em>ἕρκος</em></span> <span class='ocrx_word' id='word_1_218' title='bbox 374 3011 461 3081; x_wconf 79' lang='grc' dir='ltr'><em>εἷναί</em></span> <span class='ocrx_word' id='word_1_219' title='bbox 470 3033 539 3099; x_wconf 95' lang='grc' dir='ltr'><em>σφι.</em></span> <span class='ocrx_word' id='word_1_220' title='bbox 556 3012 615 3093; x_wconf 80' lang='grc' dir='ltr'><em>Ὡς</em></span> <span class='ocrx_word' id='word_1_221' title='bbox 626 3014 663 3081; x_wconf 76' lang='grc' dir='ltr'><em>δὲ</em></span> <span class='ocrx_word' id='word_1_222' title='bbox 678 3011 743 3099; x_wconf 83' lang='grc' dir='ltr'><em>άρα</em></span> <span class='ocrx_word' id='word_1_223' title='bbox 754 3009 1002 3097; x_wconf 90' lang='grc' dir='ltr'><em>παρεσκεύαστο</em></span> <span class='ocrx_word' id='word_1_224' title='bbox 1014 3026 1098 3079; x_wconf 75' lang='grc' dir='ltr'><em>τοῖσι</em></span> <span class='ocrx_word' id='word_1_225' title='bbox 1117 3036 1167 3088; x_wconf 86' lang='lat'><em>100</em></span> 
     </span>
     <span class='ocr_line' id='line_1_29' title="bbox 98 3107 1098 3198; baseline 0 -23"><span class='ocrx_word' id='word_1_226' title='bbox 98 3107 247 3195; x_wconf 85' lang='grc' dir='ltr'><em>Ἕλλησι,</em></span> <span class='ocrx_word' id='word_1_227' title='bbox 265 3108 450 3196; x_wconf 80' lang='grc' dir='ltr'><em>προσήισαν</em></span> <span class='ocrx_word' id='word_1_228' title='bbox 464 3109 548 3197; x_wconf 85' lang='grc' dir='ltr'><em>πρός</em></span> <span class='ocrx_word' id='word_1_229' title='bbox 561 3109 640 3190; x_wconf 85' lang='grc' dir='ltr'><em>τούς</em></span> <span class='ocrx_word' id='word_1_230' title='bbox 653 3107 856 3198; x_wconf 88' lang='grc' dir='ltr'><em>βαρβάρους.</em></span> <span class='ocrx_word' id='word_1_231' title='bbox 884 3115 971 3177; x_wconf 83' lang='grc' dir='ltr'><em>ίοῦσι</em></span> <span class='ocrx_word' id='word_1_232' title='bbox 987 3112 1027 3177; x_wconf 86' lang='grc' dir='ltr'><em>δέ</em></span> <span class='ocrx_word' id='word_1_233' title='bbox 1038 3130 1098 3195; x_wconf 91' lang='grc' dir='ltr'><em>σφι</em></span> 
     </span>
     <span class='ocr_line' id='line_1_30' title="bbox 98 3205 1099 3297; baseline 0.002 -26"><span class='ocrx_word' id='word_1_234' title='bbox 98 3205 190 3296; x_wconf 89' lang='grc' dir='ltr'><em>φήμη</em></span> <span class='ocrx_word' id='word_1_235' title='bbox 205 3231 240 3272; x_wconf 92' lang='grc' dir='ltr'><em>τε</em></span> <span class='ocrx_word' id='word_1_236' title='bbox 255 3207 412 3274; x_wconf 89' lang='grc' dir='ltr'><em>ἐσέπτατο</em></span> <span class='ocrx_word' id='word_1_237' title='bbox 424 3210 457 3286; x_wconf 87' lang='grc' dir='ltr'><em>ἐς</em></span> <span class='ocrx_word' id='word_1_238' title='bbox 470 3208 508 3276; x_wconf 87' lang='grc' dir='ltr'><em>τό</em></span> <span class='ocrx_word' id='word_1_239' title='bbox 520 3211 746 3297; x_wconf 87' lang='grc' dir='ltr'><em>στρατόπεδον</em></span> <span class='ocrx_word' id='word_1_240' title='bbox 760 3215 829 3277; x_wconf 81' lang='grc' dir='ltr'><em>πᾶν</em></span> <span class='ocrx_word' id='word_1_241' title='bbox 843 3209 898 3278; x_wconf 79' lang='grc' dir='ltr'><em>καί</em></span> <span class='ocrx_word' id='word_1_242' title='bbox 915 3208 1099 3295; x_wconf 77' lang='grc' dir='ltr'><em>κηρυκήιον</em></span> 
     </span>
     <span class='ocr_line' id='line_1_31' title="bbox 98 3305 1102 3395; baseline -0.004 -19"><span class='ocrx_word' id='word_1_243' title='bbox 98 3306 205 3393; x_wconf 88' lang='grc' dir='ltr'><em>ἐφάνη</em></span> <span class='ocrx_word' id='word_1_244' title='bbox 221 3307 274 3373; x_wconf 78' lang='grc' dir='ltr'><em>ἐπὶ</em></span> <span class='ocrx_word' id='word_1_245' title='bbox 293 3311 350 3390; x_wconf 81' lang='grc' dir='ltr'><em>τῆς</em></span> <span class='ocrx_word' id='word_1_246' title='bbox 370 3316 568 3394; x_wconf 79' lang='grc' dir='ltr'><em>κυματωγῆς</em></span> <span class='ocrx_word' id='word_1_247' title='bbox 583 3315 747 3395; x_wconf 90' lang='grc' dir='ltr'><em>κείμενον.</em></span> <span class='ocrx_word' id='word_1_248' title='bbox 776 3305 849 3394; x_wconf 68' lang='grc' dir='ltr'><em>ἡδὲ</em></span> <span class='ocrx_word' id='word_1_249' title='bbox 870 3305 1102 3393; x_wconf 78' lang='grc' dir='ltr'><em>φήμηδιήλθέ</em></span> 
     </span>
    </p>
   </div>
   <div class='ocr_carea' id='block_1_3' title="bbox 98 3396 1119 3591">
    <p class='ocr_par' dir='ltr' id='par_1_3' title="bbox 98 3396 1119 3591">
     <span class='ocr_line' id='line_1_32' title="bbox 98 3396 1119 3494; baseline -0.005 -22"><span class='ocrx_word' id='word_1_250' title='bbox 98 3426 156 3489; x_wconf 91' lang='grc' dir='ltr'><em>σφι</em></span> <span class='ocrx_word' id='word_1_251' title='bbox 179 3396 260 3491; x_wconf 70' lang='grc' dir='ltr'><em>ὦδε,</em></span> <span class='ocrx_word' id='word_1_252' title='bbox 285 3400 330 3482; x_wconf 79' lang='grc' dir='ltr'><em>ὡς</em></span> <span class='ocrx_word' id='word_1_253' title='bbox 351 3407 383 3472; x_wconf 88' lang='grc' dir='ltr'><em>οί</em></span> <span class='ocrx_word' id='word_1_254' title='bbox 399 3402 555 3491; x_wconf 79' lang='grc' dir='ltr'><em>Ἕλληνες</em></span> <span class='ocrx_word' id='word_1_255' title='bbox 574 3403 636 3493; x_wconf 84' lang='grc' dir='ltr'><em>τήν</em></span> <span class='ocrx_word' id='word_1_256' title='bbox 651 3410 852 3494; x_wconf 90' lang='grc' dir='ltr'><em>Μαρδονίου</em></span> <span class='ocrx_word' id='word_1_257' title='bbox 873 3400 1030 3489; x_wconf 86' lang='grc' dir='ltr'><em>στρατιήν</em></span> <span class='ocrx_word' id='word_1_258' title='bbox 1044 3428 1119 3468; x_wconf 45' lang='grc' dir='ltr'><em>νιν</em></span> 
     </span>
     <span class='ocr_line' id='line_1_33' title="bbox 99 3502 1099 3591; baseline -0.004 -22"><span class='ocrx_word' id='word_1_259' title='bbox 99 3509 184 3591; x_wconf 76' lang='grc' dir='ltr'><em>κῷεν</em></span> <span class='ocrx_word' id='word_1_260' title='bbox 199 3505 236 3569; x_wconf 91' lang='grc' dir='ltr'><em>ἐν</em></span> <span class='ocrx_word' id='word_1_261' title='bbox 252 3509 425 3569; x_wconf 75' lang='grc' dir='ltr'><em>Βοιωτοῖσι</em></span> <span class='ocrx_word' id='word_1_262' title='bbox 440 3505 631 3589; x_wconf 89' lang='grc' dir='ltr'><em>μαχόμενοι.</em></span> <span class='ocrx_word' id='word_1_263' title='bbox 656 3508 739 3590; x_wconf 86' lang='grc' dir='ltr'><em>δῆλα</em></span> <span class='ocrx_word' id='word_1_264' title='bbox 754 3502 795 3587; x_wconf 86' lang='grc' dir='ltr'><em>δή</em></span> <span class='ocrx_word' id='word_1_265' title='bbox 810 3510 961 3568; x_wconf 74' lang='grc' dir='ltr'><em>πολλοῖσι</em></span> <span class='ocrx_word' id='word_1_266' title='bbox 975 3524 1099 3586; x_wconf 87' lang='grc' dir='ltr'><em>τεκμη-</em></span> 
     </span>
    </p>
   </div>
   <div class='ocr_carea' id='block_1_4' title="bbox 0 0 1303 3926">
    <p class='ocr_par' dir='ltr' id='par_1_4' title="bbox 0 0 1303 3926">
     <span class='ocr_line' id='line_1_34' title="bbox 0 0 1303 3926; baseline 0 0"><span class='ocrx_word' id='word_1_267' title='bbox 0 0 1303 3926; x_wconf 95' lang='lat' dir='ltr'><em> </em></span> 
     </span>
    </p>
   </div>
  </div>
 </body>
</html>
