<?xml version="1.0" encoding="UTF-8"?>
<!DOCTYPE html PUBLIC "-//W3C//DTD XHTML 1.0 Transitional//EN"
    "http://www.w3.org/TR/xhtml1/DTD/xhtml1-transitional.dtd">
<html xmlns="http://www.w3.org/1999/xhtml" xml:lang="en" lang="en">
 <head>
  <title>
</title>
<meta http-equiv="Content-Type" content="text/html;charset=utf-8" />
  <meta name='ocr-system' content='tesseract 3.04.00' />
  <meta name='ocr-capabilities' content='ocr_page ocr_carea ocr_par ocr_line ocrx_word'/>
</head>
<body>
  <div class='ocr_page' id='page_1' title='image "./historiarumlibr03herogoog_0622.png"; bbox 0 0 2606 3920; ppageno 0'>
   <div class='ocr_carea' id='block_1_1' title="bbox 228 244 1190 333">
    <p class='ocr_par' dir='ltr' id='par_1_1' title="bbox 228 244 1190 333">
     <span class='ocr_line' id='line_1_1' title="bbox 228 244 1190 333; baseline 0.005 -14"><span class='ocrx_word' id='word_1_1' title='bbox 228 272 231 277; x_wconf 47' lang='lat'>&gt;</span> <span class='ocrx_word' id='word_1_2' title='bbox 354 244 904 333; x_wconf 74' lang='grc' dir='ltr'><strong><em>ιιι.τιι.οιι.ιει-ιοα</em></strong></span> <span class='ocrx_word' id='word_1_3' title='bbox 1055 259 1190 324; x_wconf 63' lang='grc' dir='ltr'><strong><em>τοι</em></strong></span> 
     </span>
    </p>
   </div>
   <div class='ocr_carea' id='block_1_2' title="bbox 113 417 1115 509">
    <p class='ocr_par' dir='ltr' id='par_1_2' title="bbox 113 417 1115 509">
     <span class='ocr_line' id='line_1_2' title="bbox 113 417 1115 509; baseline 0 -20"><span class='ocrx_word' id='word_1_4' title='bbox 113 418 300 508; x_wconf 78' lang='grc' dir='ltr'><strong><em>αὐξόμενον</em></strong></span> <span class='ocrx_word' id='word_1_5' title='bbox 314 418 372 488; x_wconf 88' lang='grc' dir='ltr'><strong><em>τόν</em></strong></span> <span class='ocrx_word' id='word_1_6' title='bbox 385 428 540 507; x_wconf 80' lang='grc' dir='ltr'><strong><em>χειμῶνα,</em></strong></span> <span class='ocrx_word' id='word_1_7' title='bbox 556 417 579 505; x_wconf 79' lang='grc' dir='ltr'><strong><em>ἢ</em></strong></span> <span class='ocrx_word' id='word_1_8' title='bbox 595 424 650 487; x_wconf 79' lang='grc' dir='ltr'><strong><em>καὶ</em></strong></span> <span class='ocrx_word' id='word_1_9' title='bbox 664 418 729 506; x_wconf 88' lang='grc' dir='ltr'><strong><em>πρό</em></strong></span> <span class='ocrx_word' id='word_1_10' title='bbox 741 421 875 509; x_wconf 84' lang='grc' dir='ltr'><strong><em>τούτου,</em></strong></span> <span class='ocrx_word' id='word_1_11' title='bbox 892 424 1000 491; x_wconf 85' lang='grc' dir='ltr'><strong><em>ἐθυόν</em></strong></span> <span class='ocrx_word' id='word_1_12' title='bbox 1014 426 1115 490; x_wconf 78' lang='grc' dir='ltr'><strong><em>τεκαὶ</em></strong></span> 
     </span>
    </p>
   </div>
   <div class='ocr_carea' id='block_1_3' title="bbox 3 518 1115 609">
    <p class='ocr_par' dir='ltr' id='par_1_3' title="bbox 3 518 1115 609">
     <span class='ocr_line' id='line_1_3' title="bbox 3 518 1115 609; baseline 0.003 -22"><span class='ocrx_word' id='word_1_13' title='bbox 3 572 5 587; x_wconf 46' lang='grc'>;</span> <span class='ocrx_word' id='word_1_14' title='bbox 113 524 328 590; x_wconf 76' lang='grc' dir='ltr'><strong><em>ἐπεκαλέοντο</em></strong></span> <span class='ocrx_word' id='word_1_15' title='bbox 348 521 409 590; x_wconf 92' lang='grc' dir='ltr'><strong><em>τόν</em></strong></span> <span class='ocrx_word' id='word_1_16' title='bbox 421 548 458 588; x_wconf 91' lang='grc' dir='ltr'><strong><em>τε</em></strong></span> <span class='ocrx_word' id='word_1_17' title='bbox 471 520 602 607; x_wconf 92' lang='grc' dir='ltr'><strong><em>Βορέην</em></strong></span> <span class='ocrx_word' id='word_1_18' title='bbox 616 523 671 587; x_wconf 79' lang='grc' dir='ltr'><strong><em>καί</em></strong></span> <span class='ocrx_word' id='word_1_19' title='bbox 685 519 749 607; x_wconf 77' lang='grc' dir='ltr'><strong><em>τὴν</em></strong></span> <span class='ocrx_word' id='word_1_20' title='bbox 759 518 956 606; x_wconf 77' lang='grc' dir='ltr'><strong><em>Ὠρείθυιαν</em></strong></span> <span class='ocrx_word' id='word_1_21' title='bbox 969 530 1115 609; x_wconf 81' lang='grc' dir='ltr'><strong><em>τιμωρη-</em></strong></span> 
     </span>
    </p>
   </div>
   <div class='ocr_carea' id='block_1_4' title="bbox 110 621 1117 907">
    <p class='ocr_par' dir='ltr' id='par_1_4' title="bbox 110 621 1117 907">
     <span class='ocr_line' id='line_1_4' title="bbox 112 621 1115 710; baseline -0.001 -20"><span class='ocrx_word' id='word_1_22' title='bbox 112 628 170 690; x_wconf 86' lang='grc' dir='ltr'><strong><em>σαί</em></strong></span> <span class='ocrx_word' id='word_1_23' title='bbox 184 642 244 708; x_wconf 92' lang='grc' dir='ltr'><strong><em>σφι</em></strong></span> <span class='ocrx_word' id='word_1_24' title='bbox 262 627 317 691; x_wconf 78' lang='grc' dir='ltr'><strong><em>καί</em></strong></span> <span class='ocrx_word' id='word_1_25' title='bbox 331 626 528 710; x_wconf 78' lang='grc' dir='ltr'><strong><em>διαφθεῖραι</em></strong></span> <span class='ocrx_word' id='word_1_26' title='bbox 542 627 609 689; x_wconf 79' lang='grc' dir='ltr'><strong><em>τῶν</em></strong></span> <span class='ocrx_word' id='word_1_27' title='bbox 623 622 807 709; x_wconf 84' lang='grc' dir='ltr'><strong><em>βαρβάρων</em></strong></span> <span class='ocrx_word' id='word_1_28' title='bbox 820 621 879 701; x_wconf 84' lang='grc' dir='ltr'><strong><em>τάς</em></strong></span> <span class='ocrx_word' id='word_1_29' title='bbox 896 624 989 709; x_wconf 93' lang='grc' dir='ltr'><strong><em>νέας,</em></strong></span> <span class='ocrx_word' id='word_1_30' title='bbox 1005 621 1050 702; x_wconf 74' lang='grc' dir='ltr'><strong><em>ὡς</em></strong></span> <span class='ocrx_word' id='word_1_31' title='bbox 1061 626 1115 690; x_wconf 78' lang='grc' dir='ltr'><strong><em>καὶ</em></strong></span> 
     </span>
     <span class='ocr_line' id='line_1_5' title="bbox 110 718 1115 808; baseline -0.001 -21"><span class='ocrx_word' id='word_1_32' title='bbox 110 720 277 807; x_wconf 87' lang='grc' dir='ltr'><strong><em>πρότερον</em></strong></span> <span class='ocrx_word' id='word_1_33' title='bbox 290 725 365 807; x_wconf 82' lang='grc' dir='ltr'><strong><em>περὶ</em></strong></span> <span class='ocrx_word' id='word_1_34' title='bbox 372 721 497 789; x_wconf 77' lang='grc' dir='ltr'><strong><em>Ἀθων.</em></strong></span> <span class='ocrx_word' id='word_1_35' title='bbox 527 725 557 788; x_wconf 87' lang='grc' dir='ltr'><strong><em>εί</em></strong></span> <span class='ocrx_word' id='word_1_36' title='bbox 571 721 633 805; x_wconf 91' lang='grc' dir='ltr'><strong><em>μέν</em></strong></span> <span class='ocrx_word' id='word_1_37' title='bbox 650 746 716 787; x_wconf 89' lang='grc' dir='ltr'><strong><em>νυν</em></strong></span> <span class='ocrx_word' id='word_1_38' title='bbox 737 718 792 788; x_wconf 84' lang='grc' dir='ltr'><strong><em>διά</em></strong></span> <span class='ocrx_word' id='word_1_39' title='bbox 808 727 911 787; x_wconf 85' lang='grc' dir='ltr'><strong><em>ταῦτα</em></strong></span> <span class='ocrx_word' id='word_1_40' title='bbox 930 734 1015 788; x_wconf 80' lang='grc' dir='ltr'><strong><em>τοῖσι</em></strong></span> <span class='ocrx_word' id='word_1_41' title='bbox 1029 728 1115 808; x_wconf 80' lang='grc' dir='ltr'><strong><em>βαρ-</em></strong></span> 
     </span>
     <span class='ocr_line' id='line_1_6' title="bbox 111 815 1117 907; baseline -0.004 -21"><span class='ocrx_word' id='word_1_42' title='bbox 111 818 245 907; x_wconf 86' lang='grc' dir='ltr'><strong><em>βάροισι</em></strong></span> <span class='ocrx_word' id='word_1_43' title='bbox 261 817 419 905; x_wconf 83' lang='grc' dir='ltr'><strong><em>ὁρμέουσι</em></strong></span> <span class='ocrx_word' id='word_1_44' title='bbox 435 816 452 885; x_wconf 87' lang='grc' dir='ltr'>ὁ</span> <span class='ocrx_word' id='word_1_45' title='bbox 468 820 593 904; x_wconf 78' lang='grc' dir='ltr'><strong><em>Βορέης</em></strong></span> <span class='ocrx_word' id='word_1_46' title='bbox 608 820 762 903; x_wconf 84' lang='grc' dir='ltr'><strong><em>ἐπέπεσε,</em></strong></span> <span class='ocrx_word' id='word_1_47' title='bbox 785 815 848 884; x_wconf 82' lang='grc' dir='ltr'><strong><em>οὐκ</em></strong></span> <span class='ocrx_word' id='word_1_48' title='bbox 866 823 928 903; x_wconf 85' lang='grc' dir='ltr'><strong><em>ἔχω</em></strong></span> <span class='ocrx_word' id='word_1_49' title='bbox 944 823 1063 902; x_wconf 79' lang='grc' dir='ltr'><strong><em>εἰπεῖν,</em></strong></span> <span class='ocrx_word' id='word_1_50' title='bbox 1083 820 1117 883; x_wconf 85' lang='grc' dir='ltr'><strong><em>οί</em></strong></span> 
     </span>
    </p>
   </div>
   <div class='ocr_carea' id='block_1_5' title="bbox 3 908 1114 1101">
    <p class='ocr_par' dir='ltr' id='par_1_5' title="bbox 3 908 1114 1101">
     <span class='ocr_line' id='line_1_7' title="bbox 3 908 1114 1003; baseline -0.005 -16"><span class='ocrx_word' id='word_1_51' title='bbox 3 964 5 987; x_wconf 83' lang='grc'>;</span> <span class='ocrx_word' id='word_1_52' title='bbox 112 914 143 983; x_wconf 91' lang='grc' dir='ltr'><strong><em>δ’</em></strong></span> <span class='ocrx_word' id='word_1_53' title='bbox 167 908 216 983; x_wconf 76' lang='grc' dir='ltr'><strong><em>όν</em></strong></span> <span class='ocrx_word' id='word_1_54' title='bbox 239 916 414 1002; x_wconf 78' lang='grc' dir='ltr'><strong><em>Ἀθηναῖοί</em></strong></span> <span class='ocrx_word' id='word_1_55' title='bbox 430 937 491 1003; x_wconf 85' lang='grc' dir='ltr'><strong><em>σφι</em></strong></span> <span class='ocrx_word' id='word_1_56' title='bbox 511 919 646 1002; x_wconf 88' lang='grc' dir='ltr'><strong><em>λέγουσι</em></strong></span> <span class='ocrx_word' id='word_1_57' title='bbox 666 916 884 1003; x_wconf 81' lang='grc' dir='ltr'><strong><em>βοηθήσαντα</em></strong></span> <span class='ocrx_word' id='word_1_58' title='bbox 903 914 963 984; x_wconf 81' lang='grc' dir='ltr'><strong><em>τόν</em></strong></span> <span class='ocrx_word' id='word_1_59' title='bbox 984 914 1114 1001; x_wconf 78' lang='grc' dir='ltr'><strong><em>Βορέην</em></strong></span> 
     </span>
     <span class='ocr_line' id='line_1_8' title="bbox 111 1010 1113 1101; baseline -0.004 -18.389"><span class='ocrx_word' id='word_1_60' title='bbox 111 1015 276 1101; x_wconf 89' lang='grc' dir='ltr'><strong><em>πρότερον</em></strong></span> <span class='ocrx_word' id='word_1_61' title='bbox 287 1019 341 1081; x_wconf 82' lang='grc' dir='ltr'><strong><em>καλ</em></strong></span> <span class='ocrx_word' id='word_1_62' title='bbox 355 1015 428 1083; x_wconf 88' lang='grc' dir='ltr'><strong><em>τότε</em></strong></span> <span class='ocrx_word' id='word_1_63' title='bbox 439 1018 549 1083; x_wconf 76' lang='grc' dir='ltr'><strong><em>ἐκεῖνα</em></strong></span> <span class='ocrx_word' id='word_1_64' title='bbox 560 1015 840 1101; x_wconf 89' lang='grc' dir='ltr'><strong><em>κατεργάσασθαι,</em></strong></span> <span class='ocrx_word' id='word_1_65' title='bbox 858 1017 913 1082; x_wconf 77' lang='grc' dir='ltr'><strong><em>καί</em></strong></span> <span class='ocrx_word' id='word_1_66' title='bbox 923 1012 998 1099; x_wconf 86' lang='grc' dir='ltr'><strong><em>ίρὸν</em></strong></span> <span class='ocrx_word' id='word_1_67' title='bbox 1010 1010 1113 1080; x_wconf 87' lang='grc' dir='ltr'><strong><em>άπελ-</em></strong></span> 
     </span>
    </p>
   </div>
   <div class='ocr_carea' id='block_1_6' title="bbox 60 1108 1178 1397">
    <p class='ocr_par' dir='ltr' id='par_1_6' title="bbox 60 1108 1178 1397">
     <span class='ocr_line' id='line_1_9' title="bbox 110 1108 1178 1199; baseline -0.004 -19"><span class='ocrx_word' id='word_1_68' title='bbox 110 1112 232 1190; x_wconf 83' lang='grc' dir='ltr'><strong><em>θόντες</em></strong></span> <span class='ocrx_word' id='word_1_69' title='bbox 246 1112 377 1197; x_wconf 89' lang='grc' dir='ltr'><strong><em>Βορέεω</em></strong></span> <span class='ocrx_word' id='word_1_70' title='bbox 398 1112 578 1195; x_wconf 87' lang='grc' dir='ltr'><strong><em>ίδράσαντο</em></strong></span> <span class='ocrx_word' id='word_1_71' title='bbox 594 1109 685 1199; x_wconf 85' lang='grc' dir='ltr'><strong><em>παρά</em></strong></span> <span class='ocrx_word' id='word_1_72' title='bbox 702 1108 853 1198; x_wconf 83' lang='grc' dir='ltr'><strong><em>ποταμόν</em></strong></span> <span class='ocrx_word' id='word_1_73' title='bbox 871 1109 1018 1180; x_wconf 79' lang='grc' dir='ltr'><strong><em>Ἰλισσόν.</em></strong></span> <span class='ocrx_word' id='word_1_74' title='bbox 1038 1108 1113 1180; x_wconf 77' lang='grc' dir='ltr'><strong><em>,Ἐν</em></strong></span> <span class='ocrx_word' id='word_1_75' title='bbox 1130 1117 1178 1171; x_wconf 83' lang='lat'><strong><em>190</em></strong></span> 
     </span>
     <span class='ocr_line' id='line_1_10' title="bbox 110 1207 1110 1299; baseline -0.001 -23"><span class='ocrx_word' id='word_1_76' title='bbox 110 1209 218 1299; x_wconf 83' lang='grc' dir='ltr'><strong><em>τοότφ</em></strong></span> <span class='ocrx_word' id='word_1_77' title='bbox 234 1215 281 1299; x_wconf 75' lang='grc' dir='ltr'><strong><em>τῷ</em></strong></span> <span class='ocrx_word' id='word_1_78' title='bbox 296 1207 389 1299; x_wconf 81' lang='grc' dir='ltr'><strong><em>πόνρο</em></strong></span> <span class='ocrx_word' id='word_1_79' title='bbox 401 1211 478 1286; x_wconf 90' lang='grc' dir='ltr'><strong><em>νέας</em></strong></span> <span class='ocrx_word' id='word_1_80' title='bbox 492 1217 526 1277; x_wconf 79' lang='grc' dir='ltr'><strong><em>οἳ</em></strong></span> <span class='ocrx_word' id='word_1_81' title='bbox 538 1213 705 1296; x_wconf 75' lang='grc' dir='ltr'><strong><em>ἐλαχίστας</em></strong></span> <span class='ocrx_word' id='word_1_82' title='bbox 719 1211 854 1296; x_wconf 88' lang='grc' dir='ltr'><strong><em>λέγουσι</em></strong></span> <span class='ocrx_word' id='word_1_83' title='bbox 870 1214 1110 1297; x_wconf 76' lang='grc' dir='ltr'><strong><em>διαφθαρῆναι,</em></strong></span> 
     </span>
     <span class='ocr_line' id='line_1_11' title="bbox 60 1306 1110 1397; baseline 0.001 -22"><span class='ocrx_word' id='word_1_84' title='bbox 60 1331 64 1338; x_wconf 93' lang='grc'>·</span> <span class='ocrx_word' id='word_1_85' title='bbox 110 1310 350 1393; x_wconf 73' lang='grc' dir='ltr'><strong><em>τετρακοσιέων</em></strong></span> <span class='ocrx_word' id='word_1_86' title='bbox 364 1306 426 1375; x_wconf 80' lang='grc' dir='ltr'><strong><em>οὐκ</em></strong></span> <span class='ocrx_word' id='word_1_87' title='bbox 441 1309 638 1394; x_wconf 76' lang='grc' dir='ltr'><strong><em>ἐλάσσονας,</em></strong></span> <span class='ocrx_word' id='word_1_88' title='bbox 660 1307 785 1395; x_wconf 74' lang='grc' dir='ltr'><strong><em>ἄνδρας</em></strong></span> <span class='ocrx_word' id='word_1_89' title='bbox 799 1334 835 1376; x_wconf 89' lang='grc' dir='ltr'><strong><em>τε</em></strong></span> <span class='ocrx_word' id='word_1_90' title='bbox 849 1308 1110 1397; x_wconf 76' lang='grc' dir='ltr'><strong><em>άναραθμητους,</em></strong></span> 
     </span>
    </p>
   </div>
   <div class='ocr_carea' id='block_1_7' title="bbox 3 1400 1112 1499">
    <p class='ocr_par' dir='ltr' id='par_1_7' title="bbox 3 1400 1112 1499">
     <span class='ocr_line' id='line_1_12' title="bbox 3 1400 1112 1499; baseline -0.021 -3"><span class='ocrx_word' id='word_1_91' title='bbox 3 1450 4 1457; x_wconf 74' lang='grc'>’</span> <span class='ocrx_word' id='word_1_92' title='bbox 110 1405 287 1493; x_wconf 63' lang='grc' dir='ltr'><strong><em>λθθμᾶῑων</em></strong></span> <span class='ocrx_word' id='word_1_93' title='bbox 297 1432 333 1473; x_wconf 69' lang='grc' dir='ltr'><strong><em>τε</em></strong></span> <span class='ocrx_word' id='word_1_94' title='bbox 342 1400 472 1494; x_wconf 72' lang='grc' dir='ltr'><strong><em>πλῆθος</em></strong></span> <span class='ocrx_word' id='word_1_95' title='bbox 482 1405 652 1493; x_wconf 67' lang='grc' dir='ltr'><strong><em>ἄφθονον,</em></strong></span> <span class='ocrx_word' id='word_1_96' title='bbox 662 1407 745 1475; x_wconf 75' lang='grc' dir='ltr'><strong><em>ὥστε</em></strong></span> <span class='ocrx_word' id='word_1_97' title='bbox 757 1407 1011 1499; x_wconf 77' lang='grc' dir='ltr'><strong><em>Ἀμεινοκλέιτῷ</em></strong></span> <span class='ocrx_word' id='word_1_98' title='bbox 1019 1416 1112 1495; x_wconf 88' lang='grc' dir='ltr'><strong><em>Κρη-</em></strong></span> 
     </span>
    </p>
   </div>
   <div class='ocr_carea' id='block_1_8' title="bbox 3 1488 1110 1593">
    <p class='ocr_par' dir='ltr' id='par_1_8' title="bbox 3 1488 1110 1593">
     <span class='ocr_line' id='line_1_13' title="bbox 3 1488 1110 1593; baseline 0.001 -22"><span class='ocrx_word' id='word_1_99' title='bbox 3 1488 5 1571; x_wconf 40' lang='lat'><em>7</em></span> <span class='ocrx_word' id='word_1_100' title='bbox 109 1510 208 1572; x_wconf 90' lang='grc' dir='ltr'><strong><em>τίνεω</em></strong></span> <span class='ocrx_word' id='word_1_101' title='bbox 224 1501 322 1592; x_wconf 86' lang='grc' dir='ltr'><strong><em>ιἰνδρὶ</em></strong></span> <span class='ocrx_word' id='word_1_102' title='bbox 339 1505 498 1592; x_wconf 76' lang='grc' dir='ltr'><strong><em>Μάγνητι</em></strong></span> <span class='ocrx_word' id='word_1_103' title='bbox 512 1506 683 1593; x_wconf 74' lang='grc' dir='ltr'><strong><em>γηοχέοντι</em></strong></span> <span class='ocrx_word' id='word_1_104' title='bbox 698 1506 773 1590; x_wconf 81' lang='grc' dir='ltr'><strong><em>περὶ</em></strong></span> <span class='ocrx_word' id='word_1_105' title='bbox 790 1505 947 1592; x_wconf 76' lang='grc' dir='ltr'><strong><em>Σηπιάδα</em></strong></span> <span class='ocrx_word' id='word_1_106' title='bbox 961 1506 1110 1592; x_wconf 82' lang='grc' dir='ltr'><strong><em>μεγάλως</em></strong></span> 
     </span>
    </p>
   </div>
   <div class='ocr_carea' id='block_1_9' title="bbox 3 1594 1110 1690">
    <p class='ocr_par' dir='ltr' id='par_1_9' title="bbox 3 1594 1110 1690">
     <span class='ocr_line' id='line_1_14' title="bbox 3 1594 1110 1690; baseline -0.003 -19"><span class='ocrx_word' id='word_1_107' title='bbox 3 1594 5 1617; x_wconf 60' lang='lat'>³</span> <span class='ocrx_word' id='word_1_108' title='bbox 109 1598 130 1687; x_wconf 83' lang='grc' dir='ltr'><em>ἡ</em></span> <span class='ocrx_word' id='word_1_109' title='bbox 148 1610 291 1690; x_wconf 92' lang='grc' dir='ltr'><strong><em>ναυηγίη</em></strong></span> <span class='ocrx_word' id='word_1_110' title='bbox 309 1601 394 1689; x_wconf 78' lang='grc' dir='ltr'><strong><em>αὕτη</em></strong></span> <span class='ocrx_word' id='word_1_111' title='bbox 413 1601 537 1690; x_wconf 81' lang='grc' dir='ltr'><strong><em>χρηστὴ</em></strong></span> <span class='ocrx_word' id='word_1_112' title='bbox 559 1606 705 1689; x_wconf 89' lang='grc' dir='ltr'><strong><em>ἐγένετο,</em></strong></span> <span class='ocrx_word' id='word_1_113' title='bbox 727 1601 763 1680; x_wconf 82' lang='grc' dir='ltr'><strong><em>ὃς</em></strong></span> <span class='ocrx_word' id='word_1_114' title='bbox 779 1603 886 1671; x_wconf 85' lang='grc' dir='ltr'><strong><em>πολλά</em></strong></span> <span class='ocrx_word' id='word_1_115' title='bbox 906 1605 968 1689; x_wconf 75' lang='grc' dir='ltr'><strong><em>μέν</em></strong></span> <span class='ocrx_word' id='word_1_116' title='bbox 988 1603 1110 1690; x_wconf 83' lang='grc' dir='ltr'><strong><em>χρύσεα</em></strong></span> 
     </span>
    </p>
   </div>
   <div class='ocr_carea' id='block_1_10' title="bbox 110 1697 1113 1885">
    <p class='ocr_par' dir='ltr' id='par_1_10' title="bbox 110 1697 1113 1885">
     <span class='ocr_line' id='line_1_15' title="bbox 110 1697 1110 1793; baseline 0.001 -25"><span class='ocrx_word' id='word_1_117' title='bbox 110 1700 250 1788; x_wconf 80' lang='grc' dir='ltr'><strong><em>ποτήρια</em></strong></span> <span class='ocrx_word' id='word_1_118' title='bbox 262 1698 390 1792; x_wconf 77' lang='grc' dir='ltr'><strong><em>ὑστέρην</em></strong></span> <span class='ocrx_word' id='word_1_119' title='bbox 401 1703 512 1793; x_wconf 74' lang='grc' dir='ltr'><strong><em>χρόνῳ</em></strong></span> <span class='ocrx_word' id='word_1_120' title='bbox 523 1702 772 1788; x_wconf 75' lang='grc' dir='ltr'><strong><em>ἐκβρασσόμενα</em></strong></span> <span class='ocrx_word' id='word_1_121' title='bbox 787 1697 945 1786; x_wconf 75' lang='grc' dir='ltr'><strong><em>ἀνείλετο,</em></strong></span> <span class='ocrx_word' id='word_1_122' title='bbox 958 1700 1064 1770; x_wconf 84' lang='grc' dir='ltr'><strong><em>πολλά</em></strong></span> <span class='ocrx_word' id='word_1_123' title='bbox 1076 1702 1110 1769; x_wconf 71' lang='grc' dir='ltr'><strong><em>δὲ</em></strong></span> 
     </span>
     <span class='ocr_line' id='line_1_16' title="bbox 111 1790 1113 1885; baseline 0 -20"><span class='ocrx_word' id='word_1_124' title='bbox 111 1798 269 1885; x_wconf 85' lang='grc' dir='ltr'><strong><em>άργάρεα,</em></strong></span> <span class='ocrx_word' id='word_1_125' title='bbox 280 1801 478 1884; x_wconf 82' lang='grc' dir='ltr'><strong><em>θησαυρούς</em></strong></span> <span class='ocrx_word' id='word_1_126' title='bbox 487 1826 522 1866; x_wconf 90' lang='grc' dir='ltr'><strong><em>τε</em></strong></span> <span class='ocrx_word' id='word_1_127' title='bbox 533 1798 765 1884; x_wconf 78' lang='grc' dir='ltr'><strong><em>τῶνΠερσέων</em></strong></span> <span class='ocrx_word' id='word_1_128' title='bbox 777 1790 865 1882; x_wconf 82' lang='grc' dir='ltr'><strong><em>εάρε,</em></strong></span> <span class='ocrx_word' id='word_1_129' title='bbox 878 1797 961 1865; x_wconf 84' lang='grc' dir='ltr'><strong><em>άλλα</em></strong></span> <span class='ocrx_word' id='word_1_130' title='bbox 971 1824 1007 1864; x_wconf 89' lang='grc' dir='ltr'><strong><em>τε</em></strong></span> <span class='ocrx_word' id='word_1_131' title='bbox 1019 1799 1113 1884; x_wconf 86' lang='grc' dir='ltr'><strong><em>[χρό-</em></strong></span> 
     </span>
    </p>
   </div>
   <div class='ocr_carea' id='block_1_11' title="bbox 3 1889 1112 2085">
    <p class='ocr_par' dir='ltr' id='par_1_11' title="bbox 3 1889 1112 2085">
     <span class='ocr_line' id='line_1_17' title="bbox 3 1889 1108 1984; baseline -0.001 -19"><span class='ocrx_word' id='word_1_132' title='bbox 3 1952 5 1965; x_wconf 46' lang='lat'>1</span> <span class='ocrx_word' id='word_1_133' title='bbox 112 1905 180 1980; x_wconf 79' lang='grc' dir='ltr'><strong><em>στα]</em></strong></span> <span class='ocrx_word' id='word_1_134' title='bbox 196 1894 307 1981; x_wconf 84' lang='grc' dir='ltr'><strong><em>άφατα</em></strong></span> <span class='ocrx_word' id='word_1_135' title='bbox 321 1897 469 1984; x_wconf 80' lang='grc' dir='ltr'><strong><em>χρήματα</em></strong></span> <span class='ocrx_word' id='word_1_136' title='bbox 487 1897 710 1982; x_wconf 86' lang='grc' dir='ltr'><strong><em>περιεβάλετο.</em></strong></span> <span class='ocrx_word' id='word_1_137' title='bbox 735 1892 809 1961; x_wconf 79' lang='grc' dir='ltr'><strong><em>ἄλλ’</em></strong></span> <span class='ocrx_word' id='word_1_138' title='bbox 829 1893 921 1979; x_wconf 72' lang='grc' dir='ltr'><strong><em>ὁμέν</em></strong></span> <span class='ocrx_word' id='word_1_139' title='bbox 934 1889 1037 1964; x_wconf 80' lang='grc' dir='ltr'><strong><em>τᾶλλα</em></strong></span> <span class='ocrx_word' id='word_1_140' title='bbox 1050 1894 1108 1964; x_wconf 82' lang='grc' dir='ltr'><strong><em>οὐκ</em></strong></span> 
     </span>
     <span class='ocr_line' id='line_1_18' title="bbox 4 1987 1112 2085; baseline 0.002 -28"><span class='ocrx_word' id='word_1_141' title='bbox 4 2018 9 2085; x_wconf 59' lang='grc' dir='ltr'><strong><em>,ι</em></strong></span> <span class='ocrx_word' id='word_1_142' title='bbox 113 1988 276 2075; x_wconf 79' lang='grc' dir='ltr'><strong><em>εὐτυχέων</em></strong></span> <span class='ocrx_word' id='word_1_143' title='bbox 291 1990 454 2077; x_wconf 81' lang='grc' dir='ltr'><strong><em>εὑρήμασι</em></strong></span> <span class='ocrx_word' id='word_1_144' title='bbox 469 1998 552 2077; x_wconf 85' lang='grc' dir='ltr'><strong><em>μέγα</em></strong></span> <span class='ocrx_word' id='word_1_145' title='bbox 567 1991 727 2069; x_wconf 82' lang='grc' dir='ltr'><strong><em>πλούσιος</em></strong></span> <span class='ocrx_word' id='word_1_146' title='bbox 748 1994 894 2077; x_wconf 86' lang='grc' dir='ltr'><strong><em>ἐγένετο·</em></strong></span> <span class='ocrx_word' id='word_1_147' title='bbox 922 1987 967 2079; x_wconf 80' lang='grc' dir='ltr'><strong><em>ἦν</em></strong></span> <span class='ocrx_word' id='word_1_148' title='bbox 981 1993 1046 2080; x_wconf 91' lang='grc' dir='ltr'><strong><em>γάρ</em></strong></span> <span class='ocrx_word' id='word_1_149' title='bbox 1063 2019 1112 2070; x_wconf 89' lang='grc' dir='ltr'><strong><em>τις</em></strong></span> 
     </span>
    </p>
   </div>
   <div class='ocr_carea' id='block_1_12' title="bbox 90 2087 1177 2177">
    <p class='ocr_par' dir='ltr' id='par_1_12' title="bbox 90 2087 1177 2177">
     <span class='ocr_line' id='line_1_19' title="bbox 90 2087 1177 2177; baseline 0.002 -21"><span class='ocrx_word' id='word_1_150' title='bbox 90 2126 94 2133; x_wconf 91' lang='grc'><strong><em>·</em></strong></span> <span class='ocrx_word' id='word_1_151' title='bbox 112 2092 166 2157; x_wconf 83' lang='grc' dir='ltr'><strong><em>καὶ</em></strong></span> <span class='ocrx_word' id='word_1_152' title='bbox 179 2097 300 2158; x_wconf 78' lang='grc' dir='ltr'><strong><em>τοῦτον</em></strong></span> <span class='ocrx_word' id='word_1_153' title='bbox 311 2089 427 2176; x_wconf 82' lang='grc' dir='ltr'><strong><em>άχαρις</em></strong></span> <span class='ocrx_word' id='word_1_154' title='bbox 438 2087 594 2177; x_wconf 79' lang='grc' dir='ltr'><strong><em>συμφορὴ</em></strong></span> <span class='ocrx_word' id='word_1_155' title='bbox 607 2095 758 2157; x_wconf 79' lang='grc' dir='ltr'><strong><em>λυπεῦσα</em></strong></span> <span class='ocrx_word' id='word_1_156' title='bbox 769 2089 984 2176; x_wconf 86' lang='grc' dir='ltr'><strong><em>παιδοφόνος.</em></strong></span> <span class='ocrx_word' id='word_1_157' title='bbox 1008 2097 1112 2158; x_wconf 85' lang='grc' dir='ltr'><strong><em>Σιτα-</em></strong></span> <span class='ocrx_word' id='word_1_158' title='bbox 1132 2113 1177 2167; x_wconf 80' lang='lat'><strong><em>191</em></strong></span> 
     </span>
    </p>
   </div>
   <div class='ocr_carea' id='block_1_13' title="bbox 5 2185 1114 2570">
    <p class='ocr_par' dir='ltr' id='par_1_13' title="bbox 5 2185 1114 2570">
     <span class='ocr_line' id='line_1_20' title="bbox 5 2185 1112 2275; baseline 0.005 -26"><span class='ocrx_word' id='word_1_159' title='bbox 5 2192 7 2249; x_wconf 72' lang='grc' dir='ltr'><strong><em>ἓ</em></strong></span> <span class='ocrx_word' id='word_1_160' title='bbox 110 2194 231 2274; x_wconf 80' lang='grc' dir='ltr'><strong><em>γωγῶν</em></strong></span> <span class='ocrx_word' id='word_1_161' title='bbox 246 2188 282 2254; x_wconf 77' lang='grc' dir='ltr'><strong><em>δέ</em></strong></span> <span class='ocrx_word' id='word_1_162' title='bbox 297 2185 452 2256; x_wconf 82' lang='grc' dir='ltr'><strong><em>ὁλκάδων</em></strong></span> <span class='ocrx_word' id='word_1_163' title='bbox 464 2190 597 2255; x_wconf 78' lang='grc' dir='ltr'><strong><em>καὶτῶν</em></strong></span> <span class='ocrx_word' id='word_1_164' title='bbox 611 2185 723 2254; x_wconf 76' lang='grc' dir='ltr'><strong><em>ἄλλων</em></strong></span> <span class='ocrx_word' id='word_1_165' title='bbox 733 2192 860 2254; x_wconf 85' lang='grc' dir='ltr'><strong><em>πλοίων</em></strong></span> <span class='ocrx_word' id='word_1_166' title='bbox 871 2190 1112 2275; x_wconf 88' lang='grc' dir='ltr'><strong><em>διαφθειρομέ-</em></strong></span> 
     </span>
     <span class='ocr_line' id='line_1_21' title="bbox 5 2278 1111 2374; baseline 0.002 -23"><span class='ocrx_word' id='word_1_167' title='bbox 5 2318 7 2327; x_wconf 55' lang='lat'>&gt;</span> <span class='ocrx_word' id='word_1_168' title='bbox 113 2311 181 2353; x_wconf 83' lang='grc' dir='ltr'><strong><em>νων</em></strong></span> <span class='ocrx_word' id='word_1_169' title='bbox 197 2284 258 2353; x_wconf 82' lang='grc' dir='ltr'><strong><em>οίκι</em></strong></span> <span class='ocrx_word' id='word_1_170' title='bbox 272 2278 358 2373; x_wconf 78' lang='grc' dir='ltr'><strong><em>ἐπῆν</em></strong></span> <span class='ocrx_word' id='word_1_171' title='bbox 366 2283 528 2374; x_wconf 75' lang='grc' dir='ltr'><strong><em>ἀριθμός,</em></strong></span> <span class='ocrx_word' id='word_1_172' title='bbox 547 2283 631 2353; x_wconf 79' lang='grc' dir='ltr'><strong><em>όστε</em></strong></span> <span class='ocrx_word' id='word_1_173' title='bbox 643 2288 811 2362; x_wconf 88' lang='grc' dir='ltr'><strong><em>δείσαντες</em></strong></span> <span class='ocrx_word' id='word_1_174' title='bbox 821 2289 855 2353; x_wconf 89' lang='grc' dir='ltr'><strong><em>οί</em></strong></span> <span class='ocrx_word' id='word_1_175' title='bbox 864 2287 1040 2371; x_wconf 72' lang='grc' dir='ltr'><strong><em>στρατηγοὶ</em></strong></span> <span class='ocrx_word' id='word_1_176' title='bbox 1050 2292 1111 2353; x_wconf 82' lang='grc' dir='ltr'><strong><em>τοῦ</em></strong></span> 
     </span>
     <span class='ocr_line' id='line_1_22' title="bbox 6 2383 1114 2471; baseline -0.001 -19"><span class='ocrx_word' id='word_1_177' title='bbox 6 2410 8 2427; x_wconf 47' lang='grc' dir='ltr'><strong><em>ι</em></strong></span> <span class='ocrx_word' id='word_1_178' title='bbox 112 2391 271 2452; x_wconf 85' lang='grc' dir='ltr'><strong><em>ναυτικοῦ</em></strong></span> <span class='ocrx_word' id='word_1_179' title='bbox 286 2392 439 2471; x_wconf 85' lang='grc' dir='ltr'><strong><em>στρατοῦ,</em></strong></span> <span class='ocrx_word' id='word_1_180' title='bbox 455 2384 501 2471; x_wconf 81' lang='grc' dir='ltr'><strong><em>μή</em></strong></span> <span class='ocrx_word' id='word_1_181' title='bbox 517 2403 578 2470; x_wconf 87' lang='grc' dir='ltr'><strong><em>σφι</em></strong></span> <span class='ocrx_word' id='word_1_182' title='bbox 592 2383 852 2468; x_wconf 82' lang='grc' dir='ltr'><strong><em>κεκακωμένοισι</em></strong></span> <span class='ocrx_word' id='word_1_183' title='bbox 868 2384 1067 2451; x_wconf 74' lang='grc' dir='ltr'><strong><em>ἐπιθέωνται</em></strong></span> <span class='ocrx_word' id='word_1_184' title='bbox 1081 2388 1114 2451; x_wconf 73' lang='lat' dir='ltr'><strong><em>ol</em></strong></span> 
     </span>
     <span class='ocr_line' id='line_1_23' title="bbox 11 2479 1109 2570; baseline -0.005 -17"><span class='ocrx_word' id='word_1_185' title='bbox 11 2544 16 2553; x_wconf 94' lang='lat'><em>.</em></span> <span class='ocrx_word' id='word_1_186' title='bbox 111 2484 283 2568; x_wconf 81' lang='grc' dir='ltr'><strong><em>Θεσσαλοὶ,</em></strong></span> <span class='ocrx_word' id='word_1_187' title='bbox 300 2485 395 2566; x_wconf 78' lang='grc' dir='ltr'><strong><em>ἕρκος</em></strong></span> <span class='ocrx_word' id='word_1_188' title='bbox 406 2479 585 2569; x_wconf 78' lang='grc' dir='ltr'><strong><em>ὑάηλόνέκ</em></strong></span> <span class='ocrx_word' id='word_1_189' title='bbox 596 2488 664 2548; x_wconf 78' lang='grc' dir='ltr'><strong><em>τῶν</em></strong></span> <span class='ocrx_word' id='word_1_190' title='bbox 675 2486 847 2566; x_wconf 77' lang='grc' dir='ltr'><strong><em>ναυηγίων</em></strong></span> <span class='ocrx_word' id='word_1_191' title='bbox 861 2483 1109 2570; x_wconf 82' lang='grc' dir='ltr'><strong><em>περιεβάλοντο.</em></strong></span> 
     </span>
    </p>
   </div>
   <div class='ocr_carea' id='block_1_14' title="bbox 110 2576 1114 2768">
    <p class='ocr_par' dir='ltr' id='par_1_14' title="bbox 110 2576 1114 2768">
     <span class='ocr_line' id='line_1_24' title="bbox 110 2576 1114 2668; baseline -0.008 -10"><span class='ocrx_word' id='word_1_192' title='bbox 110 2577 233 2665; x_wconf 68' lang='grc' dir='ltr'><strong><em>ἡμέρας</em></strong></span> <span class='ocrx_word' id='word_1_193' title='bbox 246 2576 311 2664; x_wconf 81' lang='grc' dir='ltr'><strong><em>γὰρ</em></strong></span> <span class='ocrx_word' id='word_1_194' title='bbox 328 2579 368 2665; x_wconf 79' lang='grc' dir='ltr'><strong><em>δὴ</em></strong></span> <span class='ocrx_word' id='word_1_195' title='bbox 391 2583 534 2667; x_wconf 73' lang='grc' dir='ltr'><strong><em>ἐχείμαζε</em></strong></span> <span class='ocrx_word' id='word_1_196' title='bbox 554 2595 658 2668; x_wconf 80' lang='grc' dir='ltr'><strong><em>τρεῖς·</em></strong></span> <span class='ocrx_word' id='word_1_197' title='bbox 686 2585 778 2658; x_wconf 86' lang='grc' dir='ltr'><strong><em>τέλος</em></strong></span> <span class='ocrx_word' id='word_1_198' title='bbox 795 2581 832 2648; x_wconf 74' lang='grc' dir='ltr'><strong><em>δὲ</em></strong></span> <span class='ocrx_word' id='word_1_199' title='bbox 847 2584 969 2668; x_wconf 86' lang='grc' dir='ltr'><strong><em>ἔντομά</em></strong></span> <span class='ocrx_word' id='word_1_200' title='bbox 985 2610 1021 2650; x_wconf 88' lang='grc' dir='ltr'><strong><em>τε</em></strong></span> <span class='ocrx_word' id='word_1_201' title='bbox 1036 2608 1114 2651; x_wconf 84' lang='grc' dir='ltr'><strong><em>ποι-</em></strong></span> 
     </span>
     <span class='ocr_line' id='line_1_25' title="bbox 112 2675 1114 2768; baseline 0 -22"><span class='ocrx_word' id='word_1_202' title='bbox 112 2684 225 2755; x_wconf 83' lang='grc' dir='ltr'><strong><em>εῦντες</em></strong></span> <span class='ocrx_word' id='word_1_203' title='bbox 240 2682 294 2744; x_wconf 81' lang='grc' dir='ltr'><strong><em>καὶ</em></strong></span> <span class='ocrx_word' id='word_1_204' title='bbox 309 2683 538 2756; x_wconf 85' lang='grc' dir='ltr'><strong><em>καταείδοντες</em></strong></span> <span class='ocrx_word' id='word_1_205' title='bbox 552 2686 650 2766; x_wconf 78' lang='grc' dir='ltr'><strong><em>γοῇσι</em></strong></span> <span class='ocrx_word' id='word_1_206' title='bbox 664 2684 710 2766; x_wconf 76' lang='grc' dir='ltr'><strong><em>τῷ</em></strong></span> <span class='ocrx_word' id='word_1_207' title='bbox 725 2675 836 2768; x_wconf 81' lang='grc' dir='ltr'><strong><em>άνέμη</em></strong></span> <span class='ocrx_word' id='word_1_208' title='bbox 850 2682 885 2746; x_wconf 84' lang='grc' dir='ltr'><strong><em>οί</em></strong></span> <span class='ocrx_word' id='word_1_209' title='bbox 897 2679 1013 2764; x_wconf 83' lang='grc' dir='ltr'><strong><em>μάγοι,</em></strong></span> <span class='ocrx_word' id='word_1_210' title='bbox 1029 2679 1114 2766; x_wconf 85' lang='grc' dir='ltr'><strong><em>πρὸς</em></strong></span> 
     </span>
    </p>
   </div>
   <div class='ocr_carea' id='block_1_15' title="bbox 7 2772 1132 2961">
    <p class='ocr_par' dir='ltr' id='par_1_15' title="bbox 7 2772 1132 2961">
     <span class='ocr_line' id='line_1_26' title="bbox 7 2772 1132 2862; baseline 0.003 -22"><span class='ocrx_word' id='word_1_211' title='bbox 7 2782 8 2823; x_wconf 52' lang='grc' dir='ltr'><strong><em>ι</em></strong></span> <span class='ocrx_word' id='word_1_212' title='bbox 112 2776 148 2841; x_wconf 73' lang='grc' dir='ltr'><strong><em>δὲ</em></strong></span> <span class='ocrx_word' id='word_1_213' title='bbox 162 2772 309 2841; x_wconf 88' lang='grc' dir='ltr'><strong><em>τοάτοισι</em></strong></span> <span class='ocrx_word' id='word_1_214' title='bbox 326 2778 381 2844; x_wconf 86' lang='grc' dir='ltr'><strong><em>καὶ</em></strong></span> <span class='ocrx_word' id='word_1_215' title='bbox 395 2782 434 2862; x_wconf 81' lang='grc' dir='ltr'><strong><em>τῇ</em></strong></span> <span class='ocrx_word' id='word_1_216' title='bbox 446 2779 523 2843; x_wconf 76' lang='grc' dir='ltr'><strong><em>(δέτι</em></strong></span> <span class='ocrx_word' id='word_1_217' title='bbox 537 2780 591 2842; x_wconf 79' lang='grc' dir='ltr'><strong><em>καί</em></strong></span> <span class='ocrx_word' id='word_1_218' title='bbox 607 2782 681 2862; x_wconf 76' lang='grc' dir='ltr'><strong><em>τῇσι</em></strong></span> <span class='ocrx_word' id='word_1_219' title='bbox 693 2781 838 2860; x_wconf 80' lang='grc' dir='ltr'><strong><em>Νηρηίσι</em></strong></span> <span class='ocrx_word' id='word_1_220' title='bbox 853 2776 997 2854; x_wconf 80' lang='grc' dir='ltr'><strong><em>θύοντες</em></strong></span> <span class='ocrx_word' id='word_1_221' title='bbox 1008 2782 1093 2844; x_wconf 82' lang='grc' dir='ltr'><strong><em>έπαυ</em></strong></span> <span class='ocrx_word' id='word_1_222' title='bbox 1127 2788 1132 2799; x_wconf 97' lang='grc'>’</span> 
     </span>
     <span class='ocr_line' id='line_1_27' title="bbox 8 2868 1110 2961; baseline 0.001 -24"><span class='ocrx_word' id='word_1_223' title='bbox 8 2932 9 2937; x_wconf 73' lang='grc'><strong><em>,</em></strong></span> <span class='ocrx_word' id='word_1_224' title='bbox 112 2893 175 2938; x_wconf 89' lang='grc' dir='ltr'><strong><em>σαν</em></strong></span> <span class='ocrx_word' id='word_1_225' title='bbox 189 2870 327 2961; x_wconf 86' lang='grc' dir='ltr'><strong><em>τετάρτη</em></strong></span> <span class='ocrx_word' id='word_1_226' title='bbox 341 2869 457 2961; x_wconf 81' lang='grc' dir='ltr'><strong><em>ἡμέρη,</em></strong></span> <span class='ocrx_word' id='word_1_227' title='bbox 472 2868 613 2958; x_wconf 77' lang='grc' dir='ltr'><strong><em>ἢάλλως</em></strong></span> <span class='ocrx_word' id='word_1_228' title='bbox 624 2898 690 2950; x_wconf 90' lang='grc' dir='ltr'><strong><em>κως</em></strong></span> <span class='ocrx_word' id='word_1_229' title='bbox 704 2870 804 2951; x_wconf 81' lang='grc' dir='ltr'><strong><em>αὐτὸς</em></strong></span> <span class='ocrx_word' id='word_1_230' title='bbox 819 2875 946 2942; x_wconf 88' lang='grc' dir='ltr'><strong><em>έθέλων</em></strong></span> <span class='ocrx_word' id='word_1_231' title='bbox 960 2874 1110 2945; x_wconf 76' lang='grc' dir='ltr'><strong><em>ἐκόπασε.</em></strong></span> 
     </span>
    </p>
   </div>
   <div class='ocr_carea' id='block_1_16' title="bbox 8 2966 1113 3168">
    <p class='ocr_par' dir='ltr' id='par_1_16' title="bbox 8 2962 1113 3168">
     <span class='ocr_line' id='line_1_28' title="bbox 8 2966 1107 3063; baseline -0.003 -19"><span class='ocrx_word' id='word_1_232' title='bbox 8 2966 17 2991; x_wconf 55' lang='lat'><em>*</em></span> <span class='ocrx_word' id='word_1_233' title='bbox 112 2980 151 3063; x_wconf 80' lang='grc' dir='ltr'><strong><em>τῇ</em></strong></span> <span class='ocrx_word' id='word_1_234' title='bbox 165 2976 202 3040; x_wconf 77' lang='grc' dir='ltr'><strong><em>δὲ</em></strong></span> <span class='ocrx_word' id='word_1_235' title='bbox 217 2975 294 3041; x_wconf 79' lang='grc' dir='ltr'><strong><em>Θέτι</em></strong></span> <span class='ocrx_word' id='word_1_236' title='bbox 314 2980 421 3040; x_wconf 81' lang='grc' dir='ltr'><strong><em>ἔθυον</em></strong></span> <span class='ocrx_word' id='word_1_237' title='bbox 442 2972 631 3058; x_wconf 86' lang='grc' dir='ltr'><strong><em>πυθόμενοι</em></strong></span> <span class='ocrx_word' id='word_1_238' title='bbox 648 2971 738 3060; x_wconf 82' lang='grc' dir='ltr'><strong><em>παρά</em></strong></span> <span class='ocrx_word' id='word_1_239' title='bbox 760 2980 828 3040; x_wconf 77' lang='grc' dir='ltr'><strong><em>τάν</em></strong></span> <span class='ocrx_word' id='word_1_240' title='bbox 841 2972 962 3042; x_wconf 82' lang='grc' dir='ltr'><strong><em>Ἰάνων</em></strong></span> <span class='ocrx_word' id='word_1_241' title='bbox 978 2972 1039 3042; x_wconf 84' lang='grc' dir='ltr'><strong><em>τόν</em></strong></span> <span class='ocrx_word' id='word_1_242' title='bbox 1053 2977 1107 3044; x_wconf 90' lang='grc' dir='ltr'><strong><em>λό-</em></strong></span> 
     </span>
     <span class='ocr_line' id='line_1_29' title="bbox 9 3069 1113 3168; baseline -0.002 -26"><span class='ocrx_word' id='word_1_243' title='bbox 9 3076 12 3153; x_wconf 62' lang='grc'><strong><em>,</em></strong></span> <span class='ocrx_word' id='word_1_244' title='bbox 111 3098 190 3160; x_wconf 88' lang='grc' dir='ltr'><strong><em>γον,</em></strong></span> <span class='ocrx_word' id='word_1_245' title='bbox 213 3069 258 3150; x_wconf 80' lang='grc' dir='ltr'><strong><em>ὥς</em></strong></span> <span class='ocrx_word' id='word_1_246' title='bbox 272 3073 308 3139; x_wconf 90' lang='grc' dir='ltr'><strong><em>ἐκ</em></strong></span> <span class='ocrx_word' id='word_1_247' title='bbox 323 3079 384 3139; x_wconf 85' lang='grc' dir='ltr'><strong><em>τοῦ</em></strong></span> <span class='ocrx_word' id='word_1_248' title='bbox 403 3073 516 3160; x_wconf 78' lang='grc' dir='ltr'><strong><em>χοίρου</em></strong></span> <span class='ocrx_word' id='word_1_249' title='bbox 538 3072 660 3140; x_wconf 83' lang='grc' dir='ltr'><strong><em>τούτου</em></strong></span> <span class='ocrx_word' id='word_1_250' title='bbox 680 3070 870 3159; x_wconf 81' lang='grc' dir='ltr'><strong><em>ἁρπασθείη</em></strong></span> <span class='ocrx_word' id='word_1_251' title='bbox 892 3070 958 3140; x_wconf 82' lang='grc' dir='ltr'><strong><em>ὑπό</em></strong></span> <span class='ocrx_word' id='word_1_252' title='bbox 973 3075 1113 3168; x_wconf 71' lang='grc' dir='ltr'><strong><em>Πηλέος,</em></strong></span> 
     </span>
    </p>
   </div>
   <div class='ocr_carea' id='block_1_17' title="bbox 9 3164 1115 3257">
    <p class='ocr_par' dir='ltr' id='par_1_17' title="bbox 9 3164 1115 3257">
     <span class='ocr_line' id='line_1_30' title="bbox 9 3164 1115 3257; baseline -0.004 -18"><span class='ocrx_word' id='word_1_253' title='bbox 9 3164 11 3177; x_wconf 64' lang='grc'><em>’</em></span> <span class='ocrx_word' id='word_1_254' title='bbox 77 3244 82 3254; x_wconf 55' lang='lat'><em>,</em></span> <span class='ocrx_word' id='word_1_255' title='bbox 111 3181 162 3257; x_wconf 86' lang='grc' dir='ltr'><strong><em>είη</em></strong></span> <span class='ocrx_word' id='word_1_256' title='bbox 177 3197 212 3238; x_wconf 87' lang='grc' dir='ltr'><strong><em>τε</em></strong></span> <span class='ocrx_word' id='word_1_257' title='bbox 226 3167 338 3238; x_wconf 82' lang='grc' dir='ltr'><strong><em>άπασα</em></strong></span> <span class='ocrx_word' id='word_1_258' title='bbox 352 3166 373 3256; x_wconf 83' lang='grc' dir='ltr'><em>ἡ</em></span> <span class='ocrx_word' id='word_1_259' title='bbox 388 3167 470 3255; x_wconf 83' lang='grc' dir='ltr'><strong><em>άκτη</em></strong></span> <span class='ocrx_word' id='word_1_260' title='bbox 485 3167 506 3256; x_wconf 82' lang='grc' dir='ltr'><em>ἡ</em></span> <span class='ocrx_word' id='word_1_261' title='bbox 519 3167 650 3255; x_wconf 86' lang='grc' dir='ltr'><strong><em>Σηπιάς</em></strong></span> <span class='ocrx_word' id='word_1_262' title='bbox 665 3172 792 3254; x_wconf 87' lang='grc' dir='ltr'><strong><em>ἐκείνης</em></strong></span> <span class='ocrx_word' id='word_1_263' title='bbox 802 3195 836 3236; x_wconf 86' lang='grc' dir='ltr'><strong><em>τε</em></strong></span> <span class='ocrx_word' id='word_1_264' title='bbox 852 3172 989 3235; x_wconf 79' lang='grc' dir='ltr'><strong><em>καὶτῶν</em></strong></span> <span class='ocrx_word' id='word_1_265' title='bbox 1004 3168 1115 3237; x_wconf 83' lang='grc' dir='ltr'><strong><em>άλλων</em></strong></span> 
     </span>
    </p>
   </div>
   <div class='ocr_carea' id='block_1_18' title="bbox 10 3228 1272 3552">
    <p class='ocr_par' dir='ltr' id='par_1_18' title="bbox 10 3228 1272 3552">
     <span class='ocr_line' id='line_1_31' title="bbox 111 3228 1272 3355; baseline 0 -20"><span class='ocrx_word' id='word_1_266' title='bbox 111 3271 302 3353; x_wconf 79' lang='grc' dir='ltr'><strong><em>Νηρηίδων.</em></strong></span> <span class='ocrx_word' id='word_1_267' title='bbox 319 3264 356 3333; x_wconf 85' lang='grc' dir='ltr'><em>Ὁ</em></span> <span class='ocrx_word' id='word_1_268' title='bbox 371 3264 486 3354; x_wconf 79' lang='grc' dir='ltr'><strong><em>μὲνδὴ</em></strong></span> <span class='ocrx_word' id='word_1_269' title='bbox 502 3267 641 3354; x_wconf 87' lang='grc' dir='ltr'><strong><em>τετάρτη</em></strong></span> <span class='ocrx_word' id='word_1_270' title='bbox 656 3265 763 3355; x_wconf 86' lang='grc' dir='ltr'><strong><em>ἡμέρη</em></strong></span> <span class='ocrx_word' id='word_1_271' title='bbox 779 3269 960 3352; x_wconf 89' lang='grc' dir='ltr'><strong><em>ἐπέπαυτο,</em></strong></span> <span class='ocrx_word' id='word_1_272' title='bbox 974 3283 1059 3335; x_wconf 83' lang='grc' dir='ltr'><strong><em>τοῖσι</em></strong></span> <span class='ocrx_word' id='word_1_273' title='bbox 1078 3271 1114 3335; x_wconf 72' lang='grc' dir='ltr'><strong><em>δέ</em></strong></span> <span class='ocrx_word' id='word_1_274' title='bbox 1130 3288 1180 3345; x_wconf 70' lang='grc' dir='ltr'><strong><em>ιρι</em></strong></span> <span class='ocrx_word' id='word_1_275' title='bbox 1271 3228 1272 3231; x_wconf 9' lang='lat'>¹</span> 
     </span>
     <span class='ocr_line' id='line_1_32' title="bbox 104 3361 1114 3451; baseline -0.002 -18"><span class='ocrx_word' id='word_1_276' title='bbox 104 3367 246 3451; x_wconf 80' lang='grc' dir='ltr'><strong><em>Ἕλλησι</em></strong></span> <span class='ocrx_word' id='word_1_277' title='bbox 261 3367 295 3432; x_wconf 85' lang='grc' dir='ltr'><strong><em>οί</em></strong></span> <span class='ocrx_word' id='word_1_278' title='bbox 313 3362 540 3451; x_wconf 83' lang='grc' dir='ltr'><strong><em>ἡμεροσκόποι</em></strong></span> <span class='ocrx_word' id='word_1_279' title='bbox 562 3363 626 3433; x_wconf 82' lang='grc' dir='ltr'><strong><em>άπὸ</em></strong></span> <span class='ocrx_word' id='word_1_280' title='bbox 644 3372 712 3434; x_wconf 78' lang='grc' dir='ltr'><strong><em>τῶν</em></strong></span> <span class='ocrx_word' id='word_1_281' title='bbox 726 3365 840 3450; x_wconf 87' lang='grc' dir='ltr'><strong><em>άκρων</em></strong></span> <span class='ocrx_word' id='word_1_282' title='bbox 855 3373 923 3431; x_wconf 82' lang='grc' dir='ltr'><strong><em>τῶν</em></strong></span> <span class='ocrx_word' id='word_1_283' title='bbox 937 3361 1114 3451; x_wconf 74' lang='grc' dir='ltr'><strong><em>Εὐβοικῶν</em></strong></span> 
     </span>
     <span class='ocr_line' id='line_1_33' title="bbox 10 3457 1113 3552; baseline -0.006 -20"><span class='ocrx_word' id='word_1_284' title='bbox 10 3476 11 3481; x_wconf 75' lang='grc'>’</span> <span class='ocrx_word' id='word_1_285' title='bbox 113 3462 379 3549; x_wconf 83' lang='grc' dir='ltr'><strong><em>καταδραμόντες</em></strong></span> <span class='ocrx_word' id='word_1_286' title='bbox 395 3467 533 3551; x_wconf 83' lang='grc' dir='ltr'><strong><em>δευτέρη</em></strong></span> <span class='ocrx_word' id='word_1_287' title='bbox 547 3462 670 3552; x_wconf 81' lang='grc' dir='ltr'><strong><em>ἡμέρη,</em></strong></span> <span class='ocrx_word' id='word_1_288' title='bbox 686 3461 744 3532; x_wconf 76' lang='grc' dir='ltr'><strong><em>ἀπ’</em></strong></span> <span class='ocrx_word' id='word_1_289' title='bbox 760 3457 799 3549; x_wconf 80' lang='grc' dir='ltr'><strong><em>ἧς</em></strong></span> <span class='ocrx_word' id='word_1_290' title='bbox 815 3460 832 3530; x_wconf 89' lang='grc' dir='ltr'><strong><em>ό</em></strong></span> <span class='ocrx_word' id='word_1_291' title='bbox 848 3459 972 3547; x_wconf 72' lang='grc' dir='ltr'><strong><em>χειμών</em></strong></span> <span class='ocrx_word' id='word_1_292' title='bbox 987 3459 1004 3526; x_wconf 89' lang='grc' dir='ltr'><strong>ὁ</strong></span> <span class='ocrx_word' id='word_1_293' title='bbox 1021 3469 1113 3546; x_wconf 77' lang='grc' dir='ltr'><strong><em>πρῶ·</em></strong></span> 
     </span>
    </p>
   </div>
   <div class='ocr_carea' id='block_1_19' title="bbox 0 0 1308 3920">
    <p class='ocr_par' dir='ltr' id='par_1_19' title="bbox 0 0 1308 3920">
     <span class='ocr_line' id='line_1_34' title="bbox 0 0 1308 3920; baseline 0 0"><span class='ocrx_word' id='word_1_294' title='bbox 0 0 1308 3920; x_wconf 95' lang='lat' dir='ltr'><strong><em> </em></strong></span> 
     </span>
    </p>
   </div>
  </div>
 </body>
</html>
