2622 3928
211 257 252 319 30
586 259 837 318 HERODOTI

211 432 295 490 τοῖσι
311 423 347 488 δέ
360 416 382 508 ἡ
394 415 478 508 αάτὴ
493 416 577 506 αύτη
591 416 778 505 σύμμαχος·
800 415 1057 506 ὑπεκτιθέμενοι
1070 417 1137 509 γάρ
1153 427 1215 501 ἔξω

209 525 268 606 τῆς
278 517 387 605 χάρης
398 522 432 587 οί
439 521 554 597 παῖδες
563 523 631 585 τῶν
640 517 941 603 Πεισιστρατιδέων
951 515 1095 605 ἥλωσαν.
1114 526 1214 588 τοῦτο

211 617 247 686 δέ
270 614 314 697 ὡς
334 620 481 703 ἐγένετο,
508 615 617 684 πάντα
640 611 752 681 αὐτῶν
771 612 812 682 τά
834 615 1011 702 πράγματα
1034 616 1215 685 συνετετά-

210 741 327 803 ρακτο,
356 720 566 802 παρέστησαν
591 713 627 782 δὲ
650 715 703 782 ἐπλ
724 719 837 803 μισθῷ
861 727 947 781 τοῖσι
967 716 1131 802 τέκνοισι,
1160 718 1212 783 ἐπ’

209 811 275 884 οἷσι
290 814 471 902 ἐβούλοντο
487 818 521 882 οί
530 811 720 900 Ἀθηναῖοι,
738 810 822 880 ύστε
835 815 872 880 ἐν
887 813 986 881 πέντε
999 810 1141 904 ἡμέρησι
1155 812 1212 882 εἰιὶ

207 920 354 1003 χωρῆσαι
368 916 405 983 ἐκ
418 921 476 1001 τῆς
487 912 640 1000 Ἀττικῆς.
663 908 745 998 μετά
756 911 792 979 δὲ
808 910 1016 999 ἐξεχώρησαν
1026 914 1060 991 ἐς
1070 919 1213 999 Σίγειον

207 1009 245 1080 τό
268 1013 321 1080 ἐπὶ
343 1018 390 1103 τῷ
417 1012 648 1103 Σκαμάνδρῳ,
677 1008 836 1096 ἀρξαντες
860 1011 924 1096 μὲν
944 1009 1132 1101 Ἀθηναίων
1156 1007 1209 1079 ἐπ’

208 1118 282 1180 ἐτεα
298 1115 331 1193 ἕξ
347 1137 383 1179 τε
397 1114 453 1180 καὶ
465 1113 661 1198 τριήκοντα,
685 1110 796 1188 ἐόντες
813 1108 850 1176 δὲ
863 1109 920 1177 καλ
933 1100 1028 1178 ούτοι
1042 1106 1213 1178 ἀνέκαθεν
1292 1138 1293 1145 ¹

207 1209 332 1279 Πύλιοί
342 1235 377 1278 τε
391 1210 446 1279 καὶ
458 1212 636 1295 Νηλεῖδαι,
658 1209 694 1276 ἐκ
708 1213 777 1274 τῶν
791 1204 903 1276 αὐτῶν
918 1207 1094 1294 γεγονότες
1107 1209 1162 1275 καὶ
1179 1210 1213 1275 οί
1292 1202 1293 1249 ἐ

207 1308 293 1398 ἀμφὶ
308 1310 444 1395 Κόδρον
461 1335 496 1377 τε
517 1310 572 1377 καὶ
587 1309 791 1392 Μέλανθον,
815 1313 850 1375 ολ
868 1305 1034 1394 πρότερον
1049 1305 1211 1394 ἐπήλυδες

207 1408 318 1486 ἐόντες
332 1411 485 1494 ἐγένοντο
496 1405 686 1493 Ἀθηναίων
699 1405 858 1493 βασιλέες.
882 1405 935 1472 ἐπὶ
954 1402 1078 1473 τούτου
1097 1404 1135 1473 δέ
1155 1409 1212 1472 καλ

207 1504 314 1575 τώυτό
342 1506 471 1593 οὔνομα
502 1504 779 1592 ἀπεμνημόνευσε
798 1502 1016 1592 Ἱπποκράτης
1042 1511 1089 1595 τῷ
1117 1508 1211 1574 παιδὶ
1271 1561 1276 1570 ,

207 1604 333 1672 θέσθαι
347 1601 408 1670 ιόν
421 1608 678 1689 Πεισίστρατον,
693 1605 746 1672 ἐπὶ
758 1610 820 1672 τοῦ
831 1606 999 1690 Νέστορος
1008 1605 1212 1692 Πεισιστρύ-
1292 1660 1293 1693 3

207 1725 268 1769 του
292 1700 492 1788 ποιεύμενος
516 1699 579 1790 τὴν
602 1704 805 1789 ἐπωνυμίην.
840 1700 929 1770 οὕτω
954 1702 1017 1790 μὲν
1037 1701 1209 1791 Ἀθηναῖοι

206 1798 386 1885 τυράννων
397 1797 677 1888 ἀπηλλάχθησαν,
690 1798 753 1869 ὅσα
765 1802 801 1870 δέ
812 1805 1099 1892 ἐλευθερωθέντες
1111 1805 1210 1893 ἔρξαν

204 1894 227 1985 ἢ
247 1905 379 1968 ἔπαθον
399 1897 553 1987 ἀξιόχρεα
577 1898 761 1988 ἀπηγήσιος
782 1903 862 1988 πρὶν
880 1897 902 1988 ἢ
920 1898 1049 1988 Ἰωνίην
1068 1928 1104 1971 τε
1123 1898 1209 1969 ἀπο-

205 2002 323 2083 στῆναι
348 1995 413 2066 ἀπὸ
434 2006 585 2087 Δαρείου
611 1999 666 2066 καλ
688 1995 928 2088 ’Ἀρισταγόρην
955 1997 1016 2069 τόν
1037 2001 1209 2089 Μιλήσιον
1292 2010 1293 2049 ³

205 2093 413 2186 ἀπικόμενον
428 2102 461 2179 ἐς
472 2097 618 2188 Ἀθήνας
630 2106 762 2187 χρηίσαι
779 2102 894 2185 σφέων
909 2103 1085 2188 βοηθέειν,
1104 2108 1207 2170 ταῦτα
1292 2142 1293 2181 3

203 2206 319 2285 πρύτα
335 2200 462 2287 φράσω.

154 2303 189 2361 66
284 2296 424 2386 Ἀθῆναι
439 2303 553 2369 ἐοῦσαι
564 2303 619 2368 καλ
631 2304 711 2387 πρὶν
720 2298 877 2385 μεγάλαι,
892 2297 967 2367 τότε
981 2297 1207 2387 ἀπαλλαχθεῖ-

204 2417 259 2464 σαι
279 2398 459 2485 τυράννων
476 2402 625 2485 ἐγίνοντο
640 2399 782 2486 μέζονες.
812 2400 850 2467 ἐν
870 2398 906 2466 δέ
926 2394 1045 2486 αὐτῇσι
1065 2398 1128 2466 δύο
1144 2395 1208 2466 άν-

204 2498 280 2582 δρες
294 2494 536 2583 ἐδυνάστευον,
559 2499 767 2584 Κλεισθένης
781 2522 816 2564 τε
836 2491 923 2583 ἀνὴρ
935 2494 1206 2586 Ἀλκμαιωνίδης,

203 2589 306 2681 ὅσπερ
329 2590 370 2679 δὴ
385 2594 489 2683 λόγον
510 2600 575 2682 ἔχει
596 2593 659 2683 την
674 2602 814 2683 Πυθίην
835 2592 1027 2684 ἀναπεῖσαι,
1050 2598 1106 2665 καλ
1120 2594 1207 2667 Ἰσα-

201 2689 305 2781 γόρης
326 2688 344 2761 ὁ
368 2692 558 2781 Τισάνδρου
580 2698 684 2781 οἰκίης
703 2695 766 2781 μὲν
789 2691 854 2763 ἐάν
875 2697 1031 2782 δοκίμου,
1057 2691 1142 2783 ἀτάρ
1163 2692 1206 2763 τά

201 2792 371 2861 ἀνέκαθεν
385 2790 448 2862 ούκ
464 2799 526 2880 ἔχω
543 2794 687 2881 φράσαι,
708 2793 836 2864 θύουσι
851 2794 888 2862 δὲ
900 2797 935 2862 οί
949 2796 1127 2882 συγγενέες
1139 2793 1200 2864 αύ-

200 2893 262 2957 τοῦ
275 2891 335 2957 Διὶ
349 2894 475 2980 Καρίην.
497 2883 591 2961 ούτοι
608 2896 643 2961 ot
654 2890 775 2980 ἀνδρες
789 2894 987 2961 ἐστασίασαν
1002 2895 1078 2976 περὶ
1095 2892 1201 2961 δυνά-

199 3009 289 3072 μιος,
311 2987 513 3074 ἑσσούμενος
535 2991 571 3057 δὲ
597 2987 615 3058 ὁ
639 2990 846 3077 Κλεισθένης
870 2988 930 3058 τόν
953 2995 1060 3078 δῆμον
1078 3010 1204 3077 προσε-

199 3087 391 3170 ταιρίζεται·
413 3083 494 3172 μετά
514 3087 551 3155 δὲ
568 3088 796 3176 τετραφύλους
809 3087 924 3168 ἐόντας
935 3086 1135 3177 Ἀθηναίους
1145 3094 1204 3156 δε-

199 3181 374 3267 καφύλονς
395 3184 543 3270 ἐποίησε,
570 3190 639 3253 τῶν
656 3182 770 3265 Ἴωνος
794 3190 925 3256 παίδων
943 3189 1122 3266 Γελέοντος
1145 3188 1203 3255 καλ
1292 3186 1293 3233 ³

199 3277 397 3366 Αἰγικόρεος
417 3283 472 3349 καὶ
491 3278 658 3369 Ἀργύδεω
677 3286 733 3353 καλ
749 3283 911 3373 Ὅπλητος
933 3282 1122 3368 ἀπαλλάξας
1140 3280 1202 3364 τάς

198 3380 404 3464 ἐπωνυμίας,
426 3377 572 3465 ἐξευρών
594 3378 626 3448 δ’
644 3382 765 3468 έτέρων
784 3380 908 3472 ἀγρεύων
923 3385 1113 3470 ἐπωνυμίας
1125 3386 1200 3452 ἐπι-

198 3482 344 3562 χωρίων,
377 3474 480 3563 πάρεξ
501 3489 661 3562 Αἴαντος·
693 3491 814 3554 τοῦτον
837 3484 875 3554 δέ
897 3482 956 3553 άτε
980 3482 1201 3572 ἀστυγείτονα
