2566 3934
218 223 280 290 158
369 268 373 276 ι
586 230 838 293 ΗΕΙλθθθΤιΙ

216 390 302 455 νέαν
323 383 475 475 άνδρῦν,
505 385 607 459 ἐπεάν
626 392 861 479 τελευτήσωσι,
889 390 931 461 ού
950 400 1138 483 παραυτίκα
1161 396 1206 465 δι

176 558 182 569 ‚
216 491 314 554 δοῦσι
327 487 524 575 ταριχεύειν,
543 486 622 557 οὐδὲ
636 487 712 558 ὅσαι
727 486 771 557 άν
785 496 864 564 ἔασι
881 488 1023 572 εὐειδέες
1033 490 1141 579 κάρτα
1157 494 1213 560 καλ

215 584 320 670 λόχου
343 591 685 672 πλεῦνος-γυναῖκες·
713 585 788 661 ἄλλ’
814 587 918 659 ἐπεάν
941 604 1085 677 τριταῖαι
1109 581 1131 676 ἢ
1157 613 1212 655 τε-

213 694 365 769 ταρταῖαι
375 684 547 771 γένωνται,
560 682 649 755 οὕτω
659 690 882 773 παραδιδοῦσι
892 701 978 758 τοῖσι
987 689 1211 776 ταριχεύουσι.

214 785 312 848 τοῦτο
339 779 376 849 δὲ
397 787 531 850 ποιεῦσι
551 779 640 850 οὕτω
664 787 764 852 τοῦδε
787 787 932 872 εἵνεκεν,
960 788 1018 869 ἵνα
1039 784 1086 872 μή
1102 802 1163 871 σφι
1180 786 1214 850 οί

214 881 402 967 ταριχευταὶ
427 890 611 1000 μίσμωνται
641 887 716 971 τῇσι
740 885 881 967 γυναιξί.
919 887 1123 969 λαμφθῆναι
1144 876 1212 965 γάρ

214 975 302 1045 τινά
306 996 389 1065 φασι
399 977 606 1099 μισφομενον
619 984 728 1066 νεκρῷ
742 978 933 1098 προσφάτῳ
940 974 1111 1065 γυναικὸς,
1129 998 1211 1042 κατ-

167 1094 202 1148 90
217 1090 304 1144 ελπαι
326 1072 417 1142 δέ
383 1101 443 1142 τον
457 1072 648 1163 ὁμότεχνον.
677 1073 735 1154 Ός
749 1071 820 1143 δ
798 1102 842 1143 αν
855 1101 876 1162 η
892 1072 1004 1147 αύτῦν
1018 1077 1213 1160 Αἰγυπτίων

216 1163 370 1254 ἦξείνων
385 1169 538 1259 ὁμοίως*
520 1197 587 1242 υπο
577 1170 818 1261 κροκοδείλου
834 1167 1050 1258 ἁρπασθελςύ
1066 1166 1125 1237 ὑπ’
1148 1165 1214 1237 αύ-

214 1275 275 1337 τοῦ
287 1276 349 1343 τοῦ
363 1276 515 1361 ποταμοῦ
532 1278 690 1358 φαίνηται
704 1267 867 1361 τεθνεάς,
895 1265 968 1338 κατ’
989 1266 1033 1356 ἣν
1053 1264 1098 1335 άν
1110 1266 1212 1345 πόλιν

92 1410 99 1417 -
216 1371 402 1458 ἐξενειχθῇ,
430 1370 571 1448 τούτους
595 1376 686 1441 πάσα
711 1367 840 1456 άνάχκη
864 1370 932 1437 έστλ
954 1364 1213 1453 ταριχεύσαντας

216 1465 321 1536 αὐτὸν
341 1471 397 1537 καὶ
417 1477 685 1559 περιστείλαντας
706 1468 750 1549 ὡς
768 1468 927 1541 ’κάλλιστα
942 1467 1052 1549 θάψαι
1067 1467 1104 1539 ἐν
1120 1469 1213 1553 ίρῇσι

214 1565 356 1654 θήκῃσι·
378 1562 457 1638 ούδέ
477 1573 604 1649 ψαῦσαι
624 1571 727 1648 ἔξεστι
748 1565 853 1635 αὐτοῦ
873 1564 977 1635 άλλον
992 1561 1114 1635 οὐδένα
1134 1560 1213 1630 ούτε

213 1673 282 1735 τῦν
302 1667 543 1755 προσηκόντων
563 1667 641 1737 ούτε
661 1674 730 1737 τάν
750 1674 875 1754 φίλοιν,
902 1664 987 1737 άλλά
1001 1691 1060 1753 μιν.
1080 1668 1114 1733 οί
1124 1667 1213 1752 ίρέες

215 1763 309 1841 αὐτοὶ
323 1771 357 1836 οί
369 1773 430 1841 τοῦ
443 1774 582 1856 Νείλου,
604 1767 662 1839 άτε
676 1772 780 1836 πλέον
792 1794 824 1835 τι
837 1763 860 1854 ἢ
872 1764 1065 1854 άνθροίπονΙ
1075 1759 1210 1853 νεκρὸν,

110 1871 112 1875 ’
213 1867 482 1955 χειραπτάζοντες
494 1866 671 1936 θάπτουσι

167 1983 200 2039 91
294 1965 513 2057 Ἑλληνικοῖσι
530 1968 567 2037 δέ
581 1976 748 2056 νομαίοισι
764 1967 929 2054 φεύγουσι
945 1972 1100 2054 χρᾶσθαι,
1122 1990 1159 2033 το
1143 1959 1213 2031 δὲ

216 2067 351 2162 σύμπαν
372 2074 493 2156 εἰπεῖν,
521 2065 599 2157 μηδ’
624 2067 735 2139 άλλοιν
744 2064 882 2156 μηδαμά
896 2070 1057 2153 μηδαμῶν
1072 2063 1214 2180 άνθριά-

215 2193 289 2236 πων
302 2177 478 2256 νομαίοισι
507 2173 541 2236 oc
552 2170 614 2255 μέν
630 2194 696 2236 νυν
709 2165 804 2235 ἄλλοι
817 2165 995 2252 Αἰγύπτιοι
1010 2161 1098 2231 ούτοι
1111 2167 1219 2228 τοῦτο

215 2266 443 2353 φυλάσσουσι,
481 2267 607 2337 ἔστιδὲ
628 2267 753 2351 Χέμμις
774 2264 870 2341 πόλις
884 2261 1010 2351 μεγάλη
1024 2265 1132 2350 νομοῦ
1149 2266 1213 2330 τοῦ
1273 2282 1274 2285 ’

216 2370 386 2449 Θηβαϊκοῦ
407 2363 506 2453 έμγύς
524 2367 614 2450 Νέης
635 2363 759 2441 πόλιος.
804 2364 841 2434 ἐν
861 2364 964 2453 ταύτη
983 2368 1023 2452 τῇ
1042 2359 1121 2431 πόλι
1143 2362 1213 2433 ἔστι

141 2458 150 2535 ’,
215 2467 362 2549 Περσέος
380 2470 441 2533 τοῦ
457 2464 595 2554 Δανάης
608 2460 685 2553 ίρόν
699 2462 926 2553 τετράγωνον,
947 2463 1041 2551 πέριξ
1055 2460 1091 2528 δέ
1105 2453 1213 2533 αὐτοῦ

216 2568 366 2647 φοίνικες
389 2565 567 2650 πεφύκασι.
590 2599 594 2604 ·
614 2563 655 2635 τά
676 2568 720 2637 δέ,
732 2564 888 2654 πρόπυλα
907 2568 968 2635 τοῦ
991 2567 1078 2650 ίροῦ·
1092 2560 1212 2631 λίθινά

216 2661 301 2747 ἐστι,
332 2660 451 2750 κάρταΙ
464 2664 607 2749 μεγάλα·
634 2666 688 2733 έπλ
712 2666 749 2733 δὲ
773 2659 903 2731 αῦτολσι
927 2655 1123 2750 ἀνδριάντες
1146 2657 1212 2727 δύο
1273 2726 1274 2735 ,

214 2759 325 2827 ἑστᾶσι
337 2766 464 2833 λίθινοι
479 2762 626 2851 μεγάλοι.
657 2766 694 2833 έν
709 2762 746 2833 δ
760 2787 805 2854 τςσ
791 2762 1088 2851 περιβεβλημένῳ
1101 2756 1212 2850 τούτφ

214 2854 305 2945 νηός
308 2882 344 2927 τε
357 2864 408 2927 ἔνι
428 2862 484 2929 καὶ
496 2858 671 2951 άγαλμα
647 2864 690 2930 έν
700 2858 790 2953 αύτφ
810 2861 963 2944 ἐνέστηκε
978 2882 1040 2926 του
1025 2857 1209 2947 Περσέος.

214 2948 308 3043 οὗτοι
331 2963 365 3026 οί
377 2962 545 3052 Χεμμῖται,
566 2961 787 3050 λέγουσιτὸν
808 2962 940 3046 Περσέα
963 2956 1124 3041 πολλάκις
1145 2958 1212 3045 μὲν
1255 2998 1261 3006 ·

214 3051 278 3124 άνά
292 3054 362 3143 τὴν
366 3067 431 3147 χῇν
445 3068 630 3148 φαίνεσθαί
640 3085 717 3151 σφι,
738 3060 897 3140 πολλάκις
917 3058 953 3127 δὲ
968 3064 1033 3131 έσιο
1046 3082 1107 3127 του
1092 3061 1210 3145 ίρού,

213 3154 396 3227 σανδάλιόν
415 3186 451 3227 τε
471 3158 576 3239 αῦτου
561 3164 826 3286 πεφορημένον
846 3155 1080 3248 εὑρίσκεσθαι,
1102 3151 1209 3227 έόυτὸ

213 3259 361 3346 μέγαθος
384 3260 583 3348 δίπηχυ,
548 3289 598 3331 το
611 3259 714 3332 ἐπεάν
738 3268 845 3353 φανῇ,
874 3256 1052 3346 εὐθηνέειν
1076 3254 1209 3329 ἅπασαν

212 3365 395 3475 Λίημπτον
426 3360 606 3479 ταῦταμὲν
620 3363 772 3449 λέγουσι,
785 3365 926 3429 ποιεῦσι
947 3353 1077 3427 δὲτάδε
1093 3351 1211 3439 Ἑλλη-

216 3450 297 3525 νικά
312 3479 358 3548 ιφ
343 3454 516 3541 ἩΠερσέι·
542 3453 657 3543 άχῦνα
678 3456 845 3562 γυμνικὸν
871 3464 994 3527 τιθεῖσι
1019 3449 1075 3523 διά
1101 3448 1212 3545 πάσης
