2618 3928
203 215 265 281 104
579 216 829 275 HERODOTI

201 382 307 447 νικῶν
320 379 501 464 παραδιδοῖ
513 371 740 466 Πεισιστράτῳ
756 370 1051 464 ἀνακηρυχθῆναι,
1075 378 1205 466 καλιήν

200 481 298 562 νίκην
312 476 428 563 παρεὶς
441 472 709 564 τούτρνκατήλθε
719 469 822 541 ἐπίτά
838 475 966 541 ἑωυτοῦ
979 471 1202 556 ὑπόσπονδος.

199 578 259 643 καί
275 598 334 659 μιν
353 567 560 657 ἀνελόμενον
578 575 654 656 τῇσι
674 564 795 658 αὐτῇσι
813 571 944 638 ἵπποισι
964 568 1070 660 ἀλλην
1084 570 1204 660 Ὀλυμ·

199 668 303 739 πιάδα
318 673 477 755 κατέλαβε
490 664 679 735 ἀποθανεῖν
698 663 765 734 ὑπό
787 673 856 735 τάν
869 670 1112 757 Πεισιστράτου
1126 679 1204 741 παί-

199 773 270 839 δων
290 765 401 837 οὑκίτι
416 763 609 852 περιεόντος
628 760 734 830 αὐτοῦ
749 763 1007 853 Πεισιστράτου·
1035 775 1205 839 κτείνουσι

199 865 236 934 δδ
249 857 347 933 οὑτοί
357 889 416 950 μιν
430 858 513 930 κατά
527 857 565 931 τό
576 858 786 948 πρυτανήιον
796 859 918 942 νυκτδς
932 860 1127 947 ὑπείσαντες
1140 866 1204 936 ἀν-

199 966 288 1048 δρας.
309 963 471 1029 τίθαπται
481 958 518 1026 δὲ
528 963 647 1045 Κίμων
657 954 723 1046 πρό
735 964 796 1027 τοῦ
811 956 943 1046 ἀστεος,
958 967 1067 1051 πέρην
1077 971 1136 1053 τῆς
1146 963 1203 1034 διά

200 1065 323 1146 Κοίλης
341 1060 543 1144 καλεομένης
559 1053 658 1142 ὁδοῦ,
680 1063 859 1126 καταντίον
879 1056 911 1128 δ’
930 1059 1037 1132 αὐτοῦ
1051 1068 1088 1134 αί
1106 1068 1203 1133 λπποι

200 1158 378 1244 τετάφαται
389 1148 488 1223 αὑται
498 1158 535 1222 αλ
542 1167 630 1241 τρεῖς
637 1151 859 1241 Ὀλυμπιάδας
868 1153 1078 1246 ἀνελόμεναι.
1089 1163 1203 1249 ἐποίη-

200 1275 263 1325 σαν
278 1257 315 1325 δδ
328 1258 384 1324 καί
398 1252 495 1323 ἀλλαι
509 1256 606 1321 ἵπποι
621 1250 686 1340 ήδη
700 1249 807 1322 τόυτδ
822 1260 921 1324 τοῦτο
937 1254 1120 1347 Εὐαγόρεω
1130 1260 1200 1329 Λή,
1295 1336 1296 1339 ¹

199 1382 324 1444 κοινος,
337 1355 427 1423 πλέον
437 1357 475 1423 δε
485 1352 616 1422 τούτοεν
633 1348 786 1438 οὐδαμαί.
801 1350 839 1421 ‘0
851 1354 915 1440 μδυ
925 1353 967 1442 δή
977 1356 1202 1448 πρεσβύτερος

198 1462 266 1526 τάν
279 1458 408 1523 παίδων
423 1458 469 1542 τῷ
479 1456 611 1536 Κίμωνι
621 1450 841 1538 Στησαγόρης
853 1444 899 1537 ήυ
913 1461 1096 1540 τηνικαῦτα
1109 1454 1199 1543 παρά

198 1560 244 1644 τῷ
257 1549 373 1641 πάτρην
385 1547 555 1635 Μιλτιάδη
568 1545 776 1633 τρεφόμενος
790 1549 827 1616 ἐν
842 1556 884 1638 τῇ
893 1551 1113 1645 Χερσονήσῳ,
1130 1548 1149 1621 ὁ
1165 1556 1201 1621 δε

199 1650 360 1736 νεότερος
373 1644 453 1735 παρ’
470 1642 561 1736 αὐτῷ
574 1646 706 1731 Κίμωνι
717 1646 755 1713 ίν
765 1642 938 1736 Ἀθήνησι,
953 1646 1102 1736 τοὺνομα
1117 1655 1200 1737 ἔχων

198 1749 263 1821 ἀπό
275 1756 336 1819 τοῦ
347 1748 497 1819 οίκιστίοι
507 1752 566 1834 τῆς
575 1744 794 1833 Χερσονήσου
800 1746 995 1818 Μιλτιάδεω
1001 1749 1199 1837 Μιλτιάδης.

131 1867 182 1927 104
199 1843 306 1930 Οὑτος
321 1844 362 1936 δή
379 1840 428 1917 όν
441 1846 516 1916 τότε
531 1843 749 1933 όΜιλτιάδης
763 1843 857 1934 ήκειν
868 1848 905 1916 ἐκ
915 1854 973 1935 τῆς
983 1849 1200 1939 Χερσονήσου

198 1951 253 2020 καλ
262 1942 476 2034 ἐκπεφευγιδς
486 1942 627 2013 διπλόον
636 1940 789 2012 θάνατον
795 1943 991 2032 ἐστρατήγεε
1000 1943 1198 2035 Ἀθηναίων.

198 2048 267 2137 ἅμα
286 2052 348 2136 μὲν
367 2044 433 2135 γάρ
453 2049 488 2114 οί
504 2051 659 2123 Φοίνικες
679 2039 785 2112 αὐτόν
801 2048 835 2113 ολ
853 2045 1085 2126 ἐπιδιώξαντες
1106 2048 1201 2133 μέχρι

197 2146 334 2237 Ἴμβρου
347 2147 424 2233 περί
438 2149 566 2212 πολλοῦ
581 2143 754 2211 ἐποιεῦντο
768 2148 885 2229 λαβεῖν
900 2168 936 2211 τε
950 2146 1006 2212 καί
1019 2140 1202 2231 ἀναγαγεῖν

197 2243 295 2333 παρά,
302 2244 456 2331 βασιλέα,
472 2239 541 2327 ἅμα
555 2240 592 2308 δδ
606 2239 796 2326 ἐκφυγόντα
809 2264 845 2307 τε
857 2240 998 2321 τούτους
1012 2245 1068 2311 καλ
1080 2239 1201 2311 ἀπικό-

196 2366 300 2431 μενον
314 2342 348 2420 ἐς
362 2336 424 2426 τήν
437 2340 584 2422 ἑωυτοῦ,
599 2336 760 2404 δοκέοντά
773 2362 810 2405 τε
820 2333 905 2405 εἶναι
915 2338 953 2406 ἐν
966 2344 1112 2428 σωτηρίη
1123 2335 1201 2426 ήδη,

195 2439 232 2512 τό
251 2440 413 2509 ἐνθεῦτέν
432 2460 492 2520 μιν
506 2437 541 2502 οί
556 2433 671 2520 ἐχθροί
689 2430 932 2521 ὑποδεξάμενοι
949 2438 1004 2504 καί
1017 2431 1084 2504 ὑπδ
1105 2439 1202 2504 δικα-

196 2536 334 2625 στήριον
344 2530 450 2602 αὐτόν
458 2528 640 2617 ἀγαγόντες
646 2532 785 2612 ἐδίωξαν
795 2534 993 2620 τυραννίδος
1003 2535 1202 2619 τήςίυΧερ-

185 2636 338 2729 σονήσγε.
351 2627 540 2721 ἀποφυγάν
549 2631 586 2700 δὲ
592 2632 648 2700 καλ
655 2632 796 2712 τούτους
806 2628 988 2719 στρατηγός
999 2630 1087 2700 οὑτω
1097 2628 1202 2718 Ἀθη-

195 2741 302 2806 ναίων
315 2729 500 2818 ἀπεδέχθη,
516 2730 663 2816 αἱρεθεὶς
677 2725 744 2798 ὑπό
759 2736 821 2799 τοῦ
835 2729 952 2817 δήμου.

130 2851 180 2910 105
278 2834 344 2901 Χαλ
357 2837 473 2917 πράτα
487 2828 550 2916 μδν
565 2826 677 2907 ἐόντες
693 2833 741 2897 δτι
755 2831 793 2897 ἐν
808 2834 854 2919 τῷ
871 2824 965 2897 ἀστεῖ
976 2831 1011 2896 ολ
1023 2830 1200 2915 στρατηγοὶ

195 2926 430 3014 ἀποπέμπουσι
445 2928 479 3005 ἐς
497 2924 661 3012 Σπάρτην
686 2926 817 3016 κη’ρνκα
835 2930 1074 3013 Φειδιππίδην,
1096 2923 1200 3011 Ἀθη-

194 3039 293 3099 ναῖον
306 3023 368 3111 μδν
379 3021 497 3109 ἀνδρα,
512 3020 620 3102 ἀλλοις
630 3020 909 3112 δλήμεροδρόμον
918 3049 954 3093 τε
963 3027 1019 3093 καλ
1029 3028 1127 3092 τοῦτο
1137 3046 1199 3107 με·

194 3130 352 3209 λετεδντα,
364 3127 411 3213 τῷ
420 3117 473 3209 δή,
486 3117 531 3200 ὡς
541 3117 641 3200 αὐτός
652 3146 688 3190 τε
698 3125 790 3209 ἔλεγε
801 3126 1021 3209 Φειδιππίδης
1031 3122 1086 3189 καί
1097 3117 1200 3205 Ἀθη-

194 3231 319 3295 ναίοισι
339 3219 543 3310 ἀπήγγελλε,
565 3222 642 3315 περὶ
662 3217 700 3288 τό
715 3222 912 3308 Παρθένιον
932 3212 1034 3307 οὐρος
1053 3214 1092 3286 τό
1113 3214 1198 3303 ὑπὲρ

199 3326 320 3410 Τεγέης
334 3317 441 3390 όΙΙάν
449 3324 646 3403 περιπίπτει.
669 3320 826 3399 βόσαντα
839 3322 875 3389 δὲ
885 3317 1034 3405 τούνομα
1043 3322 1105 3385 τοῦ
1117 3323 1199 3385 Φει-

197 3421 358 3489 διππίδεω
382 3416 443 3484 τόν
461 3423 560 3485 Πᾶνα
576 3415 784 3503 Ἀθηναίοισι
809 3423 963 3486 κελεῦσαι
989 3412 1197 3502 ἀπαγγεῖλαι,
