2618 3928
356 273 442 329 6113.
474 274 521 330 vl.
554 271 654 332 cAP.
688 282 863 338 τηε-ιω.
975 328 978 332 .
1055 279 1116 344 115

5 402 7 477 Ι
105 428 224 509 πόλιος
238 429 403 516 Λαφάνης
416 428 640 519 Εὐφορίωνος
650 440 712 501 τοῦ
728 438 911 523 δεξαμένου
927 464 979 523 τε,
996 437 1041 519 ὡς
1054 442 1115 510 λό-

106 558 165 617 γος
179 533 216 599 έν
225 527 382 620 Ἀρκαδίη
396 533 542 619 λέγεται,
564 529 643 611 τούς
654 535 944 655 Διοσκούρουςί
910 563 962 605 οκ
964 544 1044 607 ίοισι
1059 543 1114 609 καί

104 626 171 697 ἀπὸ
199 627 322 697 τούτου
354 631 620 709 ξεινοδοκέοντος
644 630 772 709 πάντας
800 630 1023 756 ἀνθρώπους,
1059 639 1114 704 καὶ

102 725 227 804 Ἠλεῖος
238 724 440 849 Ὀνομαστδς
450 725 593 814 ’.Αγαίου
616 720 709 795 οὗτοι
720 729 783 814 μὲν
793 728 834 818 66
846 730 933 813 έξ’
891 740 994 820 αυτῆς
1003 742 1113 804 Πελο-

105 824 280 948 ποηνήσου
294 811 420 912 ἦλθον,
441 828 478 893 ἐκ
493 826 530 893 δ
546 823 719 912 Ἀθηνέων
739 824 899 898 ἀπίκοντο
914 835 1113 918 Μεγακλέης

108 949 140 991 τε
154 950 173 993 ο
159 919 407 1011 ’Ἀλκμαίωνος
421 924 544 992 τούτου
555 930 616 991 τοῦ
627 949 718 1012 πωροι
707 922 913 1012 Κροίσον’
894 930 1113 1016 απικομίνου,

5 1038 7 1093 f
105 1018 272 1101 καὶάλλος
281 1020 1114 1150 ἹπποκλείδηςΤισάυδρου,πλούτωκαὶείδείπρρ-

105 1123 220 1243 φέρων
228 1117 459 1206 Ἀθηναίων’
440 1145 505 1191 απο
495 1118 576 1190 ’δέ’
570 1094 1145 1288 Ερετρίηςάνθεάσηςτοῦτοντόν·

5 1256 7 1289 ;
107 1217 231 1308 χρόνον
244 1223 431 1306 Λυσανίης,
456 1211 597 1298 οὖτοςδ
596 1217 675 1288 δάπ
677 1217 849 1309 Ἐὐβοίης
866 1232 1001 1310 μοῦνος.
1026 1229 1063 1294 έκ
1077 1224 1114 1294 δδ

5 1320 7 1337 ⁸
106 1323 288 1404 Θεσσαλίης
304 1311 391 1406 ἦλθε
404 1344 472 1387 των
486 1320 694 1387 Σκοπαδέων
708 1326 932 1409 Διακτορίδης
946 1325 1113 1407 Κραννω-

106 1444 194 1505 υιος,
210 1419 246 1486 ἐκ
262 1421 298 1486 δέ
308 1398 658 1516 Μολοσσοῑνῗίλκων)ἑ
669 1425 823 1487 τοσοῦτοι
833 1424 897 1508 μὲν
907 1422 1063 1508 ἐγένοντο
1082 1426 1116 1489 οί

106 1521 307 1604 μνηστῆρες,
322 1515 536 1604 ἀπικομένων
551 1518 587 1585 δέ
600 1516 732 1585 τούτων
743 1518 777 1596 ές
787 1514 850 1603 τὴν
864 1521 1113 1609 προειρημένην
1131 1536 1181 1592 128

107 1615 232 1705 ἡμέρην
250 1614 268 1688 6
283 1620 493 1705 Κλεισθένης
508 1624 624 1707 πρῶτα
644 1618 707 1702 μὲν
727 1614 786 1696 τὰς
806 1618 935 1708 πάτρας
948 1645 985 1687 τε
1000 1616 1113 1687 αὐτῶν

106 1713 295 1784 ἀνεπύθετο
308 1718 364 1785 καί
374 1720 471 1803 γένος
482 1717 635 1802 έκάστου,
650 1712 731 1800 μετά
747 1715 783 1783 δέ
795 1717 942 1801 κατέχων
956 1712 1113 1783 ένιαυτδυ

108 1820 293 1902 διεπειρᾶτο
309 1811 422 1882 αὐτῶν
435 1822 494 1901 τῆς
504 1840 540 1882 τε
554 1811 785 1900 ἀνδραγαθίης
801 1814 856 1880 καί
870 1820 928 1898 τῆς
942 1809 1044 1899 ὀργῆς
1058 1812 1113 1879 καὶ

105 1912 299 1991 παιδεύσιός
314 1939 350 1981 τε
365 1917 420 1981 καί
434 1913 579 2000 τρόπου,
594 1914 649 1980 καὶ
662 1914 711 1979 §vl
722 1910 848 2002 έκάστηο
862 1908 925 1978 ίοδν
938 1913 970 1988 ές
984 1929 1113 1976 συνου-
1165 1942 1169 1951 ·

105 2015 183 2097 σίην
199 2013 255 2077 καὶ
269 2011 456 2099 συνάπασι,
477 2016 532 2080 καί
552 2014 585 2091 ές
600 2008 772 2098 γυμνάσιά
785 2035 820 2076 τε
842 2011 1021 2095 ἐξαγινέων
1038 2005 1112 2076 ὅσοι

6 2132 7 2135 ’
105 2101 192 2195 ἦσαν
206 2105 319 2176 αὐτῶν
332 2109 501 2199 νειάτεροι,
513 2112 568 2179 καί
581 2110 619 2180 τό
629 2136 668 2195 γε
678 2112 845 2197 μέγιστον,
860 2108 898 2174 έν
908 2114 948 2194 τῇ
959 2111 1112 2193 συνιστίη

105 2212 310 2295 διεπειρᾶτο
338 2205 421 2278 ὅσον
444 2207 509 2298 γάρ
530 2223 656 2295 κατεῖχε
678 2207 804 2296 χρόνον
823 2202 964 2293 αὐτοὺς,
990 2209 1113 2272 τοῦτον

104 2330 214 2375 ταντα
226 2305 475 2394 ἐποίεεκαὶυμα
486 2310 618 2389 ἐξείνιζε
628 2308 913 2395 μεγαλοπρεπέως
926 2309 982 2373 καὶ
994 2301 1035 2391 δη
1046 2328 1111 2370 κου

106 2405 246 2493 μάλιστα
260 2432 328 2474 των
341 2408 544 2496 μνηστήρων
563 2403 830 2494 ἠρέσκοντόοίο
812 2400 923 2473 οίάπ’
938 2401 1111 2488 Ἀθηνέων

6 2492 8 2551 ἷ
112 2499 292 2589 ἀπιγμένοι,
303 2505 499 2574 καὶτούτων
509 2513 638 2592 μᾶλλον
645 2499 902 2590 Ἱπποκλείδηςὸ
919 2500 1111 2587 Τισάνδρου

6 2596 8 2623 ³
104 2599 160 2667 καὶ
170 2622 232 2665 κατ
235 2596 489 2701 ’ἀνδραγαθίην
501 2607 659 2691 ἐκρίνετο,
670 2601 757 2670 καί”
737 2627 788 2670 οτι
798 2628 836 2670 το
825 2599 1016 2671 ’ἀνέκαθεν
1027 2614 1112 2668 τοῖσι

7 2726 8 2729 ’
104 2700 315 2786 ένΚορίνθῳ
333 2692 465 2781 Κυψελί
463 2694 579 2789 δησι
555 2727 602 2787 ην
621 2701 810 2789 προσήκων.
847 2697 905 2777 Ως
923 2697 993 2785 66
1011 2704 1111 2785 κυρίη
1130 2713 1180 2769 129
1302 2690 1304 2773 f

7 2880 9 2891 ,
104 2796 234 2881 ἐγένετο
249 2800 318 2861 των
310 2792 485 2915 ἡμερέων
505 2806 563 2885 τῆς
578 2825 612 2866 τε
628 2806 838 2880 κατακλίσιος
852 2805 914 2867 τοῦ
930 2796 1043 2885 γάμου
1056 2799 1111 2865 καί

7 2902 10 2979 ζ
104 2890 318 2978 έκφοξσιος’
276 2905 382 2961 αυτου
367 2897 671 2984 Κλεισθένεος,
637 2925 698 2968 τον
701 2906 817 2987 κρίνοι
832 2902 868 2968 έκ
869 2898 1027 3023 πάντων,
1041 2895 1112 2966 θά-

7 3056 8 3059 ,
103 3013 164 3072 σας
185 2997 268 3078 βοῦς
288 2982 441 3062 έκατόν
427 3023 444 3064 ο
465 3002 674 3085 Κλεισθένης
694 2997 816 3086 εάοέχεε
836 2997 960 3080 αὐτούς
976 3026 1012 3067 τε
1031 2996 1112 3077 τούς

7 3116 29 3179 η,
102 3098 293 3180 μνηστῆρας
307 3092 455 3175 καὶτοὺς
466 3104 680 3177 Σικυωνίους
693 3099 829 3185 πάντας
854 3095 899 3187 ᾡς
912 3093 983 3181 δὲ’
964 3119 1029 3165 απο
1018 3094 1111 3163 ⁸66-

102 3216 192 3260 πνου
206 3192 379 3287 ἐγένοντο,
395 3199 430 3263 οί
440 3204 627 3316 μνηστῆρες
639 3202 715 3286 έριυ
723 3195 817 3307 εἶχον
825 3194 915 3283 ἀμφί
922 3222 957 3263 τε
966 3198 1112 3281 μουσικῇ

102 3291 159 3358 καὶ
173 3315 219 3379 τῳ
204 3273 403 3385 λεγομένω
425 3291 507 3372 ές“
472 3320 509 3362 το
527 3297 638 3382 μέσον.
668 3286 851 3383 προϊούσης
872 3294 907 3362 δέ
924 3298 981 3379 τῆς
996 3286 1113 3367 πόσιος

104 3388 251 3471 κατέχων
261 3387 390 3457 πολλδν
400 3390 481 3472 τούς
491 3390 642 3474 ἀλλουςὸ
650 3391 877 3477 Ἱπποκλείδης
888 3384 1086 3458 έκέλευσε“
1051 3413 1112 3506 την

77 3538 81 3545 .
103 3480 253 3569 αὐλητὴν
271 3483 418 3575 αὐλῆσαί
429 3494 463 3558 οί
477 3493 668 3579 ἐμμέλειαν,
690 3490 899 3574 πειθομένου
919 3485 1033 3633 686606
1048 3479 1111 3550 αιἰ-
