2622 3928
191 242 231 304 12
569 243 820 301 HERODOTI

189 404 333 491 Λήμνιοι
348 404 402 471 καὶ
417 404 616 488 ἐμαχέσαντο
631 393 672 471 εὖ
688 403 743 467 καὶ
763 397 971 488 ἀμυνόμενοι
984 398 1050 473 ιἰνὰ
1067 401 1193 489 χρόνον

189 498 427 586 ἐκακώθησαν,
443 512 527 566 τοῖσι
542 500 579 566 δὲ
590 502 760 583 περιεοῦσι
774 493 887 566 αὐτῶν
897 503 930 567 οί
939 498 1106 586 Πέρσαι”
1081 524 1192 617 υπαρ-

190 624 249 679 του
264 600 414 666 ἐπιστᾶσι
429 596 631 683 Λυκάρητον
650 590 711 663 τὸν
691 599 943 716 Μαιανδρίου
956 621 1017 664 του
1005 594 1194 683 βασιλεύ·
1295 674 1296 679 ¹

190 714 309 774 σαντος
324 693 445 780 Σάμου
459 690 635 780 ἀδελφεόν.
663 682 762 770 οὗτος
776 688 794 758 ὁ
810 691 1050 810 Λνκάρητος”
1027 718 1140 779 αρχωυ
1155 694 1195 760 ἐν

189 791 315 881 Λήμνῳ
329 797 473 880 τελευτᾷ.
497 816 518 857 α
519 795 583 876 ίτίη
598 791 634 857 δέ
648 812 771 856 τουτου
781 785 857 874 ηδε
880 811 1008 867 πάντας
1020 785 1188 875 ηνδραπο
1296 848 1297 857 ,

190 895 293 972 δίζετο
305 894 360 958 καί
373 892 621 978 κατεστρέφετο,
633 886 714 968 τούς
724 890 786 975 μὲν
797 895 1028 976 λιποστρατίης
1038 890 1089 956 ἐπὶ
1097 886 1193 956 Σκύ-

189 1001 255 1070 θας
271 987 481 1077 αίτιύμενος,
501 986 581 1069 τούς
595 989 632 1057 δέ
646 994 800 1058 σίνεσθαι
814 985 875 1056 τδν
884 998 1035 1078 Δαρείου
1049 983 1189 1074 στρατότ
1297 1044 1298 1047 ,

190 1086 251 1158 τδν
265 1087 331 1157 άπδ
348 1091 516 1157 Σκυθέων
533 1085 640 1157 ὀπίσω
654 1086 949 1175 ἀποκομιζόμενον.

140 1204 175 1258 λθ
275 1178 383 1264 Οὗτος
404 1187 466 1273 μέν
486 1212 553 1253 νυν
573 1192 717 1253 τοσαῦτα
741 1185 937 1274 ἐξεργάσατο
955 1185 1194 1275 στρατηγήσας,

189 1281 271 1371 μετὰ
289 1285 326 1352 δὲ
337 1280 379 1350 ού
395 1281 522 1352 πολλόυ
535 1283 660 1370 χρόνον
670 1281 783 1362 άνεσις
799 1292 913 1353 κακῶν
929 1276 990 1373 ήν,
1006 1298 1062 1355 καί
1075 1282 1191 1372 ἤρχετο

189 1377 226 1449 τό
248 1380 407 1469 δεύτερον
428 1384 465 1450 ἐκ
484 1383 602 1463 Νάξον
628 1408 664 1450 τε
684 1384 739 1450 καὶ
760 1382 915 1471 Μιλήτου
925 1382 1017 1453 Ἴωσι
1036 1389 1190 1470 γίνεσθαι

189 1484 285 1552 κακά.
315 1491 414 1553 τοῦτο
437 1486 501 1571 μέν
518 1483 584 1571 γάρ
607 1483 755 1572 ήΝάξος
776 1484 972 1574 εὐδαιμονίῃ
993 1491 1062 1553 τῶν
1078 1481 1192 1569 νήσων

190 1583 372 1701 προέφερε,
393 1587 492 1648 τοῦτο
514 1581 550 1649 δέ
570 1579 653 1650 κατὰ
671 1580 732 1651 τδν
748 1581 853 1652 αὐτὸν
867 1581 1026 1672 χρόνουή
1042 1589 1192 1666 Μίλητος

190 1676 276 1766 αύτή
289 1704 325 1746 τε
346 1679 470 1766 ἐωυτής
484 1680 626 1766 μάλιστα
646 1679 687 1770 δή
707 1683 782 1753 τότε
795 1681 989 1770 άκμάσασα,
1011 1685 1065 1750 καὶ
1079 1678 1120 1767 δὴ
1138 1681 1193 1747 καλ

188 1785 247 1865 τῆς
258 1770 422 1864 Ἰωνίης
398 1804 443 1866 ην
460 1780 651 1867 πρόσχημα,
667 1783 858 1904 κατήπερθε
872 1785 909 1852 δέ
919 1781 1048 1850 τούτων
1062 1781 1114 1848 ἐπὶ
1129 1777 1192 1845 δύο
1283 1774 1291 1813 ³

189 1873 308 1962 γενεάς
323 1873 460 1965 άνδρων
473 1879 645 1966 νοσήσασα
659 1879 743 1960 ἐς
706 1908 747 1948 τα
762 1882 904 1969 μάλιστα
918 1879 1025 1966 στάσι,
1042 1868 1194 1965 μέχρι
1149 1901 1192 1944 ου

190 2000 248 2059 μιν
263 1972 387 2060 Πάριοι
399 1975 617 2066 κατήρτισαν
635 1977 776 2056 τούτους
785 1974 849 2061 γάρ
861 1981 1122 2062 καταρτιστῆρας
1133 1976 1193 2062 [ἐκλ
1293 2002 1303 2073 ή

141 2081 177 2137 29
191 2069 329 2139 πάντων
328 2070 508 2193 Ἑλλήνων
523 2078 651 2145 εἴλοντο
670 2081 706 2145 οί
716 2076 887 2163 Μιλήσιοι.
922 2076 1140 2164 Κατήλλαξαν
1157 2078 1193 2142 δέ

190 2189 295 2255 σφεας
315 2160 380 2237 ωδε
403 2175 437 2239 οἱ
455 2171 595 2260 Πάριοι·
629 2200 673 2252 ως
698 2171 858 2242 άπίκοντο
886 2172 998 2244 αὐτων
1020 2174 1140 2260 ἄνδρες
1161 2173 1196 2238 οί

191 2265 320 2353 ἄριστοι
343 2266 432 2346 ἐς
395 2296 458 2356 την
477 2278 633 2358 Μίλητον
658 2271 781 2360 (ωρεον
798 2269 864 2360 γάρ
888 2274 931 2360 δή
951 2294 1055 2360 σφεας
1075 2276 1194 2348 δεινως

190 2367 530 2455 οἰκοφθορημένους),
543 2376 673 2457 ἐφασαν
686 2369 799 2439 αὐτῶν
812 2372 1077 2459 βούλεσθαιξ
1009 2377 1077 2452 διεξ
1079 2380 1194 2441 ελθετν

188 2460 250 2549 τήν
261 2462 382 2549 χώρην.
405 2474 578 2547 ποιεῦντες
590 2470 626 2537 δὲ
639 2476 743 2537 ταῦτα
754 2473 810 2539 καὶ
820 2469 997 2551 διεξιόντες
1008 2475 1120 2537 πᾶσαν
1130 2466 1195 2553 τήν

188 2567 377 2648 Μιλησίην,
406 2561 493 2644 ὅκως
514 2592 590 2635 τινα
618 2566 724 2637 ίδοιεν
751 2571 789 2637 ἐν
811 2566 1012 2657 άνεστηκυίη
1037 2572 1078 2656 τῇ
1101 2565 1193 2655 χάρη

190 2654 297 2744 άγρον
318 2684 356 2728 ευ
344 2653 677 2753 ἐξεργασμένον,’
657 2666 893 2753 απεγράφοντο
916 2663 953 2735 τό
975 2664 1104 2750 οὕνομα
1129 2669 1192 2731 τοῦ

190 2756 554 2848 δεσπότεωτοῦάγροῦ.
579 2761 1193 2850 διεξελάσαντεςδέπᾶσαντήνγάρην

190 2857 245 2920 καὶ
260 2865 423 2936 σπανίους
443 2858 599 2946 εὑρόντες
615 2862 772 2947 τούτους,
797 2856 841 2939 ὥς
855 2862 991 2947 τάχιστα
1005 2864 1193 2947 κατέβησαν

189 2951 223 3028 ἐς
234 2949 271 3018 τὸ
286 2950 381 3039 ἄστυ,
393 2952 492 3041 ἁλίην
502 2958 722 3045 ποιησάμενοι
733 2956 896 3039 άπέδεξαν
906 2957 1047 3036 τούτους
1057 2956 1120 3043 μδν
1129 2951 1193 3041 τήν

188 3048 289 3117 πόλιν
305 3056 436 3138 νέμειν,
450 3058 518 3121 τῶν
536 3046 638 3142 εὖρον
648 3055 728 3136 τούς
740 3054 867 3143 άγροδς
881 3049 921 3125 εὖ
932 3052 1193 3143 ἐξεργασμένους

189 3150 336 3234 (δοκέειν
348 3148 414 3236 γάρ
432 3156 562 3237 ἔφασαν
581 3155 636 3221 καὶ
655 3159 724 3222 τῶν
739 3157 910 3241 δημοσίων
926 3151 1014 3221 οὕτω
1029 3150 1071 3239 δή
1087 3169 1192 3237 σφεας

189 3244 465 3333 ἐπιμελήσεσθαι,
488 3246 599 3336 ὥσπερ
615 3258 684 3318 τῶν
701 3254 902 3340 σφετέρων),
923 3248 1003 3329 τούς
1017 3252 1054 3318 δὲ
1068 3246 1193 3324 άλλους

188 3349 378 3430 Μιλησίους
394 3344 474 3426 τοὺς
494 3351 574 3435 πρὶν
587 3352 822 3432 στασιάζοντας
835 3350 966 3419 τούτων
983 3352 1102 3430 ἔταξαν
1117 3350 1191 3415 πεί-

139 3449 175 3504 ³0
191 3447 326 3509 δεσδαι.
370 3445 494 3528 Πάριοι
513 3449 576 3533 μέν
590 3475 656 3515 νυν
669 3448 759 3516 οὕτω
773 3455 964 3536 Μιλησίους
977 3445 1191 3535 κατήρτισαν,
