2606 3930
234 281 241 287 ·
352 253 436 317 ΗΒ.
462 255 507 314 1v.
537 253 635 315 cAP.
668 258 841 319 195-200.
1004 250 1105 325 ⁴3791
1137 287 1139 291 .

99 410 244 506 ιἠΛιβάη
259 419 423 504 σπουδαίη
442 413 525 493 ὥστε
540 409 664 505 η”Ασίη
676 410 700 503 οἳ
711 412 861 508 Εῦράπη
874 426 1103 510 παραβληθῇ*

98 542 170 604 ναι,
192 513 283 604 πλὴν
294 522 451 596 Κίνυπος
460 513 605 604 μούνης·
625 512 661 584 τῦ
681 513 747 605 γάρ
764 514 805 605 δὴ
825 515 907 588 αῦτδ
925 518 1054 608 οῦνομα
1075 517 1105 609 ἡ

97 622 139 702 γῆ
154 620 201 708 τῷ
216 622 353 707 ποταμῷ
370 621 444 702 ἐχει.
468 613 551 703 αῦτη
567 619 601 685 δὲ
620 612 719 704 ὁμοίη
733 643 776 707 τη
759 614 904 710 άρίστη
921 626 1009 706 γενῦν
1022 621 1097 708 Δά-

98 737 222 801 μητρος
231 710 363 802 καρπον
373 716 538 802 ἐκφέρειν,
546 711 625 783 ουδ
609 712 707 784 οἶκε
719 713 798 785 οῦδ
782 719 869 807 ντη
856 716 1110 817 αλληΛιβνη

97 809 299 901 μελάγγαιός
319 839 355 882 τε
373 811 440 904 γάρ
461 816 530 883 ἐστι
550 816 605 882 καὶ
624 818 767 904 ἔπυδρος
787 821 915 906 πίδαξι,
942 810 998 889 καλ
1019 817 1099 890 οῦτε

98 906 229 1000 αῦγμοῦ
251 918 474 1003 φροντίζουσα
497 910 599 983 οὐδέν
618 908 697 984 οῦτε
718 912 846 1005 ὄμβρον
864 921 953 987 πλέω
973 925 1098 988 πιοῦσα

98 1010 337 1100 δεδήληται·”
312 1038 407 1082 νεται
419 1039 485 1103 γαρ
500 1012 541 1102 δὴ
555 1022 660 1084 ταῦτα
673 1040 730 1102 της
740 1017 886 1105 Λιβυης
905 1026 974 1088 τῦν
988 1021 1025 1089 δέ
1041 1022 1098 1089 έκ-
1179 1022 1181 1027 ’
1292 1034 1293 1041 ’

99 1117 230 1200 φορέων
246 1116 307 1181 τοῦ
321 1116 453 1199 καρποῦ
465 1110 569 1183 ταῦτά
581 1116 684 1204 μέτρα
695 1122 736 1204 τῇ
746 1123 947 1208 Βαβυλωνίη
959 1125 1004 1208 γῇ
1017 1144 1096 1188 κατ-

99 1217 235 1281 ίσταται.
264 1208 436 1301 άγαθὴδέ
454 1219 497 1301 γῆ
524 1209 635 1282 καὶ
598 1240 661 1301 την
680 1209 900 1300 Βνεσπερῑται
921 1216 1096 1304 νέμονται·

100 1308 152 1381 ἐπ’
176 1308 334 1382 ἐκατοστά
353 1308 436 1400 γάρ,
458 1308 559 1381 ἐπεάν
580 1309 666 1403 αῦτη
693 1313 862 1407 ἐωντῇς”
838 1335 957 1407 αριστοτ
976 1318 1096 1408 ἐνείκη,

100 1413 249 1500 ἐκφέρει,
269 1406 343 1500 ἡδί
360 1412 398 1480 ἐν
412 1437 453 1502 τη
437 1417 594 1482 Κίνυπι
608 1414 661 1482 ἐπί
673 1411 856 1502 τριηκόσια
889 1412 979 1503 Ἔχει
993 1420 1030 1486 δέ
1044 1422 1099 1488 καί
1119 1434 1168 1490 199
1292 1456 1293 1459 ¹

99 1539 120 1599 η
107 1507 308 1601 Κυρηναίη
322 1506 430 1599 χάρη,
445 1512 548 1583 ἐοῦσα
557 1508 749 1601 ὑψηλοτάτη
759 1511 881 1600 ταύτης
890 1520 948 1602 τῆς
958 1516 1098 1605 Λιβάης,

100 1609 162 1700 τὴν
188 1614 223 1681 ολ
240 1609 384 1699 νομάδες
403 1609 576 1699 νέμονται,
598 1624 686 1700 τρεῖς
710 1608 798 1700 άρας
822 1615 860 1682 ἐν
879 1614 985 1706 ἐωυτη
1007 1613 1105 1699 άξίας

98 1710 265 1801 θεάματος.
310 1714 426 1798 πρῦτα
439 1709 502 1797 μὲν
515 1706 580 1798 γάρ
599 1707 640 1780 τά
655 1709 917 1799 παραθαλάσσια
930 1720 999 1782 τῶν
1014 1741 1100 1802 καρ-

100 1817 175 1880 τιῦν
197 1808 282 1901 ὀργᾷ
303 1806 458 1897 άμῦσθαί
474 1834 510 1877 τε
530 1810 588 1878 καί
608 1816 816 1898 τρυγᾶσθαι·
844 1808 976 1879 τοῦτον
996 1836 1032 1882 τε
1056 1810 1097 1901 δὴ

100 1909 416 1997 συγκεκομισμένων
431 1934 472 1976 τα
459 1903 587 1996 ῦπέρ
593 1914 661 1977 τιῦν
676 1912 905 1979 θαλασσιδίων
923 1911 1043 2001 χάραν
1057 1910 1098 1983 τά

100 2005 215 2095 μέσα’
198 2035 282 2099 οργμ
268 2012 572 2131 συγκομίζεσθαι,
592 2032 634 2076 τα
621 2003 796 2096 βοννοῦς
809 2010 983 2077 καλέουσι·
1014 2029 1102 2099 συγ-

101 2104 296 2195 κεκόμισταί
313 2132 351 2176 τε
370 2098 468 2187 οῦτος
489 2103 507 2174 ὁ
529 2108 629 2195 μέσος
648 2102 784 2195 καρπὸς
796 2103 887 2176 καί*
872 2132 891 2176 ο
913 2108 1004 2176 ἐν
964 2134 1005 2200 τη
1019 2130 1103 2179 κατ-

102 2203 269 2297 νπερτάτη
280 2212 339 2294 τῆς
351 2233 413 2295 γης
432 2211 630 2279 πεπαίνεταί
644 2232 682 2276 τε
702 2203 794 2276 καλ’
777 2213 879 2299 οργᾷ,
902 2204 992 2279 άστε
1001 2210 1102 2279 ἐκπέ-

100 2310 201 2375 ποταί
219 2329 256 2374 τε
279 2307 335 2374 καλ
364 2302 658 2395 καταβέβρωται’
642 2332 661 2374 ο
686 2311 817 2396 πρῶτος
843 2304 971 2396 καρπὸς
998 2303 1094 2376 καλ”
1079 2332 1099 2375 ο

101 2413 286 2485 τελενταδος
293 2411 593 2530 συμπαραγίνεται.
621 2404 711 2477 οῦτω
732 2403 819 2477 ἐπ”
800 2404 888 2478 οκτά
904 2414 1012 2498 μῆνας
1025 2416 1101 2479 Κν-

102 2500 302 2672 ρίηναίονς’
285 2504 401 2594 οπάρη
427 2506 542 2594 ἐπέχει.
575 2513 679 2576 ταῦτα
703 2510 766 2596 μέν
790 2533 857 2577 νυν
882 2508 935 2578 ἐπὶ
958 2514 1099 2580 τοσοῦτο

102 2599 250 2692 ερήσθω

186 2703 231 2768 Οί
253 2699 289 2768 δὲ
314 2706 496 2791 Φερετίμης
519 2704 658 2792 τιμωροὶ
679 2705 807 2789 Πέρσαι
844 2701 951 2772 ἐπείτε
982 2706 1018 2773 ἐκ
1042 2710 1100 2794 τῆς
1116 2719 1169 2778 200
1292 2772 1293 2779 ,

102 2805 149 2869 Al
146 2797 277 2886 γάπτου
292 2802 463 2885 σταλέντες
476 2799 544 2874 ὑπὸ
559 2811 620 2873 τοῦ
631 2800 821 2894 Ἀρυάνδεω
836 2802 975 2876 άπίκατο
990 2809 1024 2889 ἐς
1037 2805 1099 2897 τὴν

100 2899 255 2987 Βάρκην,
276 2900 547 2990 ἐπολιόρκεον
511 2929 573 2992 ιηυ
597 2902 714 2991 πόλιν,
742 2902 1021 2992 ἐπαγγελλόμενοι
1043 2910 1100 2977 ἐκ·

101 2995 233 3067 διδόναι
246 2995 398 3078 τοῦςτ
346 3004 398 3070 αίτ
398 3008 471 3082 ίους
498 3009 560 3079 τοῦ
580 3003 692 3092 φάνον
711 3011 773 3074 τοῦ
790 3002 999 3095 Ἀρκεσίλεω·
1030 3015 1099 3078 τάν

101 3098 137 3169 δέ
150 3103 220 3167 πάν
234 3095 301 3186 γάρ
312 3126 358 3188 ην
370 3127 408 3171 το
396 3097 553 3190 πλῆθος
566 3109 750 3193 μεταίτιον,
771 3101 835 3173 οῦκ
851 3106 1003 3195 ἐδέκοντο
1020 3104 1100 3185 τοῦς

100 3196 231 3283 λόγους.
253 3198 405 3268 ἐνθαῦτα
417 3202 486 3271 δλέ
469 3200 733 3292 ἐπολιόρκεον
696 3224 759 3324 ’την
772 3201 913 3294 Βάρκην
925 3205 978 3274 ἐπὶ
990 3231 1098 3293 μηνας

100 3297 216 3383 ἐννέα,
242 3291 442 3386 ὀράσσοντές
463 3326 501 3370 τε
521 3297 694 3422 ὀρύγματα
719 3297 867 3389 ὑπόγαια
891 3303 1038 3393 φέροντα
1065 3304 1099 3382 ἐς

101 3388 138 3461 τῦ
154 3406 275 3483 τείχος,
295 3398 352 3466 καὶ
363 3397 554 3488 προσβολάς
570 3396 734 3491 καρτεράς
747 3400 951 3488 ποιεύμενοι.
977 3397 1020 3469 τά
1035 3403 1098 3486 μέν

9 3552 10 3555 ,
101 3517 168 3571 νυν
164 3486 362 3627 ὀρύγματα
382 3493 469 3593 ἀνὴρ
488 3495 665 3593 μαθοῦς’
645 3506 768 3593 ανεῦρε
787 3495 952 3597 ἐτιγάλκμ
970 3494 1097 3595 ἀσπίδι,
