2562 3926
209 226 273 298 204
585 237 839 300 ιιιιιιουοιι

210 418 270 479 σας
285 400 341 468 καί
350 397 486 482 Λυδοδς
496 403 551 471 καί
562 395 681 488 σχεδὸν
691 397 819 480 πάντας
827 397 907 481 τοῦς
919 399 1115 492 βαρβάρους
1131 395 1215 467 ἀπο-

208 498 402 585 τιμοτέρους
422 505 491 569 νῦν
513 497 626 571 ἀλλων
644 495 835 586 ἡγημένους
854 502 1038 586 πολιητέων
1061 494 1141 576 τοῦς
1156 496 1213 575 τάς

209 599 324 684 τέχνας
338 597 576 684 μανθάνοντας
589 600 645 667 καί
657 592 737 677 τοῦς
750 596 911 684 ἐκγόνους
921 596 1072 683 τούτων,
1088 591 1169 674 τοῦς
1181 599 1201 662 δ
1204 592 1212 613 ’

210 693 484 783 ἀπηλλαγμένους
496 704 565 766 τῶν
577 698 817 784 χειρωναξιέων
830 702 1007 782 γενναίους
1017 700 1214 783 νομίζοντας

211 793 313 880 εἶναι,
340 796 395 862 καί
417 794 559 881 μάλιστα
581 791 660 874 τοῦς
685 796 718 876 ές
743 789 805 862 τὸν
828 792 977 880 πόλεμον
1001 790 1212 878 ἀνειμένους.

209 893 423 982 μεμαθήκασι
446 891 477 962 δ’
501 887 552 962 ἀν
566 899 666 962 τοῦτο
686 890 809 972 πάντες
829 896 863 961 οί
877 889 1055 979 Ἕλληνες,
1074 890 1129 956 καὶ
1149 888 1214 976 μά-

210 999 304 1059 λιστα
313 992 590 1080 Λακεδαιμόνιοι,
606 990 726 1079 ἥκιστα
741 992 777 1061 δὲ
795 997 971 1080 Κορίνθιοι
983 990 1122 1060 ὄνονται
1136 985 1215 1066 τοῦς

144 1101 193 1157 168
206 1090 422 1174 χειροτέχνας.
466 1092 572 1174 Γέρεα
587 1091 628 1158 δέ
638 1108 699 1175 σφι
712 1082 757 1175 ἦν
772 1089 852 1158 τάδε
869 1091 1113 1180 ἐξαραιρημένα
1128 1086 1213 1175 μοῦ-

209 1206 298 1255 υοισι
317 1193 513 1274 Αἰγυπτίων
531 1188 638 1275 πάρεξ
658 1194 727 1254 τῶν
751 1190 869 1277 ίρέων,
890 1188 1032 1278 ἄρουραι
1056 1190 1213 1275 ἐξαίρετοι

210 1286 363 1356 δυώδεκα
383 1287 510 1380 έκάστφ
530 1285 667 1368 ἀτελέες.
695 1284 716 1375 ἡ
738 1285 775 1356 δέ
793 1286 924 1372 ἄρουρα
941 1286 1060 1357 ἑκατὸν
1082 1289 1214 1375 πηχέων

210 1389 277 1455 έστί
290 1392 486 1473 Αἰγυπτίων
499 1385 625 1476 πάντη,
648 1384 666 1455 ὁ
683 1387 720 1456 δέ
732 1387 917 1472 Αἰγύπτιος
930 1396 1035 1476 πῆχυς
1056 1387 1212 1476 τυγχάυει

210 1496 281 1565 ἶσος
294 1483 360 1555 ἐνδυ
381 1494 427 1578 τῷ
441 1492 569 1578 Σαμίῳ.
600 1492 704 1554 ταῦτα
718 1486 781 1571 μὲν
794 1481 835 1572 δὴ
851 1499 937 1554 τοῖσι
956 1484 1060 1557 ἀπασι
1079 1478 1124 1574 ἦν
1138 1489 1212 1567 ἐξα-

210 1588 411 1669 ραιρημένα,
431 1583 511 1653 τάδε
531 1583 568 1654 δδ
593 1585 631 1653 ἰν
651 1589 834 1671 περιτροπῇ
851 1585 1058 1671 ἐκαρποῦντο
1075 1586 1132 1653 καί
1151 1582 1214 1653 οῦ-

209 1675 297 1766 δαμά
316 1671 450 1747 οὗτοί·
504 1685 720 1768 Καλασιρίων
759 1683 858 1766 χίλιοι
897 1680 955 1749 καί
986 1679 1214 1770 Ἑρμοτυβίων

209 1775 438 1864 ἐδορυφόρεον
458 1773 615 1847 ένιαυτδν
640 1780 772 1844 ἕκαστοι
791 1774 853 1843 τδν
876 1777 1030 1863 βασιλέα·
1063 1780 1211 1845 τούτοισι

208 1872 241 1945 δ’
259 1868 308 1944 ἀν
321 1872 401 1944 τάδε
415 1876 519 1963 πάρεξ
529 1882 598 1944 τῶν
608 1873 782 1963 ἀρουρέων
793 1872 876 1944 ἀλλα
891 1876 1018 1944 ἐδίδοτο
1036 1873 1088 1945 ἐπ’
1105 1873 1212 1966 ἡμέρη
1269 1872 1270 1935 ἰ

210 1973 347 2064 έκάστη,
379 1971 485 2063 ὀπτοῦ
513 1980 609 2043 σίτου
639 1969 788 2060 σταθμδς
814 1975 913 2043 πέντε
943 1974 1040 2059 μνέαι
1073 1975 1211 2066 έκάστςο,

177 2090 185 2102 ”
209 2080 318 2161 κρεῶν
342 2079 451 2163 βοέων
478 2074 542 2143 δῦο
571 2075 686 2161 μνέαι,
718 2080 815 2140 οἰνου
837 2073 988 2157 τέσσερες
1014 2067 1209 2160 ἀρυστῆρες.
1268 2070 1269 2073 '

174 2176 179 2184 ’
208 2201 312 2243 ταντα
326 2188 411 2244 τοίσι
426 2178 490 2245 αἰεὶ
504 2176 751 2261 δορυφορέουσι
767 2174 904 2241 ἐδίδοτο.

136 2290 185 2346 169
271 2272 396 2346 Ἐπείτε
413 2273 452 2344 δὲ
470 2272 681 2354 συνιόντεςδ
702 2300 739 2343 τε
758 2269 895 2362 Ἀπρίης
918 2269 1011 2360 ἀγων
1034 2270 1113 2354 τοῦς
1138 2274 1208 2343 ἐπι-

204 2375 350 2463 κούρους
375 2375 432 2443 καί
454 2371 627 2464 δ”Αμασις
657 2374 785 2457 πάντας
809 2380 1021 2462 Αἰγυπτίους
1052 2368 1213 2445 ἀπίκοντο
1267 2408 1268 2459 f

207 2479 240 2555 ές
255 2472 450 2561 Μώμεμφιν
470 2473 585 2561 πόλιν,
607 2474 810 2559 συνέβαλον·
842 2472 897 2540 καί
921 2474 1122 2560 ἐμαχέσαντο
1146 2474 1209 2560 μὲν
1267 2462 1268 2521 δ

208 2569 248 2645 εὖ
269 2578 440 2663 οίξείυοι,
461 2576 587 2663 πλήθεϊ
605 2575 642 2643 δὲ
662 2579 775 2662 πολλῷ
796 2572 974 2653 έλάσσονες
992 2571 1106 2652 ἐόντες
1125 2572 1210 2643 κατά
1266 2616 1267 2659 ρ

206 2680 305 2742 τοῦτο
321 2672 528 2761 ἑσσώθησαν.
568 2671 709 2760 Ἀπρίεω
723 2672 760 2739 δέ
776 2672 904 2758 λέγεται
920 2669 1005 2742 εἶναι
1020 2670 1080 2760 ἥδε
1095 2671 1116 2761 ἡ
1134 2674 1210 2743 διά-

208 2798 301 2859 νοια,
324 2770 401 2860 μηδ’
423 2768 468 2842 ἀν
486 2771 573 2842 θεόν
587 2797 647 2859 μιν
666 2774 792 2857 μηδένα
816 2771 984 2840 δύνασθαι
1003 2778 1129 2840 παῦσαι
1152 2780 1211 2860 τῆς
1265 2850 1266 2855 1

208 2877 397 2959 βασιληίης·
420 2870 509 2941 οὕτω
520 2868 695 2957 ἀσφαλέως
710 2869 821 2959 ἑωυτῷ
837 2873 996 2955 ἱδρῦσθαι
1011 2872 1132 2941 ἐδόκεε.
1155 2874 1211 2941 καί
1265 2892 1266 2915 ¹

210 2964 250 3054 δὴ
268 2967 342 3038 τότε
360 2966 542 3060 συμβαλδν
562 2969 714 3056 έσσοέθη,
736 2970 791 3037 καί
814 2969 994 3056 ζωγρηθείς
1020 2965 1157 3057 ἀπήχθη
1178 2973 1218 3050 ές,

208 3063 298 3136 Σάίν
314 3065 431 3155 πόλιν,
452 3069 486 3147 ἐς
501 3063 542 3137 τά
563 3070 691 3136 ἑαυτοῦ
706 3071 794 3137 οἰκία
813 3067 978 3154 πρότερον
1000 3066 1115 3155 ἐόντα,
1136 3068 1212 3138 τότε
1263 3120 1265 3125 -

209 3165 247 3234 δέ
262 3160 416 3251 Ἀμάσιος
438 3164 503 3253 ἤδη
523 3165 688 3255 βασιλήια.
717 3169 866 3238 ένθαῦτα
883 3167 919 3236 δέ
937 3169 1019 3248 τέως
1040 3168 1103 3256 μέν
1120 3172 1214 3255 ἐτρέ-

210 3291 291 3353 φετο
306 3265 344 3332 έν
359 3277 445 3332 τοῖσι
459 3271 682 3354 βασιληίοισι,
697 3272 757 3336 καί
766 3293 826 3354 μιν
837 3265 974 3355 Ἄμασις
987 3260 1028 3336 εὖ
1044 3284 1212 3357 περιεῖπε·

209 3368 301 3444 τέλος
315 3361 351 3431 δέ
367 3365 592 3450 μεμφομένων
605 3371 817 3454 Αἰγυπτίων,
840 3362 884 3447 ὡς
897 3362 940 3436 οῦ
960 3368 1068 3436 ποιέοι
1088 3372 1213 3459 δίκαια,

211 3463 343 3548 τρέφων
352 3458 412 3530 τὸν
425 3466 518 3546 σφίσι
528 3487 563 3532 τε
574 3466 628 3537 καί
639 3466 752 3559 ἑωυτῷ
764 3470 936 3556 ἔχθιστον,
946 3463 1036 3539 οὕτω
1049 3465 1089 3558 δὴ
1101 3491 1212 3561 παρα-
