2606 3920
225 243 288 307 286
601 242 851 298 HERODOTI
947 292 953 303 .

225 402 341 488 χάυετε
363 401 579 489 φρονέοντες,
607 401 852 485 ἐπισταμένοισι
874 396 918 478 ὡς
939 402 1148 489 βαρβάροισί
1165 406 1227 472 ἐστι

162 527 209 579 143
225 499 302 570 οὔτε
317 498 436 567 πιστόν
451 497 528 567 οὔτε
543 498 667 585 ἀληθὲς
681 495 791 565 οὐδέν.
822 503 935 564 Ταῦτα
952 504 1067 580 ἔλεξαν
1081 505 1117 569 οἱ
1128 499 1227 588 ἀγγε-

225 610 285 669 λοι.
306 598 477 687 Ἀθηναῖοι
489 596 692 686 δὲπρὸςμὲν
703 595 920 685 Ἀλέξανδρον
931 597 1159 685 ὑπεκρίναντο
1169 604 1223 671 τά·

224 704 277 767 δε·
310 701 376 766 Καὶ
396 695 490 767 αὐτοὶ
511 699 611 766 τοῦτό
630 723 669 783 γε
683 698 905 785 ἐπιστάμεθα,
930 697 981 766 ὅτι
995 708 1222 788 πολλαπλησίη
1274 718 1275 721 ’

224 798 291 864 ἐστὶ
301 804 347 887 τῷ
359 796 469 888 Μήδφ
481 797 622 882 δύναμις
632 794 715 883 ἡπερ
727 793 817 882 ἡμῖν,
834 793 918 864 ιάστε
934 794 1035 864 οὐδέν
1048 802 1115 867 δέει
1126 798 1222 867 τοῦτό

222 925 261 985 γε
272 896 454 979 όνειδιζειν.
478 894 551 964 ἀλλ’
568 895 657 982 ὅμως
669 897 861 983 ἐλευθερίης
871 895 1063 983 γλιχόμενοι
1074 895 1221 985 ἀμυνεό
1274 892 1275 947 ὁ

222 1008 311 1083 μεθα
328 996 432 1082 οὕτω,
457 995 544 1074 ὁκως
558 991 602 1062 ἀν
616 996 670 1062 καὶ
686 995 877 1080 δυνάμεθα.
907 991 1110 1084 ὁμολογήσαι
1129 1000 1166 1066 δὲ
1179 1004 1221 1088 τῷ
1274 1000 1275 1047 ³

222 1099 380 1188 βαρβάρῳ
400 1097 482 1184 μήτε
502 1094 546 1164 σὸ
566 1093 669 1183 ἡμέας
688 1101 792 1181 πειρῶ
813 1092 1013 1197 ἀναπείθειν
1033 1097 1111 1164 οὔτε
1131 1093 1223 1184 ἡμεῖς

221 1197 414 1283 πεισόμεθα.
437 1204 503 1263 νῦν
518 1197 554 1264 δὲ
569 1194 756 1282 ἀπάγγελλε
770 1198 972 1287 Μαρδονίῳ,
989 1194 1033 1276 ὡς
1050 1194 1222 1284 Ἀθηναῖοι
1274 1192 1275 1251 ἓ

220 1300 370 1383 λέγουσι,
393 1293 460 1364 ἐστ’
479 1291 523 1363 άν
538 1293 556 1364 ὁ
573 1293 667 1382 ἡλιος
680 1293 742 1382 τήν
761 1292 868 1382 αὐτήν
883 1292 965 1365 ὁδόν
980 1306 1015 1386 ίη
1034 1304 1073 1386 τή
1088 1299 1145 1366 καὶ
1159 1304 1222 1364 νῦν
1274 1350 1275 1353 ¹

221 1399 364 1480 ἔρχεται,
380 1393 503 1481 μήκοτε
520 1391 739 1480 ὁμολογήσειν
752 1391 855 1482 ἡμέας
868 1395 989 1483 Ξέρξη·
1011 1391 1095 1462 ἀλλά
1111 1397 1222 1463 θεοῖσί
1274 1442 1275 1473 ,

218 1519 254 1560 τε
263 1493 462 1581 συμμάχοισι
473 1497 612 1561 πίσυνοί
619 1518 678 1579 μιν
688 1494 837 1578 ἐπέξιμεν
854 1490 1060 1579 ἀμυνόμενοι
1071 1494 1126 1559 καὶ
1137 1506 1220 1560 τοῖσι
1274 1506 1275 1563 3

217 1589 340 1676 ήρωσι,
355 1596 423 1656 τῶν
433 1592 559 1670 ἐκεῖνος
569 1588 729 1676 οὐδεμίαν
739 1587 818 1657 όπιν
828 1595 912 1675 ἔχων
924 1591 1084 1677 ἐνέπρησε
1093 1591 1175 1669 τοός
1186 1615 1219 1657 τε
1274 1632 1275 1679 ,

220 1694 334 1764 οἴκους
348 1689 403 1754 καὶ
418 1683 458 1754 τά
473 1684 655 1775 ἀγάλματα.
678 1686 722 1753 ου’
735 1711 771 1752 τε
784 1692 844 1753 τοῦ
861 1693 981 1754 λοιποῦ
995 1686 1117 1772 λόγους
1135 1694 1214 1776 ἔχων
1274 1696 1275 1777 J

218 1783 371 1870 τοιούσδε
382 1781 426 1872 μή
439 1788 612 1874 ἐπιφαίνεο
625 1784 839 1872 Ἀθηναίοισι,
855 1785 939 1871 μηδδ
953 1788 1081 1855 δοκέων
1093 1786 1216 1875 χρηστά

151 1890 156 1895 ’
217 1878 420 1969 ὑπουργέειν
434 1881 575 1971 ἀθέμιτα
589 1887 700 1972 έρδειν
714 1888 880 1969 παραίνεε.
905 1880 946 1951 οὐ
958 1885 1025 1970 γάρ
1041 1905 1078 1953 σε
1093 1885 1217 1973 βουλό-

217 1990 306 2064 μεθα
321 1979 421 2050 οὐδέν
435 1981 532 2071 ἀγαρι
547 1980 631 2068 πρός
647 1980 836 2068 Ἀθηναίων
856 1992 997 2070 παθείν,
1020 1983 1118 2051 ἐόντα
1132 1983 1216 2072 πρό·

151 2104 200 2156 ιςς
217 2080 328 2159 ξειυόν
341 2108 377 2150 τε
390 2084 445 2151 καὶ
462 2090 571 2170 φίλον.
603 2079 695 2167 Πρός
711 2082 774 2166 μέν
785 2078 1001 2168 Ἀλέξανδρον
1015 2088 1118 2150 ταῦτα
1133 2081 1216 2149 ὁπε-
1274 2102 1275 2109 ’

215 2186 390 2267 κρίναντο,
414 2179 498 2267 πρὸς
518 2184 553 2248 δέ
574 2179 653 2260 τοὸς
674 2178 738 2248 ἀπὸ
760 2180 918 2268 Σπάρτης
938 2180 1100 2268 ἀγγέλους
1119 2183 1216 2251 τάδε·
1274 2188 1275 2257 ζ

219 2276 264 2347 Τὸ
277 2279 339 2364 μέν
350 2284 454 2346 δεῖσαι
461 2283 745 2365 Λακεδαιμονίους
753 2276 798 2366 μή
806 2274 1065 2365 ὁμολογήσωμεν
1075 2286 1119 2370 τῷ
1131 2287 1217 2368 βαρ«

215 2380 308 2470 βάρφ
332 2381 437 2464 κάρτα
457 2377 677 2468 ἀνθρωπήίον
695 2373 747 2468 ήυ.
780 2378 863 2465 ἀτάρ
888 2387 1028 2466 αἰσχρῶς
1044 2407 1083 2467 γε
1105 2392 1217 2450 οίκατε
1274 2376 1275 2469 ἡ

215 2479 461 2565 ἐξεπιστάμενοι
482 2479 519 2548 τὸ
541 2479 730 2569 Ἀθηναίων
751 2479 909 2568 φρόνημα
929 2479 1137 2569 ἀρρωδῆσαι,
1164 2480 1215 2552 ὁτι
1274 2476 1275 2525 ³

159 2598 162 2604 “
215 2574 292 2644 οὔτε
304 2577 427 2662 χρυσός
441 2581 508 2648 ἐστι
520 2587 580 2667 γῆς
591 2578 759 2667 οὐδαμόθι
772 2586 930 2659 τοσοῦτος
941 2579 1018 2649 οὔτε
1028 2581 1119 2669 χάρη
1131 2581 1216 2650 κάλ·
1274 2590 1275 2619 ³

213 2681 327 2747 λελκαδ
338 2677 437 2771 ἀρετή
448 2686 532 2769 μέγα
542 2679 837 2770 ὁπερφέρουσα,τά
847 2679 940 2769 ἡμεῖς
951 2682 1124 2771 δεξάμενοι
1136 2684 1216 2751 ἐθέ-
1274 2718 1275 2767 g

212 2786 328 2864 λοιμεν
339 2774 383 2846 ἀν
393 2785 589 2866 μηδίσαντες
600 2786 850 2851 καταδουλῶσαι
865 2778 927 2869 τήν
938 2780 1086 2851 Ἐλλάδα.
1104 2781 1215 2850 πολλά
1274 2856 1275 2859 ¹

209 2901 246 2942 τε
261 2873 327 2960 γάρ
342 2880 396 2944 καλ
417 2879 543 2965 μεγάλα
564 2882 630 2947 ἐστὶ
649 2877 689 2946 τά
705 2880 935 2948 διακωλύοντα
949 2885 1053 2947 ταῦτα
1072 2876 1117 2966 μὴ
1136 2903 1215 2946 ποι·
1274 2892 1275 2963 λ

211 2977 296 3061 ἐειν,
318 2973 396 3061 μηδ’
417 2971 461 3063 ἡν
481 2980 666 3064 ἐθέλωμεν·
698 2985 812 3064 πρῶτα
832 2980 895 3064 μὲν
911 2982 966 3047 καὶ
987 2981 1124 3065 μέγιστα
1145 2985 1215 3045 τῶν

209 3077 303 3140 θεῶν
316 3069 357 3139 τά
368 3069 540 3161 ἀγάλματα
551 3077 605 3142 καλ
616 3071 657 3143 τά
669 3075 830 3161 οἰκήματα
845 3079 1100 3163 ἐμπεπρησμένα
1110 3102 1147 3145 τε
1158 3079 1215 3145 καλ

210 3176 481 3261 συγκεχωσμένα,
497 3187 581 3242 τοῖσι
594 3170 697 3260 ἡμέας
710 3171 898 3260 ἀναγκαίως
913 3181 978 3260 ἔχει
992 3178 1168 3261 τιμωρέειν
1180 3179 1215 3255 ἐς
1274 3178 1275 3227 λ

208 3268 249 3338 τά
263 3274 400 3358 μέγιστα
413 3280 541 3358 μᾶλλον
554 3272 637 3361 ήπερ
649 3270 842 3361 ὁμολογέειν
854 3281 900 3365 τῷ
912 3280 1015 3343 ταῦτα
1027 3274 1215 3360 ἐργασαμέ-

208 3395 267 3458 νφ,
284 3364 378 3449 αὖτις
389 3371 425 3439 δέ
435 3370 472 3439 τὸ
485 3371 681 3458 Ἑλληνικόν
692 3372 750 3442 ἐὸν
764 3373 911 3462 ὅμαιμόν
921 3401 956 3443 τε
967 3377 1023 3443 καλ
1035 3371 1216 3460 ὁμόγλωσ-
1274 3368 1275 3375 ¹

208 3486 279 3551 σου,
288 3470 342 3534 καὶ
352 3475 445 3535 θεῶν
456 3470 622 3557 ίδρόματά
631 3498 666 3538 τε
676 3469 774 3540 κοινὸ
786 3477 840 3542 καλ
850 3481 969 3543 θυσίαι
980 3472 1068 3562 ήθεά
1078 3500 1114 3542 τε
1126 3470 1215 3563 ὁμό-
