2566 3934
180 247 240 313 124
552 252 807 313 HERODOTI

178 411 244 483 έύν
266 411 284 482 6
305 420 445 501 Νεῖλος,
475 410 510 483 τό
533 416 570 485 66
591 411 658 485 όιτό
679 411 801 500 ταύτης
820 418 878 501 τῆς
898 411 1015 495 πόλιος
1039 417 1181 502 σχίζεται

176 518 354 600 τριφασίας
367 509 478 592 ὁδούς.
518 510 607 601 καὶὴ
623 511 685 600 μέν
699 510 784 597 πρός
797 509 848 600 ἠύ
860 512 1037 601 τρόπεται,
1058 511 1096 583 τὸ
1118 541 1181 583 κα-

177 613 285 682 λέεται
305 612 502 700 Πηλούσιον
522 610 645 699 στόμα,
673 609 694 696 ἡ
717 612 753 679 ἰέ
775 613 869 701 έτέρη
891 619 959 681 τόν
983 610 1074 687 ὁδῶν
1096 609 1181 703 πρὸς

178 712 321 799 ἑσπέρην
336 716 418 799 ἔχει·
447 718 547 781 τοῦτο
566 710 603 779 66
616 707 821 798 Κανωβικὸν
841 711 948 798 στόμα
962 714 1125 799 κέκληται.
1156 707 1180 799 ἡ

178 811 215 880 66
236 807 276 897 δὴ
299 813 377 880 ἰθέα
391 818 460 879 τῶν
480 807 571 879 ὁθῶν
588 816 634 901 τῷ
649 815 762 899 Νείλφ
778 810 846 879 έστί
865 808 942 898 ἤθε’
968 807 1105 880 ἄνωθεν
1118 835 1182 897 φε-

178 911 319 1037 ρόμενος
340 913 374 991 ές
393 909 431 989 τὰ,
454 909 515 994 ὀξύ
542 918 603 981 τού
625 914 737 981 Δέλτα
761 905 968 997 ἀπικνέεται,
989 906 1026 978 τό
1053 908 1090 977 66
1114 904 1181 976 ιἰπό

177 1012 300 1082 τούτου
313 1017 433 1100 σχιῗον
446 1009 599 1100 μέσον
563 1038 601 1080 το
618 1016 730 1083 Δέλτα
744 1013 777 1090 ές
795 1011 974 1081 θάλασσαν
988 1007 1147 1095 έξίει,”
1104 1034 1183 1077 ουτε

178 1116 351 1198 ἐλαχίστην
370 1123 494 1198 μοῖραν
513 1117 575 1179 τοῦ
595 1108 718 1191 ύθατος
738 1108 964 1199 παρεχόμενος
979 1107 1084 1198 ταύτη
1105 1105 1183 1178 ούτε

176 1208 296 1298 ἥκιστα
317 1204 547 1296 ούνομαστην,
569 1205 609 1277 τὰ
629 1211 781 1280 καλέεται
795 1204 1045 1329 Σεβεννμτικόν
1065 1202 1181 1295 στόμα.

178 1314 246 1377 ἔστι
270 1305 307 1374 66
327 1307 426 1375 κοτ”ἰ
327 1331 500 1394 καετερα
517 1307 657 1395 θιφόσια
672 1308 818 1399 στόματα
840 1303 908 1376 ύπό
927 1313 989 1376 τοῦ
1008 1314 1183 1394 Σεβεννυ-

177 1411 274 1473 τικοῦ
294 1400 559 1493 ἀποσχισθέντα,
581 1408 728 1495 φέροντα
751 1409 784 1486 ές
804 1405 999 1492 θάλασσαν,
1020 1417 1105 1473 ’τοῖσι
1120 1400 1180 1471 06«
1272 1434 1273 1479 1

176 1504 305 1590 κύματα
326 1505 436 1571 κέεται
462 1505 559 1592 τόδε,
586 1511 632 1596 τῷ
654 1504 717 1592 μέν
736 1502 900 1575 Σαλτικόν
921 1502 1051 1592 αύτύν,
1078 1511 1125 1595 τῷ
1146 1506 1184 1574 66
1272 1488 1273 1521 ¹

177 1600 385 1687 Μενδήσιον.
425 1599 463 1670 τό
485 1603 522 1672 66
541 1610 742 1691 Βολβίτινον
761 1604 868 1691 στόμα
890 1606 946 1672 καί
965 1600 1003 1672 τὸ
1019 1612 1185 1674 Βουκολι··

132 1721 167 1777 ιε
181 1698 244 1770 κόν
258 1698 321 1768 ούκ
335 1704 495 1788 ἰθαγενέα
510 1702 658 1789 στόματά
675 1706 754 1792 έστι,
777 1700 852 1773 ἀλλ’
870 1699 1006 1791 ὀρυκτοί.
1039 1711 1187 1792 Μαρτυ-

180 1801 248 1888 ρέει
274 1800 314 1866 δέ
335 1824 393 1884 μοι
426 1807 467 1890 τῇ
495 1800 631 1891 γνύμη,
660 1800 713 1871 ὅτι
739 1801 885 1888 τοσαύτη
910 1803 978 1871 έστί
1002 1810 1186 1890 Αθγυπτος,

180 1898 264 1986 ὅσην
280 1894 357 1965 τινὰ
374 1895 439 1985 ἐμοὶ
456 1896 678 1987 ἀποδείκνυμι
694 1906 740 1991 τῷ
757 1900 865 1992 λόγῳ,
886 1903 943 1969 καί
955 1897 994 1969 τὸ
1009 1900 1187 1988 Ἄμμωνος

179 1999 380 2089 χρηστήριον
399 1999 602 2088 γενόμενον,
629 1996 666 2068 τό
691 1996 755 2087 έγύ
779 2007 838 2087 τῆς
861 2001 1031 2086 ἐμεωυτοῦ
1050 1998 1188 2088 γνύμης
1274 1996 1275 2003 ¹

179 2097 325 2187 ὕστερον
338 2100 414 2184 περὶ
428 2107 604 2184 Αἴγυπτον
625 2098 813 2185 ἐπυθόμην.
858 2102 893 2166 οἰ
907 2096 973 2186 γοίρ
994 2094 1036 2185 θη
1054 2099 1090 2166 έκ
1106 2105 1187 2166 Μα-

181 2199 257 2285 ρέης
274 2221 309 2264 τε
326 2196 442 2276 πόλιος
459 2195 636 2276 καθ”Απιος
652 2199 817 2276 οἰκέοντες
831 2197 1007 2284 Αἰγύπτου
1023 2194 1064 2267 τό
1079 2197 1189 2286 πρόσ-

181 2324 268 2386 ουρα
280 2297 409 2384 Λιβύη,
437 2295 536 2367 αύτοί
553 2325 588 2368 τε
612 2302 785 2379 δοκέοντες
806 2297 891 2367 εἰναι
904 2306 1028 2388 Λίβυες
1047 2300 1103 2368 καί
1122 2294 1187 2366 ούκ

181 2395 378 2483 Αἰγύπτιοι,
409 2399 465 2464 καί
490 2394 675 2484 ἀχθόμενοι
700 2405 741 2488 τῇ
768 2395 905 2483 περὶτὰ
927 2395 1186 2487 ίρᾶθρησκηίη,

182 2494 392 2585 βουλόμενοι
410 2498 547 2581 θηλέων
572 2504 665 2586 βοαυ
691 2495 736 2585 μὴ
769 2503 944 2586 ἔργεσθαι,
977 2502 1128 2584 ἔπεμψαν
1153 2496 1189 2574 ές

173 2594 334 2719 ’Ἄμμωνα
356 2593 502 2681 φάμενοι
521 2594 623 2717 ούθλμ
642 2604 739 2685 σφίσι
760 2623 795 2666 τε
816 2599 933 2666 καίἰ
885 2606 919 2664 Α
918 2601 1098 2683 ἰγυπτίοισι
1112 2618 1188 2662 κοι-

182 2693 247 2766 νόν
261 2694 363 2765 εἰναι·
392 2696 514 2764 οἰκέειν
527 2721 563 2763 τε
576 2693 642 2784 γόιρ
661 2699 723 2777 ἔξω
743 2704 805 2765 τοῦ
821 2699 933 2764 Δέλτα
947 2696 1003 2763 καί
1023 2689 1086 2762 ούκ
1102 2689 1188 2779 ὁμο-

182 2794 314 2880 λογέειν
338 2791 487 2881 αύτολσι,
514 2795 705 2882 βούλεσθαί
724 2821 761 2864 τε
784 2794 924 2864 πάντων
947 2788 1043 2889 σφίσι
1065 2793 1189 2872 έξείναι

182 2891 354 2979 γεύεσθαι
385 2920 403 2962 ο
391 2890 459 2962 ‘66
474 2891 557 2972 θεός
573 2911 679 2980 σφεας
695 2890 759 2962 06u
776 2898 814 2963 έα
828 2894 955 2962 ποιέειν
969 2897 1091 2979 ταῦτα,
1119 2885 1190 2976 φὰς

182 2998 357 3075 Λίγυπτον
372 2989 457 3059 εἰναι
470 2990 607 3081 ταύτην,
629 3017 691 3080 την
706 3019 724 3061 ο
712 2988 864 3070 ’Νεῖλος
879 2985 988 3059 έπιύν
998 2986 1109 3077 αρθει,
1130 2989 1190 3055 καί

183 3087 434 3175 Αἰγυπτίουςί
403 3116 418 3157 ε
432 3116 488 3158 ναι
504 3090 662 3178 τούτους,
685 3097 720 3159 οἳ
738 3096 859 3178 ἔνερθε
876 3086 1109 3176 Ἐλεφαντίνης
1121 3085 1190 3154 πό-

183 3195 254 3265 λιος
270 3189 434 3265 οἰκέοντες
447 3185 513 3256 ἀπὸ
529 3196 591 3257 τοῦ
606 3194 758 3276 ποταμοῦ
773 3187 898 3257 τούτου
913 3194 1059 3257 πίνουσι.
1097 3183 1189 3254 ούτιο

130 3306 165 3362 19
185 3305 246 3372 σφι
270 3290 375 3353 ταῦτα
398 3284 554 3374 ἐχρήσθη.
595 3284 781 3376 Ἐπέρχεται
810 3287 847 3355 66
874 3282 892 3354 6
916 3293 1055 3372 Νετλος,
1084 3281 1190 3353 ἐπεὰν

182 3381 339 3472 πληθύη,
366 3380 409 3451 ού
429 3390 560 3471 μοῦνον
580 3382 618 3453 τό
633 3388 763 3473 Δέλτα,
790 3381 874 3454 ἄλλα
889 3387 945 3454 καὶ
959 3389 1021 3453 τού
1033 3389 1189 3472 Λιβυκοῦ

183 3507 219 3553 τε
232 3487 415 3572 λεγομένου
437 3484 549 3576 χύρου
566 3483 651 3555 εἰναι
671 3490 726 3556 καί
746 3493 808 3555 τοῦ
825 3484 982 3575 Ἀραβίου
1002 3487 1115 3574 ἐνιαχῇ
1130 3487 1189 3555 καὶ
