2560 3938
183 262 225 327 36
555 267 810 326 HERODOTI

1273 368 1275 465 λ

184 452 280 514 μενοι
294 424 419 515 Σύμιοι
439 423 616 496 ἀπελοίατο
638 424 744 497 αύτδν
765 431 865 514 νηυσί
877 436 1023 520 μακρῇσι
1040 428 1189 499 έπιπλοέ-
1274 470 1275 505 ι

185 552 319 606 σαντες·
345 523 441 598 αύτοί
455 528 492 595 δὲ
508 528 634 615 Σάμιοι
647 529 795 616 λέγουσι,
812 524 856 609 ὡς
867 532 974 598 ἐπείτε
996 525 1188 617 ,ὑστέρησαν

186 635 220 699 οί
232 627 371 716 ἀγοντες
393 636 462 697 τῶν
478 634 755 717 Λακεδαιμονίων
769 628 830 698 τόν
846 636 1011 719 κρητήρα,
1034 630 1190 701 ἐπυνθά-

185 753 286 796 νοντο
312 727 348 797 δέ
368 727 496 817 Σάρδις
519 755 554 796 τε
579 730 635 797 καί
652 737 799 816 Κροῖσον
818 727 1000 816 ἡλωκέναι,
1025 726 1188 799 ἀπέδοντο

186 825 247 897 τόν
270 835 418 918 κρητῆρα
439 830 612 920 ένΣάμμ,
636 830 769 909 ίδιοίτας
792 832 828 899 δὲ
845 829 971 920 ἀνδρας
985 835 1190 921 πριαμένους

187 929 369 1001 ἀναθεῖναί
379 957 437 1017 μιν
451 932 484 1010 ἐς
498 927 536 999 τὸ
546 928 700 1019 Ἡραίου·
731 932 813 1018 τάχα
834 932 870 998 δὲ
884 927 928 999 ἀν
944 933 1000 1003 καί
1016 936 1050 999 oc
1063 928 1191 1001 ἀποδύ-
1243 974 1256 990 ·

187 1057 283 1119 μενοι
299 1034 430 1117 λέγοιεν
450 1027 647 1117 ἀπικόμενοι
661 1032 696 1109 ές
710 1032 873 1120 Σπάρτην
913 1027 956 1109 ὡς
970 1027 1192 1119 ἀπαιρεθείη-

187 1150 253 1197 σαν
267 1126 333 1197 ύπδ
351 1136 500 1215 Σαμίων.
685 1217 688 1225 ,

143 1253 175 1308 71
272 1224 366 1296 Κατά
388 1231 450 1315 μέν
464 1255 530 1296 νυν
543 1225 603 1296 τὰν
616 1234 764 1315 κρητήρα
778 1226 867 1296 οὕτω
884 1233 973 1315 έσχε,
995 1236 1139 1312 Κροῖσος
1153 1233 1192 1297 δὲ

122 1378 128 1389 .
189 1323 348 1415 ἀμαρτύν
362 1334 424 1396 τού
439 1334 589 1416 χρησμοῦ
605 1329 750 1396 ἐποιέετο
766 1324 945 1416 στρατηίην
958 1329 991 1407 ές
1005 1331 1191 1395 Καππαδο-

189 1437 283 1515 κίην,
312 1431 446 1507 ἐλπίσας
465 1427 679 1516 καταιρήσειν
693 1428 812 1513 Κῦρόν
832 1452 867 1495 τε
888 1429 944 1495 καί
957 1423 1019 1513 τήν
1032 1434 1192 1513 Περσέων

101 1607 104 1612 ¹
189 1527 345 1613 δύναμιν.
379 1530 714 1614 παρασκευαζομένου
735 1529 771 1595 δὲ
786 1533 935 1611 Κροίσου
950 1524 1193 1613 στρατεύεσθαι

190 1627 244 1693 ἐπὶ
257 1626 405 1711 Πέρσας,
431 1632 499 1692 τῶν
521 1650 571 1704 τις
584 1630 725 1714 Λυδῶν,
751 1624 966 1712 νομιζόμενος
986 1625 1041 1711 καὶ
1058 1622 1194 1711 πρόσθε

191 1721 276 1792 εἶναι
298 1720 420 1811 σοφὸς,
446 1720 512 1791 ἀπὸ
535 1727 571 1792 δὲ
592 1726 715 1811 ταύτης
735 1732 793 1811 τής
814 1723 949 1811 μνύμης
963 1720 1067 1791 καί
1033 1749 1069 1791 το
1085 1724 1194 1809 κάρτα

191 1821 321 1908 ούνομα
341 1824 378 1890 έν
400 1827 541 1891 Λυδοῖσι
562 1829 665 1911 ἔχων,
690 1823 938 1911 συνεβούλευσε
957 1827 1090 1914 Κροίσῳ
1111 1822 1195 1891 τάδε

196 1917 337 2005 ὀύνομα
329 1910 422 1987 ὀί
400 1945 444 2008 ην
458 1920 662 2001 Σάνδανις·
689 1915 729 1989 Ὠ
744 1927 893 2009 βασιλεύ,
919 1914 967 1988 ἐπ’
984 1917 1108 2008 ἀνδρας
1120 1946 1196 1988 τοι-

191 2019 313 2099 ούτους
327 2020 569 2108 στρατεύεσθαι
592 2020 919 2106 παρασκευάζεαι,ο
901 2023 1110 2097 οδσκυτίνοις
1130 2018 1196 2105 μὲν

192 2115 410 2241 ἀναξυρίδας,
435 2127 596 2209 σκυτίνην
612 2123 649 2188 δε
668 2116 730 2206 τήν
749 2116 856 2204 ἀλλην
876 2120 1000 2205 έσθήτα
1020 2121 1196 2206 φορέουσι,

192 2220 356 2285 σιτέονται
371 2215 461 2284 δέ’
422 2243 485 2286 ουκ
499 2217 562 2288 ὅσα
579 2222 752 2305 ἐθέλουσι,
770 2214 838 2287 ἀλλ’
858 2214 920 2285 ὅσα
936 2223 1064 2305 έχουσι,
1080 2216 1196 2337 χύρηυ

192 2319 322 2400 ἔχοντες
335 2318 485 2401 τρηχεᾝαν
518 2314 603 2402 πρὸς
617 2314 713 2384 δὲ’
673 2342 736 2384 ουκ
756 2326 837 2408 οίνμ
863 2319 1086 2403 διαχρέονται,
1108 2304 1196 2384 ἀλλά

191 2411 453 2499 ὑδροποτέουσι,
480 2412 522 2483 ού
541 2422 629 2484 σῦκα
651 2415 687 2484 δὲ
708 2385 824 2504 ἔχουσί
841 2414 1001 2501 τρύμειν,
1028 2411 1091 2483 ούκ
1112 2412 1197 2483 ἀλλο

192 2507 327 2596 ἀγαθὸν
351 2507 461 2580 οὐδέν,
501 2520 600 2581 τοῦτο
627 2517 689 2600 μεν
709 2512 767 2600 δή,
794 2520 824 2582 εί
845 2512 1010 2604 νικήσεις,
1034 2520 1069 2582 τί
1091 2533 1200 2599 σφεας

193 2607 404 2698 ἀπαιρήσεαι,
418 2617 507 2679 τοίσί
516 2637 555 2698 με
571 2611 617 2699 μή
635 2619 704 2681 ἔστι
721 2617 843 2700 μηδέν;
860 2621 958 2681 τοῦτο
971 2612 1024 2699 δὲ,
1041 2606 1085 2698 ήν
1098 2637 1200 2697 νικη-

192 2713 275 2796 θῇς,
302 2707 408 2794 μοίθε,
434 2706 497 2777 ὅσα
523 2707 636 2795 ἀγαθοὶ
659 2709 863 2798 ἀποβαλέεις.
904 2710 1105 2799 γευσάμενοι
1128 2706 1200 2797 μάρ

192 2811 261 2872 τοῖν
277 2800 447 2892 ἡμετέραν
464 2805 605 2893 ἀγαθῶν
616 2813 823 2892 περιέξονται
840 2806 919 2878 οὐδὲ
936 2807 1083 2879 ἀπωστοὶ
1099 2814 1201 2878 ἔσον-

192 2932 255 2973 ται.
297 2903 361 2993 ἐγώ
384 2911 447 2993 μέν
468 2935 535 2976 νυν
555 2919 668 2978 θεοῖσι
690 2916 752 2996 ἔχοι
773 2910 890 2997 χάριν,
917 2918 951 2979 οἳ
966 2908 1029 2979 οάκ
1045 2911 1098 2978 ἐπί
1111 2907 1201 2976 νόον

193 3006 345 3073 ποιέουσι
367 3009 516 3095 Πέρσησι
543 3008 785 3093 στρατεύεσθαι
810 3009 863 3077 ἐπὶ
888 3008 1031 3089 Λυδούς.
1085 3014 1203 3077 Ταῦτα

193 3108 301 3192 λέγων
327 3103 391 3174 ούκ
415 3110 530 3176 ἔπειθε
555 3104 616 3175 τὸν
636 3115 793 3194 Κροίσου.
837 3111 986 3198 Πέρσησι
1008 3105 1091 3195 μάρ,
1116 3110 1204 3190 πρὶν

122 3276 125 3279 ,
193 3202 327 3285 Λυδούς
347 3209 655 3297 καταστρέψασθαι,
676 3202 723 3297 ήν
744 3208 822 3278 ούτε
845 3206 953 3298 ἀβρὸν
968 3206 1046 3276 ούτε
1063 3203 1202 3294 ἀγαθὸν

193 3300 304 3372 ούδέν.

148 3423 182 3479 72
280 3406 324 3471 Οί
343 3405 379 3470 δὲ
393 3404 617 3474 Καππαδόκαι
633 3402 700 3473 ὑπὸ
717 3402 887 3492 Ἑλλήνων
900 3404 1024 3492 Σύριοι
1048 3401 1210 3492 ούνομά--

194 3509 320 3583 ζονται·
360 3493 449 3590 ήσαν
474 3505 511 3572 δὲ
535 3507 569 3573 οί
582 3503 708 3592 Σύριοι
733 3496 827 3573 οὗτοι
849 3500 886 3573 τδ
911 3505 974 3592 μὲν
994 3500 1206 3597 πρύτερονῆ
1276 3500 1277 3559 ἶ
