2622 3928
504 213 741 267 PRAEFATIO.
1120 235 1155 271 vn

101 356 203 406 mendut
217 355 309 413 Bernh.
322 356 340 407 1.
353 372 375 407 c.
387 370 414 422 p.
424 354 468 407 39.
481 371 545 405 -c.
560 356 617 407 107.
630 346 810 415 παραστάτας
825 353 917 417 scripsi
932 368 966 403 ex
982 351 1070 402 Piiabi
1086 360 1110 400 et
1128 352 1155 411 F,

101 426 144 475 ubi
163 425 247 491 prima
271 440 348 475 mauu
370 432 409 477 est
427 416 636 489 παραστάντας;
668 413 858 485 παριστάντας
880 420 935 482 SV,
966 417 1156 486 παρεστεῶτας

101 494 212 545 Wessel.
228 494 262 544 ο1.
280 520 316 533 -
332 510 356 544 e.
373 493 434 546 108.
451 494 522 543 Libri
539 483 698 555 οἷναιρέατο.
718 491 823 544 Emend.
843 490 933 550 neri,
949 491 1021 555 prob.
1040 489 1114 541 Bred.
1128 505 1154 555 p.

100 563 160 616 313.
177 589 214 600 -
229 579 251 613 c.
268 561 326 614 loti.
345 564 455 613 Auctore
470 562 551 612 Eitsic
569 577 596 628 p.
613 559 663 613 333
681 561 795 621 restitui,
814 561 883 624 quod
900 559 987 610 Reisk.
1005 560 1155 619 coniecerat,

101 632 221 696 quodque
242 633 274 683 ab
297 638 439 683 correctore
461 632 584 696 scriptum
603 632 732 681 inventum
750 638 788 680 est
803 630 830 679 in
844 630 883 691 P,
903 624 1029 680 δέδεκται
1047 645 1094 694 ραι
1113 623 1155 678 δι’·

100 698 209 762 δοκται,
227 717 286 752 cum
302 703 346 752 vix
363 702 482 764 cuiquam
496 699 644 765 placituram
662 700 792 751 crederem
810 699 979 765 Wesseiiugii
998 698 1155 761 aliorumque

101 772 347 837 interpretationem:
367 770 486 834 „decreta
504 777 577 835 sunt,
600 784 666 833 quae
682 771 841 835 patientur.“
875 769 971 820 Eodem
991 774 1092 818 auctore
1110 782 1156 832 po-

100 849 155 891 stca
173 837 228 896 acic
246 831 274 898 ἐς
291 835 322 891 σέ
337 853 380 889 τοι
398 854 446 905 pro
462 853 489 887 τι
506 839 608 903 scripsi.
646 841 712 889 Tum
728 853 785 888 cum
804 839 878 897 iude,
902 838 971 903 quod
987 838 1021 887 Fb
1041 837 1076 886 ai.
1096 834 1155 902 (ha-

99 912 160 959 bent
175 907 232 974 SV)
248 925 306 960 cum
323 908 452 960 veteribus
466 907 621 959 editionibus
639 909 750 973 primum
768 904 919 976 συμβαλεῖν
939 908 1069 968 omittunt,
1089 907 1156 957 veri·

99 977 184 1028 simile
203 979 244 1039 sit,
262 979 409 1029 alterutrum
426 983 525 1029 tantum
542 976 575 1027 ab
592 975 719 1027 Herodoto
737 978 862 1044 scriptum
881 992 947 1039 esse,
965 976 1029 1027 mihi
1046 985 1071 1025 et
1095 977 1155 1025 sim·

100 1047 211 1113 piicitatl
228 1056 253 1099 et
269 1048 446 1100 consuetudini
469 1046 661 1098 convenientior
682 1046 782 1096 videtur
797 1048 892 1109 oratio,
924 1048 947 1097 si
967 1046 1078 1097 secundo
1099 1045 1149 1095 ioci

100 1118 225 1169 eiiciatur.
261 1120 289 1168 ln
308 1118 496 1183 extremo'cap.
515 1116 573 1168 iibri
603 1114 723 1166 exhibent
749 1104 786 1179 ἢν
811 1109 841 1166 δὲ
863 1114 920 1166 τῶν
945 1105 972 1166 οἳ.
995 1106 1049 1180 τὴν
1074 1111 1153 1182 capii.

101 1186 176 1246 Quod
193 1202 251 1236 cum
269 1188 330 1237 ferri
347 1195 471 1252 nequeat,
489 1185 675 1237 verisimillima
697 1184 760 1235 mihi
775 1186 830 1236 visa
849 1195 887 1236 est
906 1184 1049 1251 Schweigh.
1070 1186 1155 1250 suspi-

100 1256 140 1306 cio
164 1247 218 1320 τήν
244 1265 301 1306 aute
324 1254 380 1306 τῶν
402 1245 641 1305 ἀποσπευδόντων
660 1255 795 1308 excidisse.
831 1255 883 1305 niti
899 1246 935 1305 τα’
951 1254 1102 1305 maluerunt.
1121 1280 1154 1290 -

100 1341 123 1374 c.
145 1325 192 1375 111
213 1325 340 1386 dubitavi,
357 1340 511 1389 quamquain
524 1325 620 1375 Eitxius
635 1325 663 1375 id
679 1326 760 1375 sunsit
775 1338 802 1389 p.
822 1324 890 1386 334,
908 1316 937 1383 ἒς
954 1334 1013 1376 ante
1032 1316 1156 1387 πανηγύ-

101 1407 173 1458 ριας,
193 1394 262 1458 qnod
276 1394 346 1445 solus
364 1392 382 1443 S
401 1395 501 1456 omittit,
518 1395 636 1446 retinere.
672 1393 718 1443 Est
731 1408 793 1444 sane
808 1397 951 1462 zeugmatis
967 1393 1095 1459 quoddam
1111 1408 1155 1458 ge-

100 1478 157 1519 uns.
171 1464 219 1514 sed
236 1463 304 1527 quod
319 1471 387 1515 recte
405 1464 561 1515 admittatur.
599 1455 643 1514 Tui
661 1471 719 1513 aute
734 1452 832 1527 α’γαδοί
848 1465 943 1514 rectius
958 1464 1052 1515 habere
1068 1463 1155 1513 videu-

99 1542 141 1582 tur
155 1532 229 1593 Pur,
257 1547 334 1596 quam
353 1530 370 1583 S
386 1548 444 1584 cum
460 1533 518 1584 eliis
535 1534 665 1594 omittere,
680 1548 740 1583 cum
758 1534 856 1593 omnia,
873 1547 1039 1598 quaecuuque
1058 1532 1155 1582 contiu-

100 1617 161 1667 gere
177 1601 285 1667 possint,
304 1604 370 1653 bone
386 1603 567 1684 inteliipautnr.
585 1627 620 1642 -
638 1618 661 1655 c.
678 1601 728 1654 119
744 1617 791 1668 pro
804 1593 987 1667 ἀπαχθέντας
1005 1593 1073 1666 παρ’
1088 1591 1154 1651 ἑωυ-

100 1663 149 1720 τόν
164 1666 561 1737 Βο11.αιο1)ιίῑοὶναχδεντας,
589 1673 620 1723 de
639 1687 689 1735 quo
708 1673 732 1722 ei
751 1687 802 1724 uon
818 1674 901 1739 magis
919 1673 1058 1731 assentior,
1078 1686 1154 1734 quam

99 1741 129 1800 ii,
146 1739 207 1793 114.
245 1738 360 1792 Getenrm
377 1740 486 1792 Eituium
499 1755 526 1821 p.
549 1739 598 1793 131
617 1756 674 1792 cum
691 1743 878 1793 commendaret
899 1740 964 1792 hanc
987 1742 1153 1807 scripturam:

100 1823 130 1858 το
149 1801 180 1858 oi
193 1804 300 1874 Πέρσαι
316 1806 445 1861 καλέουσι
462 1823 556 1870 τουτο,
575 1802 748 1877 dedecuere,
767 1810 834 1878 iugit
851 1825 885 1861 ex
903 1811 989 1871 libris,
1014 1811 1058 1875 qui
1072 1806 1154 1858 τοῦτο

100 1878 228 1939 exhibent,
245 1879 272 1929 in
289 1877 346 1930 uns
360 1883 385 1931 e't
400 1881 509 1932 fortasse
526 1883 602 1930 etiam
620 1881 678 1930 inP
698 1888 723 1931 et
745 1881 769 1930 M
791 1872 824 1929 τό
840 1879 963 1930 omissum
981 1894 1050 1945 esse,
1072 1878 1155 1930 diver-

99 1950 202 1998 sitatem
216 1949 296 2016 igitur
312 1950 451 2015 scripturae
470 1950 600 2013 antiquam
617 1949 683 1999 hanc
701 1948 792 2009 inisse,
810 1955 838 1999 nt
853 1949 897 1999 aiii
917 1950 1075 1999 enuntiatum
1091 1947 1155 1998 iilud

99 2032 146 2082 per
163 2016 296 2068 relativum
311 2033 369 2069 cum
387 2020 554 2085 praecedente
569 2019 711 2085 iungerent,
730 2017 773 2068 alii
791 2018 989 2070 demonstrativo
1007 2019 1048 2068 usi
1066 2032 1155 2084 perse

100 2086 212 2152 positum
230 2086 386 2141 exhiberent.
410 2114 442 2126 -
463 2104 486 2137 c.
507 2089 566 2143 122.
587 2088 707 2148 Quamvis
724 2086 867 2138 Herodotus
884 2075 1027 2138 ἐπεισόδια
1044 2088 1155 2137 maxime

100 2163 180 2215 umet,
198 2163 284 2206 tamen
298 2163 324 2206 et
340 2172 395 2223 res,
413 2172 478 2222 quae
495 2156 545 2208 hoc
561 2156 645 2223 capite
664 2163 811 2217 narrantur,
832 2164 857 2207 et
873 2156 975 2207 niceam
990 2171 1073 2224 genus
1087 2158 1155 2205 eius-

100 2225 169 2275 modi
193 2233 266 2286 suut,
289 2232 317 2276 ut
338 2226 371 2277 ab
396 2225 514 2287 iibrario,
538 2225 609 2276 haud
629 2226 730 2276 indocto
748 2225 851 2288 quidem
869 2228 1014 2291 etantiqua
1032 2234 1155 2290 tempore,

100 2308 146 2344 neo
163 2309 224 2345 vero
239 2294 271 2344 ab
289 2296 346 2359 ipso
361 2297 483 2361 scriptore
503 2295 602 2346 adiecta
612 2295 755 2348 videantur.
791 2295 850 2345 vid.
867 2296 941 2347 bred.
980 2336 987 2352 .
1008 2296 1048 2349 13.
1086 2295 1155 2355 Quae

100 2377 157 2442 curn
174 2363 211 2414 ita
228 2364 289 2424 sint,
303 2363 367 2414 nihii
385 2365 412 2415 iu
426 2364 458 2415 lis
476 2366 580 2417 mutavi.
591 2391 627 2404 -
643 2379 665 2414 a.
685 2362 745 2416 123.
764 2353 938 2423 ὑπολοίπους
955 2311 1004 2416 Sao
1019 2365 1087 2423 Ain..
1100 2361 1156 2412 λοι-

100 2444 171 2490 πυυς
189 2431 320 2484 MKern.
356 2433 430 2495 Quod
453 2435 567 2497 seqnitur
593 2424 658 2491 τοὺς
682 2423 975 2501 iconodewesseiing.
993 2436 1026 2487 ab
1044 2433 1155 2485 librariis

99 2501 165 2552 mule
181 2503 342 2553 intersertum
364 2517 422 2554 csse
442 2502 577 2567 iudicavit,
595 2501 715 2553 iieislrius
732 2501 783 2552 τοῦ
801 2500 902 2553 λοιποῦ
918 2505 1078 2556 scribendum
1098 2516 1155 2553 ceu-

98 2570 166 2631 suit,
184 2578 291 2634 uterque
306 2572 362 2622 siue
380 2574 446 2622 iusta
464 2585 570 2632 caussa,
590 2586 648 2623 cum
666 2573 811 2624 Herodotus
830 2574 938 2639 repetita
954 2573 1003 2624 hac
1020 2588 1082 2625 voce
1101 2575 1154 2621 vim

99 2639 238 2689 sententias
253 2654 347 2707 augere
363 2640 474 2692 voluisse
492 2641 619 2695 videatur.
643 2667 678 2680 -·
700 2656 725 2696 c.
743 2640 794 2693 128
810 2657 948 2707 pronomen
967 2634 997 2692 ολ
1014 2649 1072 2708 post
1090 2632 1153 2704 η’ρὲ-

100 2719 200 2757 σκοντο
218 2723 274 2759 uum
289 2709 404 2761 Belsisero
425 2710 588 2761 inserendum
606 2711 711 2775 putavi,
735 2712 852 2774 quamvis
870 2712 897 2762 id
914 2725 965 2763 nou
982 2708 1154 2761 necessarium

98 2777 239 2827 iudicasset
254 2777 318 2830 Eits.
335 2795 361 2846 p.
380 2779 441 2834 333.
458 2807 494 2818 -
516 2795 539 2831 c.
559 2778 620 2831 130.
639 2779 716 2830 Miror
738 2780 807 2843 quod
823 2780 885 2836 Elia.
902 2795 928 2846 p.
949 2778 1015 2840 132,
1039 2779 1155 2842 quamvis

97 2847 149 2894 iam
168 2842 212 2896 Ste
228 2844 310 2897 banus
327 2856 352 2899 et
369 2848 467 2901 Schwe'
487 2849 514 2900 is.
532 2849 601 2899 hunc
618 2849 703 2900 iocum
724 2849 867 2900 rectissime
890 2849 1075 2916 explicassent,
1104 2843 1155 2911 τῆς

98 2915 132 2965 ad
149 2904 280 2976 α’ξιοισιυς
296 2917 435 2969 referentes
451 2864 488 2984 (ιθ
502 2907 618 2980 ἀξίωσις
636 2909 654 2982 ἡ
676 2908 706 2979 ἐξ
721 2908 787 2982 ipsi
803 2916 920 2985 γῆμαι),
945 2926 1029 2970 tamen
1045 2918 1155 2968 coniecit

91 2984 260 3051 scribendum
273 2982 359 3051 τῆσδε
375 2975 405 3049 ἕξ
422 2976 487 3051 ipati
501 2985 594 3053 γῆμαι.
622 3013 658 3026 -
678 3003 702 3037 ο.
721 2986 780 3042 132.
799 2986 861 3038 Gum
882 2988 995 3041 futurum
1012 2987 1097 3053 aptius
1117 2987 1155 3035 vi·

97 3053 209 3119 deretur,
228 3071 285 3106 cum
303 3053 321 3106 S
335 3071 383 3122 pro
397 3045 621 3122 1πιστραιειλεται
638 3057 730 3122 scripsi
745 3043 985 3123 ἐπιστρατεύσασι
1001 3056 1098 3122 (σηται
1110 3053 1153 3121 b).

97 3122 230 3179 -ο.134.
245 3119 392 3191 ὑπόθηται
407 3128 501 3178 rectius
516 3127 593 3177 scribi
611 3141 688 3191 quam
701 3116 847 3192 ὑποθῆται
856 3127 1038 3179 demonstravit
1048 3124 1152 3189 Rumpi.

97 3189 115 3245 ¹·
133 3209 158 3246 υ.
175 3210 203 3260 Ρ.
222 3194 267 3247 lo.
285 3219 320 3233 -·
338 3210 363 3249 o.
384 3194 441 3249 133.
462 3196 512 3247 Pro
530 3188 558 3246 εἰ
573 3185 798 3261 ιιαταχρήσονται
814 3197 1001 3248 coniunctivum
1019 3195 1153 3244 restituen-

98 3261 157 3311 dum
176 3264 275 3314 censuit
290 3262 429 3316 Dobraeus.
447 3290 482 3307 -
503 3283 527 3319 o.
548 3265 606 3318 137.
626 3266 707 3329 σφίσι
722 3255 834 3323 edacius
850 3264 1106 3332 scripsisuctoritate
1123 3261 1154 3311 ii·

97 3329 201 3381 brorum
217 3331 235 3383 S
254 3339 279 3383 et
296 3332 477 3401 Fpsrmotns,
504 3350 658 3400 quamquam
675 3348 752 3401 segre
771 3335 842 3399 iero,
857 3334 972 3385 dativum
988 3346 1039 3381 non
1057 3330 1154 3382 adseri·

96 3403 168 3463 ptum
190 3415 263 3465 asse,
284 3402 327 3466 qui
350 3403 383 3453 ad
395 3403 517 3471 Pelasgos
537 3405 664 3469 pertineat
679 3402 746 3486 (vid
764 3404 826 3454 niu.
844 3418 872 3470 p.
892 3402 958 3467 339,
976 3400 1065 3463 Matth.
1083 3399 1117 3450 ad
1132 3401 1152 3462 1,

96 3465 155 3532 bt).
195 3468 280 3534 Turpe
301 3471 502 3523 additamentum
523 3485 553 3522 τσ
575 3468 623 3522 ναὶ
646 3485 712 3529 τους
734 3469 856 3531 παῖδας,
880 3472 907 3520 io
929 3469 1057 3535 plerisque
1082 3466 1153 3519 libris
