2606 3920
316 305 401 360 LlB.
435 306 494 361 Vll.
529 303 628 359 cAP.
662 307 836 363 lvo-173.
1016 300 1077 366 197

72 463 240 548 διέδεξαν,
255 460 307 532 ὅτι
322 461 364 529 ού
377 481 438 547 σφι
451 459 576 548 ἡνδανε
590 456 630 526 τά
645 464 680 526 ολ
688 456 862 528 Ἀλευάδαι
876 465 1077 550 ἑμηχανέον-

71 587 118 680 τρ.
142 563 216 629 έπεί
225 586 261 629 τε
280 557 346 645 γάρ
368 560 538 628 ἐπύθοντο
553 557 688 642 τάχιστα
709 560 870 643 μέλλοντα
890 565 1077 685 διαβαίνειν

72 657 132 728 τὸν
145 662 282 746 Πέρσην
297 655 381 737 ές
344 684 407 745 την
420 654 618 756 Εύρύπην,
630 658 797 741 πέμπουσι
818 657 899 737 ές
864 686 925 728 τον
942 658 1078 747 Ἰσθμὸν

10 838 11 841 ¹
71 757 242 874 ἀγγέλους.
275 758 313 824 έν
334 758 370 824 δέ
393 762 439 847 τῷ
457 752 578 844 Ἰσθμῷ
595 755 683 838 ἡσαν
705 748 879 840 ἡλισμένοι
894 760 1078 876 πρόβουλοι

10 888 12 945 4
71 861 128 939 τῆς
136 853 294 933 Ἑλλάδος
304 824 552 943 ἀραιρὴμένοι’
533 875 598 919 απο
607 876 676 917 των
687 846 814 920 πολίων
824 861 893 922 τῶν
903 882 942 924 τα
932 854 1079 942 ἀμείνω

71 958 311 1039 φρονεουσέων
323 949 449 1039 περὶ
413 977 476 1038 την
484 947 634 1018 Ελλάδα.
665 945 862 1036 ἀπικόμενοι
878 951 914 1020 δλ
930 955 982 1020 ἐπὶ
998 953 1079 1021 τού-
1198 1001 1201 1007 ,

10 1072 12 1151 ρ
74 1078 152 1130 τους
163 1056 419 1122 τωνδεσσαλων
431 1054 464 1118 ολ
473 1047 609 1141 αγγελοι
620 1052 753 1134 ἔλεγον
769 1046 921 1135 ’Ἄνδρες
920 1050 1078 1139 Έλληνες,

10 1196 11 1199 ¹
72 1150 140 1216 δέει
164 1152 399 1236 φυλάσσεσθαι
419 1145 482 1233 τὴν
505 1142 649 1232 έσβολὴν
671 1143 733 1232 τὴν
756 1144 995 1236 Ούλυμπικὴυ,
1022 1152 1079 1218 ἵνα

71 1254 238 1333 Θεσσαλίη
260 1272 296 1314 τε
312 1249 367 1314 καὶ
383 1244 403 1332 ἡ
421 1245 579 1332 σύμπασα
600 1238 621 1333 ἡ
637 1241 754 1322 Ἐλλάς
769 1246 806 1312 έν
820 1246 926 1334 σκέπη
939 1254 1001 1316 τοῦ
1016 1272 1079 1315 πο-

70 1348 184 1433 λέμου.
207 1344 301 1433 ἡμεῖς
311 1347 374 1431 μέν
384 1371 450 1412 νυν
465 1347 591 1430 έτολμοί
603 1350 695 1430 είμεν
708 1343 977 1431 συμφυλάσσειν,
994 1349 1078 1433 πέμ·

10 1512 12 1523 ,
70 1468 148 1511 πειν
166 1448 202 1511 δέ
217 1440 282 1530 χρὴ
300 1447 355 1511 καὶ
369 1439 474 1529 ὑμέας
491 1439 649 1528 στρατιὴν
666 1439 812 1527 πολλὴν,
831 1438 876 1521 ὡς
892 1448 922 1509 εί
934 1439 979 1528 μὴ
994 1447 1079 1526 πέμ-

10 1570 12 1573 ·
70 1558 166 1628 ψετε,
183 1543 363 1611 ἐπίστασθε
379 1540 482 1628 ἡμέας
497 1538 720 1630 ὁμολογήσειν
735 1547 781 1631 τῷ
794 1546 925 1630 Πέρση·
956 1540 997 1609 06
1012 1544 1078 1631 γάρ

70 1665 122 1709 τοι
133 1642 407 1728 προκατημένους
417 1646 558 1708 τοσοῦτο
570 1637 634 1725 πρὸ
647 1647 704 1724 τῆς
715 1637 979 1724 ἀλληςἘλλάδος
991 1642 1079 1726 μού-

10 1800 12 1817 .
71 1764 153 1816 νους
168 1735 233 1823 πρὸ
246 1735 359 1824 ὑμέων
376 1742 444 1807 δέει
461 1736 656 1806 ἀπολέσθαι.
679 1741 838 1824 βοηθέειν
848 1742 885 1806 δὲ
897 1736 939 1805 ού
953 1739 1078 1824 βουλό-

10 1838 12 1927 ξ
70 1864 168 1925 μενοι
183 1835 370 1926 ἀναγκαίην
381 1837 462 1924 ἡμῖν
477 1836 638 1923 οὐδεμίαν
649 1832 717 1907 οἶοί
723 1839 761 1905 τέ
769 1839 842 1906 έστε
853 1843 1076 1926 προσφέρειν·

10 1942 12 1971 ³
71 1932 204 2020 οὐδαμὰ
223 1934 289 2020 γάρ
304 1932 348 2003 ἀδ
392 1943 488 2022 ασίης
508 1933 639 2020 ἀνάγκη
655 1936 807 2022 κρέσσων
824 1941 899 2023 ἔφυ.
932 1936 1027 2027 ἡμεῖς
1041 1941 1078 2007 δὲ

71 2033 303 2119 πειρησόμεθα
314 1962 493 2299 a&
504 2038 670 2120 σωτηρίην
689 2034 940 2120 μηχανεόμενοι.
966 2043 1077 2104 Ταῦτα
1163 2114 1164 2117 ¹

72 2139 190 2218 ἔλεγον
201 2136 234 2200 ot
244 2141 374 2202 Θεσσαλ
498 2129 699 2217 δδἝλληνες
708 2128 794 2216 πρὸς
803 2139 907 2200 ταῦτα
918 2136 1079 2222 έβουλεύ·
1091 2144 1142 2202 1⁷2

72 2253 175 2300 σαντο
187 2256 220 2309 ες
231 2237 418 2318 Θεσσαλίην
455 2227 855 2318 έμπεινκατάθάλασσαν
865 2232 1080 2320 πεζδνστρα-

14 2366 16 2381 =
71 2356 132 2398 τον
144 2327 255 2415 φυλα
256 2355 336 2397 οντα
346 2355 410 2419 την
421 2330 572 2418 έσβολην
597 2327 688 2410 ὡςδὲ
700 2330 1162 2423 συνελέχθηὸστρατός,,γ

16 2484 17 2527 3
72 2434 178 2496 έπλωε
196 2427 242 2496 δι’
256 2426 419 2517 Εὗρίπονζ
443 2427 645 2516 ἀπικόμενος
657 2429 743 2497 δδ
703 2454 761 2516 της
773 2426 913 2551 Ἀχαιίης
925 2428 981 2509 ές”
972 2439 1076 2517 Αλον,
1092 2368 1165 2500 θδεῖξ’

16 2544 17 2549 ’
72 2520 206 2612 ἀποβάς
216 2528 394 2612 ἐπορεύετο
410 2530 444 2605 ές
458 2536 661 2614 Θεσσαλίην,
685 2525 744 2605 τάς
760 2531 837 2647 γέας
853 2525 968 2596 αὐτοῦ
974 2555 1076 2596 κατοι-

17 2650 19 2653 ·
73 2624 198 2709 λιποδν,
215 2628 269 2692 καὶ
284 2622 419 2692 ἀπίκετο
435 2623 519 2704 ές
482 2652 522 2692 τα
541 2629 671 2712 Τέμπεα
685 2623 769 2703 ές
733 2652 796 2711 την
810 2624 1002 2712 έσβολὴυ,”
977 2653 999 2744 η
1013 2626 1124 2709 περῖἳ
1190 2644 1224 2711 ,ι

18 2750 21 2813 }
73 2721 139 2794 ἀπο
127 2720 420 2808 Μακεδονίης
380 2750 439 2811 της
453 2748 543 2790 κατω
554 2725 587 2802 ἐς
598 2730 786 2808 Θεσσαλίην
797 2726 892 2809 φέρει
902 2748 992 2810 παρα
980 2721 1108 2808 Πη
1102 2594 1232 2779 ff

20 2842 21 2871 ³
72 2818 168 2890 νειὸν
188 2820 356 2908 ποταμὸν,
377 2819 500 2909 μεταξύ
520 2823 557 2890 δὲ
580 2820 768 2908 Οὐλύμπου
784 2847 819 2890 τε
840 2821 958 2910 ούρεος
979 2822 1078 2890 έόντα

20 2920 22 2963 Ῑ
73 2922 129 2991 καί
149 2927 207 3007 τῆς
220 2919 351 3008 Ὄσσης.
380 2926 529 2992 ἐνθαῦτα
545 2922 864 3006 ἐστρατοπεδεύοντο
881 2922 1077 3009 τῶνἙλλή-

21 3070 22 3073 ¹
72 3046 145 3128 νων
159 3016 243 3088 κατά
257 3027 400 3107 μυρίους
413 3017 543 3091 δπλλται
559 3026 788 3108 συλλεγέντες,
804 3030 862 3090 καί
874 3043 934 3108 σφι
947 3031 1077 3110 προσῆν

23 3200 25 3209 Ι
73 3116 92 3207 ἡ
114 3126 181 3187 τῶν
197 3128 378 3190 Θεσσαλῶν
396 3125 506 3202 ἵππος.
536 3123 731 3209 έστρατὴγεε
751 3124 787 3190 δὲ
802 3128 1077 3208 Λακεδαιμονίων

23 3214 25 3227 '
72 3220 135 3305 μὲν
149 3216 363 3303 Εύαίνετος’
347 3246 365 3290 ο
376 3223 545 3387 Καρήνου
561 3226 597 3290 ἐκ
610 3229 680 3289 τῶν
699 3218 954 3313 πολεμάρχων’
934 3247 1078 3311 αραιρη-

73 3319 188 3401 μένος,
202 3320 317 3403 γένεος
332 3300 514 3405 μέντοιέ
479 3348 529 3388 ων
544 3319 587 3390 06
600 3347 660 3389 του
647 3327 868 3407 βασιληΐον,
887 3318 1077 3405 Ἀθηναίων

73 3412 109 3480 δὲ
120 3415 393 3502 Θεμιστοκλέηςο
379 3444 396 3486 ο
410 3421 583 3497 Νεοκλέος
596 3417 757 3505 Ἔμειναν
774 3420 811 3486 δὲ
828 3416 940 3503 ὀλίγας
952 3414 1077 3502 ἡμέρας

72 3507 272 3578 ένθαῦτα·’
253 3538 451 3600 απικομενοι
461 3542 527 3603 γαρ
537 3516 672 3603 αγγελοι
683 3541 773 3599 παρα
761 3512 1076 3596 Ἀλεξάνδροντού
