2606 3920
338 294 424 349 LIB.
456 296 514 349 VH.
548 294 646 351 CAP.
682 299 855 356 173-171.
1034 291 1097 354 199

91 453 200 539 πόρον
209 479 269 521 τον
280 448 403 539 μεταξύ
411 452 517 539 νήσου
528 452 728 520 τεΣκιάθου
737 455 792 521 καὶ
802 450 1097 541 ἠπείρουΜαχνη-

91 558 181 638 σίης·
204 553 240 619 ἐκ
255 550 291 619 δέ
305 556 367 619 τοῦ
382 556 516 618 στεινοῦ
530 556 587 636 τῆς
600 545 746 636 Εὐβοίης
758 548 823 637 ἤδη
842 548 877 619 τδ
889 549 1095 637 Ἀρτεμίσιον

8 712 10 723 ,
91 655 220 731 δέκεται
232 646 391 736 αἰγιαλὸς,
404 650 441 716 ἐν
452 649 488 716 δὲ
500 646 685 733 ’Λρτέμιδος
700 648 784 735 λρόν.
801 645 821 735 ἡ
835 652 870 717 δέ
883 642 928 716 αύ
939 645 994 716 διὰ
1005 654 1095 735 Τρη-

89 767 181 839 χῑνος
198 754 313 829 ἔσοδος
333 752 366 830 ἐς
386 746 447 836 τὴν
463 747 604 819 Ἐλλάδα
625 751 708 835 ἐστὶ,
730 755 770 838 τῇ
784 751 994 838 στεινοτάτη,
1017 748 1096 838 ἡμί-

8 910 10 925 ,
89 858 251 937 πλεθρον.
284 845 326 916 ού
346 850 459 935 μέντοι
475 844 558 915 κατά
572 846 673 914 τούτά
692 843 727 933 χ’
745 848 812 916 ἐστὶ
829 845 867 917 τδ
883 846 1094 916 στεινότατον

88 955 147 1036 τῆς
162 946 272 1034 χύρης
287 952 345 1034 τῆς
366 945 485 1032 ἄλλης,
508 942 583 1013 ἀλλ’
606 944 779 1031 ἔμπροσθέ
794 971 831 1014 τε
848 946 1094 1034 Θερμοπυλέων

89 1046 145 1113 καὶ
156 1042 289 1132 ὄπισθε,
301 1043 385 1113 κατά
394 1070 429 1111 τε
440 1040 623 1129 Ἀλπηνοὺς
634 1042 756 1112 ὄπισθε
767 1042 882 1124 ἐόντας
893 1046 994 1114 ἐοῦσα
1004 1043 1093 1131 ἀμα-

90 1138 177 1221 ξιτδς
191 1140 312 1227 μούνη,
328 1142 382 1209 καὶ
393 1146 565 1228 ἔμπροσθε
576 1137 658 1207 κατά
672 1146 813 1208 Φοίνικα
824 1138 975 1228 ποταμδν
987 1137 1091 1226 ἀχχοῦ

85 1237 251 1324 Ἀνθηλῆς
264 1237 381 1316 πόλιος
395 1235 552 1325 ἁμαξιτὸς
570 1235 653 1324 άλλη
670 1240 790 1326 μούνη.
819 1246 887 1307 τῶν
907 1242 943 1308 δέ
960 1249 1092 1327 Θερμο-

87 1337 224 1405 πυλέων
242 1330 280 1402 τδ
296 1338 359 1420 μέν
375 1333 459 1424 πρὸς
473 1336 612 1421 ἑσπέρης
627 1329 728 1422 οὖρος
745 1334 872 1423 ἀβατάν
886 1363 921 1404 τε
936 1338 991 1405 καὶ
1005 1334 1092 1405 ἀπό·

6 1498 8 1527 f
87 1459 256 1523 κρημνον,
273 1429 421 1520 ὑψηλὸν,
437 1431 614 1502 ἀνατεῖνον
629 1436 663 1513 ἐς
678 1432 740 1521 τὴν
757 1441 879 1522 Οἴτην,
900 1432 937 1503 τὸ
955 1437 992 1504 δέ
1006 1430 1092 1521 πρὸς

6 1544 7 1621 3
86 1530 149 1620 την
162 1528 212 1620 ἠῶ
226 1533 284 1618 τῆς
298 1529 381 1600 ὁδοῦ
395 1532 551 1601 θάλασσα
565 1529 761 1602 ὑποδέκεται
778 1535 833 1601 καὶ
848 1532 998 1620 τενάγεα.
1022 1537 1090 1600 ἐστι

6 1624 8 1647 ¹
86 1630 1090 1724 δὲέυτηέσόδμταύτηθερμάλουτρά,ιάΧύτρονςκαλέουσι

87 1734 121 1798 οἱ
132 1730 318 1818 ἐπιχωριοι,
338 1734 393 1798 καὶ
409 1728 521 1818 βωμὸς
535 1734 666 1818 ἵδρυται
681 1728 862 1817 Ἡρακλέος
877 1730 930 1799 ἐπ’
949 1730 1088 1800 αύτοῑσι.

88 1831 244 1916 ἐδέδμητο
259 1833 296 1897 δέ
309 1845 413 1916 τεῖχος
427 1829 511 1900 κατὰ
526 1831 648 1910 ταύτας
661 1829 721 1909 τάς
741 1830 897 1917 έσβολάς,
920 1835 975 1900 καὶ
993 1830 1033 1898 τά
1051 1856 1090 1916 χε

5 1944 9 1976 *
86 1925 232 1995 παλαιὰν
243 1927 346 1997 πύλαι
358 1931 494 2015 ἐπῆσαν.
518 1932 653 2014 ἔδειμαν
664 1932 700 1997 δέ
712 1932 844 2006 Φωκέες
854 1927 891 1994 τό
903 1942 1007 2014 τεῖχος
1021 1931 1089 1994 δεί-

85 2046 220 2110 σαντες,
236 2026 306 2092 ἐπεὶ
320 2028 483 2095 Θεσσαλοὶ
497 2019 608 2113 ἦλθον
622 2029 658 2094 ἐκ
674 2032 883 2113 Θεσπρωτῶν
898 2026 1090 2113 οἰκήσοντες

84 2131 150 2212 γῆν
165 2121 227 2210 τὴν
240 2130 396 2213 Αἰολίδα,
414 2125 477 2213 τήν
492 2151 555 2214 περ
571 2132 637 2194 νῦν
653 2128 808 2195 ἐκτέαται.
837 2125 894 2194 άτε
909 2124 950 2213 δὴ
965 2151 1089 2213 πειρω-

84 2224 196 2310 μένων
205 2230 272 2291 τῶν
279 2232 459 2294 Θεσσαλῶν
471 2227 762 2311 καταστρέφεσθαί
769 2244 874 2311 σφεας
882 2230 980 2292 τοῦτο
992 2247 1088 2308 προε-

85 2321 276 2408 φυλάξαντο
292 2325 326 2391 οἱ
335 2323 483 2407 Φωκέες,
500 2324 553 2391 καλ
568 2319 604 2390 τὰ
617 2320 710 2409 ύδιορ
725 2318 762 2390 τὸ
777 2319 908 2409 θερμὸν
923 2322 996 2390 τότε
1007 2325 1089 2408 ἐπῆ·

83 2450 147 2492 καν
163 2426 215 2491 ἐπὶ
232 2421 294 2512 τὴν
308 2429 456 2513 έσοδου,
469 2425 513 2505 ὡς
527 2419 571 2492 ἀν
588 2428 822 2512 χαραδρωθείη
838 2418 857 2491 ὁ
874 2429 995 2509 χῶρος,
1019 2429 1087 2489 πᾶν

84 2525 331 2610 μηχανώμενοι,
355 2522 442 2603 ὅκως
462 2524 507 2611 μή
528 2545 589 2610 σφι
609 2524 783 2610 ἐσβάλοιεν
805 2528 840 2592 ολ
854 2525 1016 2593 Θεσσαλοὶ
1034 2523 1086 2591 ἐπὶ

81 2619 145 2709 την
159 2621 280 2710 χώρην.
304 2619 341 2689 τὸ
357 2624 419 2708 μέν
434 2649 499 2690 νυν
516 2637 620 2709 τεῖχος
634 2620 672 2690 ιδ
687 2619 826 2707 ἀρχαῖον
839 2624 876 2690 έκ
890 2630 1035 2691 παλαιοῦ
1050 2649 1085 2690 τε

81 2724 256 2806 ἐδέδμητο,
277 2722 332 2788 καὶ
349 2717 385 2789 τδ
407 2724 510 2788 πλέον
525 2719 630 2789 αὐτοῦ
650 2719 714 2807 ἤδη
738 2717 804 2787 ύπδ
822 2719 948 2806 χρόνον
964 2722 1081 2788 ἐκέετο.

78 2832 165 2887 τοῖσι
180 2817 217 2885 δὲ
233 2810 328 2896 αὖτις
342 2815 515 2905 ὀρθώσασι
528 2822 619 2899 ἔδοξε
630 2818 734 2907 ταύτη
745 2815 935 2904 ἀπαμύνειν
950 2816 1015 2888 ἀπὸ
1027 2827 1085 2906 τῆς

81 2918 232 2998 Ελλάδος
241 2915 301 2987 τὸν
311 2917 495 3008 βάρβαρον.
509 2918 603 3006 κύμη
614 2919 654 2986 δέ
661 2921 729 2986 ἐστι
740 2914 909 3004 ἀγχοτάτω
920 2925 977 3005 τῆς
988 2916 1082 3004 ὁδοῦ,

5 3056 7 3061 >
74 3014 231 3104 Ἀλπηνοὶ
245 3014 391 3103 οὕνομα·
413 3020 450 3086 ἐκ
466 3015 589 3103 ταύτης
599 3018 635 3085 δέ
650 3019 883 3085 ἐπισιτιεῖσθαι
897 3018 1081 3103 ἐλοχιζοντο

76 3111 282 3200 οίἝλληνες.
318 3117 362 3182 OC
374 3116 436 3201 μέν
449 3141 515 3183 νυν
531 3121 630 3202 χῶροι
648 3107 742 3182 οὗτοι
756 3128 840 3182 τοῐσι
848 3113 981 3203 Ἕλλησι
1000 3113 1084 3182 εἶναι
1103 3128 1152 3186 177

5 3216 7 3289 i
77 3214 256 3297 ἐφαίνοντο
283 3212 459 3300 ἐπιτήδεοι.
493 3211 625 3282 ἅπαντα
644 3210 710 3300 γάρ
731 3214 1001 3300 προσκεψάμενοι
1028 3217 1084 3283 καὶ

5 3296 7 3381 ἶ
76 3312 360 3398 ἐπιλογισθέντες,
375 3308 427 3379 ὅτι
442 3309 520 3380 ούτε
536 3312 661 3400 πλήθει
672 3314 783 3392 ἕξουσι
793 3320 939 3400 χρᾶσθαι
950 3316 985 3380 ολ
996 3312 1083 3399 βάρ·

5 3408 7 3459 ³
76 3415 176 3493 βαροι
192 3405 269 3476 οὔτε
282 3412 390 3501 ἵππω,
404 3409 509 3500 ταύτη
520 3430 581 3496 σφι
597 3413 689 3491 ἔδοξε
700 3413 857 3478 δέκεσθαι
871 3406 931 3477 τὰν
945 3409 1082 3477 ἐπιόντα
1201 3438 1205 3443 ·
1292 3498 1293 3507 ¹

5 3546 7 3617 η
75 3503 129 3572 ἐπὶ
150 3501 214 3590 τὴν
226 3502 377 3579 Ἑλλάδα,
401 3504 445 3588 ἀς
465 3510 501 3577 δέ
517 3508 687 3578 ἐπύθοντο
702 3505 762 3577 τδν
775 3512 910 3594 Πέρσην
926 3506 1025 3575 ἐόντα
1046 3509 1082 3572 ἐν
