2622 3928
395 231 478 286 ιιΒ.
510 231 544 289 v,
580 228 678 286 οΑΡ.
707 236 838 289 14-18.
1088 225 1109 292 7

121 391 189 452 τόν
202 387 239 453 δέ
251 384 380 470 πλῆθός
394 385 462 452 ἐστι
475 389 630 469 τοσοῦτο,
651 382 736 452 ὥστε
750 382 831 452 ὅταν
845 382 908 472 τὴν
920 396 1034 472 θνρην
1046 384 1110 472 τήν

121 476 332 565 καταπακτὴν
346 474 523 567 ἅνακλίνη,
537 484 640 546 κατίει
655 487 775 569 σχοίνῳ
789 485 933 566 σπυρίδα
947 481 1063 571 κεινὴν
1075 485 1111 562 ές

120 573 183 662 τὴν
194 582 330 662 λίμνην,
352 577 407 642 καί
423 571 465 640 οὐ
485 574 610 642 πολλόν
628 600 702 642 τινα
720 575 844 661 χρόνον
862 573 1004 659 έπισχοδν
1021 579 1107 643 ἀνα-

121 679 188 759 σπᾷ
207 671 335 759 πλήρεα
354 670 492 758 ίχθύων.
524 677 592 738 τόν
615 668 652 737 δδ
671 671 800 755 ἰχθύων
824 673 891 738 ἐστὶ
914 672 1011 756 μένεα
1034 670 1107 756 δύο,

72 771 75 776 ’
120 765 199 849 τούς
215 769 370 836 καλέουσι
386 767 562 853 πύπρακύς
575 792 610 834 τε
626 768 680 834 καὶ
694 774 842 846 τίλωνας.
874 768 1032 836 Παιόνων
1044 763 1106 852 μὲν
1121 775 1149 822 1⁸¹

120 861 161 950 δέη
177 868 212 931 οί
223 865 436 950 χειρωθέντες
451 861 572 950 ἤγοντο
587 865 621 945 ές
633 860 695 948 τὴν
712 860 839 949 Ἀσίην,
860 863 1022 950 Μεηύβαζ
1021 886 1060 940 ος·
1004 859 1106 942 ζδδ

119 957 168 1040 ὥς
181 960 374 1047 ἐχειριόσατο
387 958 467 1039 τούς
479 968 642 1046 Παίονας,
664 963 783 1045 πέμπει
802 958 962 1047 αμγέλους
978 962 1012 1038 ἐς
1026 966 1106 1025 Μα-

117 1061 275 1145 κιδουίην
293 1056 452 1144 ἄνδραςρ
435 1055 514 1131 mo}
534 1060 681 1144 Πέρσας,
707 1065 741 1126 οδ
757 1055 829 1144 μετ’
850 1055 954 1126 αὐτόν
977 1057 1105 1123 ἐκεῖνον

118 1148 206 1241 ἦσαν
222 1153 437 1240 δοκιμώτατα
450 1157 488 1223 έν
500 1160 546 1245 τῷ
559 1159 775 1246 στρατοπίδῳ.
798 1156 979 1240 ἐπέμποντο
991 1142 1086 1221 δέ
1043 1177 1106 1221 ου·

119 1276 170 1319 τοι
184 1275 251 1337 παρ
254 1247 439 1337 ’Ἀμύντην
458 1249 645 1337 αίτήσοντες
664 1258 728 1337 γῆν
744 1253 846 1320 τεκαὶ
866 1249 958 1337 ὕδωρ
972 1256 1104 1369 Δαρείῳ

119 1351 253 1436 βασιλέι.
269 1352 337 1415 ἔστι
347 1350 383 1417 δέ
393 1350 478 1417 έν
439 1375 496 1435 της
502 1349 736 1433 Πρασιαδοςλ
734 1376 817 1435 μνης
828 1351 990 1436 σύντομος
1001 1349 1103 1433 κύρτα

119 1446 152 1525 ές
172 1440 233 1530 τὴν
246 1448 470 1531 Μακεδονίην.
504 1453 618 1530 πρῶτα
637 1446 699 1532 μέν
714 1444 779 1533 γαρ
794 1452 899 1533 έχεται
917 1452 975 1531 τῆς
987 1453 1104 1532 λίμνης

116 1538 156 1608 τό
172 1543 348 1628 μέταλλον,
363 1544 396 1623 ἐξ
411 1534 453 1611 οὗ
467 1540 608 1627 ὕστερον
622 1543 751 1611 τούτων
764 1544 926 1613 τάλαντον
939 1541 1103 1660 ἀργυρίου

114 1636 319 1730 Ἀλεξάνδρῳ
333 1635 490 1727 ημέρης
471 1640 608 1725 ενόστης
626 1642 757 1759 ἐφοίτα,
779 1666 859 1726 μετα
847 1637 911 1709 δέ
931 1665 969 1709 το
957 1636 1102 1724 μέταλ-

114 1743 177 1803 λον
196 1735 362 1821 Δύσωρον
388 1736 591 1822 καλεόμενον
617 1730 718 1824 οὖρος
741 1735 946 1855 ὑπερβάντα
957 1735 1103 1805 ειναιν
1066 1739 1103 1804 έν

118 1837 320 1921 Μακεδονίῃ
365 1827 449 1902 Οί
422 1859 471 1901 ων
484 1837 610 1920 Πέρσαι
630 1839 664 1901 οί
680 1835 888 1920 πεμφθέντες
904 1824 997 1900 οὗτοι
1011 1829 1100 1947 παρὰ
1121 1863 1127 1901 ι

118 1925 176 1996 τόν
185 1926 386 2015 Ἀμύντην’
365 1955 409 2009 ως
423 1927 597 2017 ἀπίκοντο,
611 1939 722 2000 αίτεον
736 1928 891 2008 ἐλθόντες
905 1927 970 2007 ές”
950 1942 1028 2009 οψιν
1040 1953 1102 2014 την

117 2025 278 2112 είμύντεω
290 2033 424 2118 Δαρείῳ
436 2031 565 2115 βασιλέϊ
582 2035 646 2115 γῆν
665 2054 700 2095 τε
713 2055 768 2097 και
757 2023 927 2113 ’ὕδωρ
913 2052 931 2093 ο
948 2026 985 2093 δὲ
997 2026 1101 2092 ταῦτα’

116 2147 151 2190 τε
165 2123 276 2189 έδίδον
290 2130 348 2193 καί
358 2142 513 2209 σφεας
474 2127 513 2197 ί
512 2127 526 2192 ί
540 2128 643 2209 ξείνια
657 2129 765 2195 καλέει
775 2123 1101 2212 ,παρασκευασόμε-

114 2244 173 2298 νος
186 2221 223 2286 δὲ
236 2222 372 2337 δεῖπνον
381 2223 624 2308 μεγαλοπρεπές
634 2225 761 2292 ἐδέκετο
772 2219 850 2301 τούς
859 2222 989 2308 Πέρσας
1003 2227 1102 2305 φιλο-

116 2315 255 2400 ῳρόνως.
280 2313 324 2397 ὥς
335 2313 401 2384 δέ’
381 2342 446 2387 απο
435 2315 594 2388 δείπνου
605 2322 768 2405 ἐγένοντο,
784 2315 1035 2397 διαπίνοντες
1004 2340 1100 2384 ειπαν

116 2416 148 2479 οί
159 2414 285 2498 Πέρσαι
300 2413 395 2482 τάδε
427 2418 522 2491 Ξεῑνε
531 2412 717 2500 Μακεδδν,
730 2412 810 2502 ημῖν
820 2415 922 2536 νόμος
936 2402 1003 2481 ἐστέ
1015 2425 1100 2479 τοῖσι

114 2510 274 2595 Πέρσησι,
295 2508 396 2586 ἐπεὰν
416 2515 551 2581 δείπνου
573 2512 812 2601 προτιθώμεθα
829 2515 927 2598 μέγα,
948 2510 1023 2578 τότε
1044 2513 1099 2579 καί

112 2601 170 2681 τὰς
194 2603 363 2684 παλλακδς
385 2609 439 2673 καὶ
464 2606 522 2686 τὰς
545 2614 715 2697 κουριδίας
737 2620 897 2693 γυναῖκας
921 2606 1100 2691 ἐσάγεσθαι

113 2702 313 2782 παρέδρους·
344 2699 388 2768 σύ
408 2728 489 2787 νυν,
515 2706 589 2773 ἐπεί
606 2731 667 2795 περ
688 2703 871 2790 προθύμως
891 2700 952 2788 μέν
976 2703 1099 2786 ἐδέξαο,

95 2795 264 2882 4μεγαλως
282 2796 317 2864 δ
338 2802 498 2883 ξεινίζεις,
518 2804 620 2879 διδοῖς
639 2827 675 2869 τε
690 2803 963 2916 βασιλέῑΔαρείῳ
982 2804 1047 2885 μην
1062 2822 1099 2864 τε

111 2920 166 2961 και
155 2890 338 2979 ύδωρ,”
317 2917 394 2961 επεο
415 2896 507 2990 νόμῳ
527 2923 572 2987 τῳ
593 2896 747 2989 ἡμετέρῳ.
791 2895 874 2965 Πίπε
895 2894 979 2982 πρός
996 2900 1100 2962 ταῦτα

107 2990 284 3078 Ἀμύντης·
319 2985 359 3058 Ὠ
373 2996 515 3081 Πέρσαι,
536 2993 637 3080 νόμος
656 2992 747 3080 μὲν
730 3008 810 3081 ημῖν
829 2997 871 3078 γέ
880 2987 1000 3063 ἐστι’
961 3017 1023 3059 ουκ
1038 2983 1098 3058 οὗ·

109 3114 176 3175 τος,
191 3085 274 3156 ἄλλδ
286 3096 485 3179 κεχωρίσθαι
496 3088 621 3178 ἄνδρας
630 3115 816 3179 μυναικων
833 3092 906 3158 ἐπεί
913 3114 947 3156 τε
958 3085 1022 3154 δί’
1004 3101 1098 3207 υμεῖς

109 3188 219 3267 ἐόντες
239 3187 394 3256 δεσπόται
417 3195 645 3276 προσχρηίζετε
664 3189 809 3274 τούτων,
836 3182 1034 3273 παρέσται
1017 3197 1098 3269 υμῖν

109 3288 288 3355 καὶταῦτα
318 3296 411 3368 είπας
424 3295 568 3356 τοσαῦτα
585 3286 603 3356 ὁ
620 3285 782 3374 Ἀμύντης
796 3290 1020 3373 μετεπέμψατο
1039 3281 1098 3362 τὰς

107 3396 275 3468 γυναῖκας.
303 3382 386 3453 αί’δ’
404 3388 477 3454 ἐπεί
493 3388 740 3473 τεκαλεόμεναι
757 3378 882 3473 ἦλθον,
904 3386 1016 3467 ἐπεξῆς
1036 3380 1095 3450 ἄν
