2626 3932
185 234 227 297 46
561 232 810 290 HERODOTI

185 396 311 485 ράννρι,
323 396 435 481 πολλῷ
445 396 493 458 έτι
504 391 633 476 ἐγένετο
645 362 805 470 Κυψέλου
815 390 1089 478 μιαιφονώτερος.
1102 399 1189 481 πέμ-

186 511 250 576 ψας
261 492 326 580 γάρ
337 490 427 576 παρά
434 489 677 577 Θρασύβουλον
690 488 821 574 κήρυκα
834 491 1056 581 ἐπυνθάνετο,
1069 491 1190 563 ὅντινα
1288 518 1289 521 ’

186 591 230 662 ἀν
242 590 369 679 τρόπον
383 586 632 676 ἀσφαλέστατον
645 587 934 674 καταστησάμενος
947 597 1015 659 τῶν
1029 593 1189 680 πρῆγμά·
1289 640 1290 679 3

1286 352 1288 403 λ

184 716 252 759 των
266 690 426 758 κάλλιστοι
441 685 504 774 τήν
517 685 617 755 πόλιν
632 687 853 773 ἐπιτροπεύοι.
892 689 1133 778 Θρασύβουλος
1146 692 1186 760 δέ
1290 752 1291 795 3

184 789 244 858 τόν
258 787 402 857 ἐλθόντα
412 781 503 872 παρά
515 784 797 871 τοῦΠεριάνδρον
808 787 902 873 ἐξῆγε
912 790 973 867 ἔξω
983 794 1046 856 τού
1056 787 1185 875 ἀστεος,

184 883 283 976 έσβάς
296 886 332 953 δέ
345 888 378 964 ές
388 883 540 971 ἀρουραν
552 884 762 969 ἐσπαρμένην
774 880 843 970 ἀμα
856 908 893 952 τε
906 885 1028 972 διεξήιε
1038 883 1075 953 τό
1087 886 1185 974 λήιον
1291 924 1292 977 3

183 988 372 1070 ἐπειρωτῶν
386 1007 421 1049 τε
437 983 493 1049 καλ
507 976 716 1061 ἀναποδίζων
729 976 790 1047 τόν
799 980 930 1067 κήρυκα
943 980 1027 1050 κατά
1044 980 1106 1070 τήν
1116 981 1184 1051 ἀπό

184 1087 359 1165 Κορίνθου
373 1077 503 1165 ἀπιξιν,
523 1079 579 1147 κοιλ
596 1078 734 1147 ἐκόλουε
749 1079 829 1161 αἰεὶ,
846 1076 932 1158 ὅκως
944 1078 1020 1149 τινά
1035 1086 1101 1150 λδοι
1113 1089 1185 1150 τῶν
1292 1094 1293 1127 ³

183 1177 358 1265 ἀσταχύων
381 1175 600 1263 ὑπερέχοντα,
624 1177 779 1244 κολούων
797 1177 834 1244 δέ
854 1182 1003 1266 έρριπτε,
1029 1183 1062 1260 ἐς
1081 1178 1103 1248 ὑ
1120 1188 1184 1250 τοῦ

182 1285 279 1366 ληΐου
299 1272 335 1344 τὸ
351 1274 529 1345 κάλλιστόν
548 1275 653 1342 τεκαὶ
668 1273 863 1361 βαθύτατον
882 1279 1055 1366 διέφθειρε
1068 1278 1184 1370 τρόπῳ

183 1373 331 1465 τοιούτῳ.
361 1368 542 1453 διεξελθοδν
563 1371 601 1441 δέ
615 1368 652 1439 τὸ
668 1377 791 1458 χωρίον
805 1375 861 1441 καλ
874 1370 1083 1462 ὑποθέμενος
1103 1382 1184 1455 έπος

183 1473 283 1543 οὐδέν
298 1471 484 1557 ἀποπέμπει
500 1466 561 1536 τόν
581 1469 720 1556 κήρυκα.
749 1470 972 1556 νοστήσαντος
988 1474 1026 1540 δὲ
1039 1479 1101 1541 τού
1119 1474 1181 1562 κή-

183 1598 285 1658 ρυκος
299 1573 332 1649 ἐς
345 1568 407 1656 τὴν
421 1568 598 1654 Κόρινθον
610 1560 657 1654 ήν
669 1566 848 1655 πρόθυμος
864 1570 1105 1639 πυνθάνεσθαι
1118 1570 1181 1658 τήν
1295 1606 1296 1667 η

183 1669 363 1759 ὑποθήκην
377 1665 395 1737 ὁ
409 1670 626 1753 Περίανδρος.
647 1663 665 1732 ὁ
683 1668 721 1735 δὲ
734 1662 836 1735 ούδέν
851 1671 886 1736 οἱ
900 1673 965 1754 ἔφη
979 1668 1180 1756 Θρασύβου-

181 1778 242 1839 λον
257 1766 465 1851 ὑποθέσθαι,
480 1762 672 1850 θωυμάζειν
681 1788 717 1831 τε
728 1760 845 1850 αὑτοῦ,
862 1761 944 1850 παρ’
959 1758 1031 1833 οἷόν
1044 1789 1104 1850 μιν
1118 1763 1182 1832 ἀν-

182 1871 245 1950 δρα
260 1861 481 1952 ἀποπέμψειε,
502 1858 546 1941 ὡς
560 1861 761 1949 παραπλῆγά
775 1887 811 1930 τε
830 1865 886 1932 καλ
905 1869 972 1930 τῶν
987 1866 1114 1932 ἑαυτοῦ
1127 1883 1181 1931 σι-

182 1962 350 2050 νάμωρον,
365 1958 592 2049 ἀπηγεόμενος
608 1960 649 2028 τά
661 1984 723 2045 περ
737 1956 821 2047 πρὸς
827 1959 1073 2050 Θρασυβούλου
1087 1957 1180 2030 ὅποτ’·
1297 1986 1298 2013 1

149 2079 164 2134 7
181 2089 248 2130 πεε.
285 2064 491 2149 Περίανδρος
508 2058 544 2128 δέ
559 2062 671 2139 συνεὶς
684 2057 721 2127 τὸ
737 2058 897 2146 ποιηθέν,
919 2063 974 2128 καὶ
995 2060 1063 2153 νόω
1077 2058 1178 2147 σχάν,

67 2243 70 2249 ,
182 2163 226 2243 ἀς
236 2168 270 2233 oc
278 2160 454 2231 ὑπετίθετο
461 2161 700 2248 Θρασύβουλος
708 2158 786 2239 τούς
795 2158 980 2245 ὑπερόχονς
991 2167 1058 2229 τῶν
1068 2158 1180 2229 ἀστόν

181 2260 357 2349 φονεύειν,
373 2264 522 2329 ἐνθαῦτα
536 2257 577 2346 δή
592 2267 703 2327 πᾶσαν
717 2257 881 2345 κακότητα
895 2262 1046 2345 ἐξέφαινε
1057 2263 1091 2341 ές
1099 2258 1180 2341 τοὺς

180 2360 346 2447 πολιήτας.
368 2357 431 2426 ὅσα
445 2356 510 2444 γάρ
521 2355 824 2439 Κύψελος-ἀπέλιπε
834 2364 975 2426 κτείνων
983 2383 1020 2426 τε
1031 2360 1087 2429 καὶ
1097 2360 1180 2428 διαέ-

180 2484 260 2543 κων,
272 2454 482 2543 Περίάνδρός
492 2475 579 2541 σφεα
593 2454 778 2542 ἀπετέλεσε,
793 2462 852 2545 μιῆ
866 2456 902 2524 δέ
912 2453 1018 2545 ῆμέρη
1032 2456 1178 2527 ἀπέδυσε

179 2554 286 2633 πάσας
301 2550 360 2633 τάς
370 2559 566 2639 Κορινθίαν
581 2569 741 2640 γυναῖκας
755 2553 810 2623 διά
820 2551 1020 2640 τῆνιέοευτού
1033 2569 1178 2641 γυναῖκα

178 2650 360 2718 Μέλισσαν.
374 2650 540 2737 πέμψαντι
551 2651 615 2738 γάρ
627 2653 663 2719 ολ
670 2651 704 2731 ές
712 2651 936 2738 Θεσπρωτούς
943 2649 992 2721 &i
1001 2650 1177 2739 Ἀχέροντα

177 2747 327 2834 ποταμόν
336 2745 497 2836 ἀγγέλους
505 2750 559 2817 §aa
571 2748 607 2817 τὰ
620 2748 884 2836 νεκυομαντήλον
895 2748 1178 2836 παρακαταθήκης

177 2848 252 2931 πέρι
263 2850 408 2932 ξεινικῆς
418 2844 497 2916 ούτε
515 2852 693 2934 σημανέειν
706 2853 772 2934 ἔφη
782 2845 803 2935 ῆ
815 2850 968 2917 Μέλισσα
980 2851 1177 2935 ἐπιφανεῖσα

178 2943 256 3012 οὕτε
273 2948 442 3030 κατερέειν
460 2949 497 3013 έν
508 2954 554 3037 τῷ
565 2948 672 3016 κέεται
683 2947 779 3037 χάρμ
790 2945 811 3034 ἡ
823 2947 1103 3035 παρακαταθήκη·
1124 2950 1178 3033 δι-

177 3049 262 3129 γούν
280 3070 315 3111 τε
333 3043 395 3131 γὰρ
414 3049 468 3112 καὶ
488 3043 574 3114 εἶναι
590 3045 718 3133 γυμνή·
733 3052 801 3113 τοῖν
811 3045 875 3131 γάρ
894 3049 929 3114 οἱ
942 3046 1178 3131 συγκατέθαψε

178 3143 322 3229 εἱμάτων
333 3141 456 3230 ὄφελος
467 3144 551 3215 εἶναι
563 3144 666 3215 οὐδέν
677 3142 719 3214 ού
731 3148 1029 3213 κατακαυθέντων·
1049 3141 1179 3230 μαρτύ-

179 3266 253 3327 ριον
265 3246 305 3311 δέ
316 3245 352 3311 οἱ
360 3239 460 3331 εἶναι,
479 3241 525 3323 ὦς
534 3242 662 3331 ἀληθέα
673 3252 778 3313 ταῦτα
793 3248 899 3331 λέγει,
918 3242 970 3313 ότι
982 3246 1035 3313 έπλ
1047 3241 1179 3329 ψυχρόν

179 3340 238 3409 τὸν
250 3342 350 3409 έπνόν
360 3348 569 3431 Περίανδρος
579 3345 658 3424 τούς
669 3342 792 3432 ἀρτους
803 3345 951 3431 ἐπέβαλε.
968 3348 1073 3411 ταῦτα
1084 3342 1120 3410 δέ
1133 3338 1178 3420 ἀς

179 3443 284 3507 όπέσοτ
302 3438 496 3529 ἀπηγγέλθη
514 3449 560 3533 τῷ
574 3444 772 3533 Περιάνδρῳ
794 3441 928 3530 (πιστὸν
945 3441 1009 3530 γάρ
1028 3443 1063 3509 ολ
1077 3432 1122 3526 ῆν
1140 3436 1178 3505 τό
