2588 3926
196 264 259 328 306
573 267 826 327 ΗΕΒΟΙλΟΤΙ

193 422 361 512 Ἀργείους
379 426 576 514 γενόμενος,
599 422 681 512 μετά
696 422 765 493 δὲὸ
784 427 822 494 ἐν
835 432 1016 495 Διπαιεῦσι
1032 425 1118 513 πρὸς
1130 426 1209 515 Ἀρ-
1277 502 1278 507 1

196 522 300 603 ιιάδας
314 525 441 605 πάντας
456 522 545 612 πλὴν
558 527 778 610 Μαντινέων,
803 525 855 592 ἐπὶ
875 527 911 592 δέ
929 521 947 592 ὁ
963 531 1174 612 Μεσσηνίων
1188 523 1206 594 ὁ

195 617 280 710 πρὸς
290 618 430 712 Ἰθύμη,
446 621 588 701 ύστατος
601 623 638 690 δέ
652 620 670 689 ὁ
683 626 721 690 ἐν
734 621 893 712 Τανάγρῃ
906 620 990 708 πρός
1003 622 1205 711 Ἀθηναίους

194 745 231 789 τε
251 724 306 789 ιιαλ
325 718 494 808 Ἀργείους
517 718 707 808 γενόμενος.
743 710 841 799 οὗτος
865 720 901 789 δὲ
921 718 1063 800 ὕστατος
1082 747 1203 808 κατερ-

195 819 307 906 γάσθη
323 826 392 887 τῶν
405 821 505 887 πέντε
519 815 672 904 ἀγόνων.

146 926 180 983 36
276 909 391 998 Οὗτος
406 914 447 1004 δη“
464 917 539 986 τότε
558 930 643 985 τοῖσι
655 914 788 1003 Ἕλλησι
809 912 828 985 ὁ
847 913 1031 1004 Τισαμενὸς
1046 913 1202 1003 ἀγόντων

193 1015 507 1101 τύνΣπαρτιητέων
518 1013 716 1102 ἐμαντεύετο
727 1016 765 1082 έν
774 1020 814 1102 τῇ
823 1016 1006 1083 Πλαταιίδι.
1032 1019 1126 1082 Τοῖσι
1137 1015 1202 1100 μέν

194 1138 259 1180 νυν
268 1111 403 1200 Ἕλλησι
418 1110 503 1182 ααλά
519 1115 645 1200 ἐγίνετο
660 1109 700 1180 τά
715 1109 771 1198 ίρά
785 1110 1042 1199 ἀμυνομένοισι,
1063 1116 1201 1200 διαβᾶσι

145 1220 179 1277 37
197 1214 233 1280 δέ
244 1208 305 1280 τόν
315 1209 466 1280 Ἀσωπδν
476 1214 531 1280 καὶ
542 1211 647 1298 μάχης
657 1209 797 1296 ἀρχουσι
808 1206 861 1297 ού,
869 1214 1055 1302 Μαρδονίῳ
1065 1210 1103 1277 δὲ
1113 1232 1202 1295 προ-

192 1312 393 1403 θυμεομένῳ
409 1310 515 1398 μάχης
529 1309 645 1398 ἄρχειν
662 1307 725 1378 ούα
745 1310 900 1399 ἐπιτήδεα
921 1312 1048 1398 ἐγίνετο
1068 1306 1110 1379 τά
1129 1307 1200 1398 ίρά,

192 1409 392 1504 ἀμυνομένῳ
407 1413 443 1480 δέ
463 1412 518 1480 καί
532 1411 640 1502 τούτῳ
655 1409 750 1478 καλά.
778 1413 832 1478 ααλ
852 1407 917 1496 γάρ
932 1402 1031 1489 οὗτος
1044 1405 1199 1494 Ἑλληνι-

192 1525 279 1580 ιιοίσι
300 1514 401 1597 ίροίσι
416 1513 550 1596 ἐχρᾶτο,
572 1510 694 1595 μάντιν
710 1513 795 1595 ἔχων
809 1505 1069 1595 Ἡγησίστρατον
1089 1505 1197 1592 ἀνδρα

188 1606 318 1676 Ἠλεῖόν
331 1631 367 1674 τε
381 1610 436 1675 καί
449 1615 519 1675 τῶν
537 1609 745 1675 Τελλιαδέων
756 1606 855 1675 ἐόντα
869 1605 1114 1694 λογιμώτατον,
1135 1603 1199 1674 τόν

193 1701 233 1792 δὴ
254 1704 420 1792 πρότερον
439 1705 571 1773 τούτων
590 1710 797 1791 Σπαρτιῆται
818 1703 978 1792 λαβόντες
999 1707 1123 1791 ἔδησαν
1144 1704 1197 1772 ἐπὶ
1277 1770 1278 1781 ,

191 1801 330 1894 θανάτῳ
348 1798 393 1881 ὡς
414 1800 623 1880 πεπονθότες
644 1799 751 1869 πολλά
765 1825 801 1867 τε
821 1801 876 1867 καὶ
896 1797 1040 1886 ἀνάρσια
1055 1798 1116 1869 ὑπ’
1132 1798 1191 1869 αύ-

191 1907 261 1970 τοῦ.
284 1897 302 1969 ὁ
319 1903 355 1970 δέ
367 1902 520 1995 ἐντούτῳ
536 1907 583 1993 τῷ
595 1907 687 1992 κακῷ
701 1898 874 1987 ἐχόμενος,
891 1898 975 1969 ὥστε
985 1903 1110 1989 τρέχων
1120 1903 1196 1985 περί

191 2005 248 2087 τῆς
264 2006 370 2088 ψυχῆς
384 2000 450 2087 πρό
465 2006 574 2068 τετοῦ
587 1999 742 2068 θανάτου
756 1997 953 2085 πεισόμενος
967 2000 1074 2068 πολλά
1090 2025 1126 2068 τε
1140 2002 1197 2068 καί

192 2095 310 2184 λυγρὰ,
328 2102 429 2184 ἔργον
440 2096 604 2184 ἐργάσατο
618 2099 717 2182 μέζον
730 2093 844 2181 λόγου.
868 2092 913 2174 ὡς
927 2092 992 2182 γάρ
1009 2093 1050 2183 δὴ
1066 2098 1195 2165 ἐδέδετο
1276 2110 1277 2191 Q

191 2199 228 2265 έν
242 2195 330 2285 ξύλῳ
345 2198 563 2286 σιδηροδέτῳ,
582 2196 827 2279 ἐσενειχθέντος
841 2219 908 2273 πως
924 2199 1077 2282 σιδηρίου
1094 2194 1196 2281 έιιρά-

190 2312 284 2382 τησε,
301 2290 419 2360 αὐτίκα
434 2295 470 2359 δὲ
482 2294 666 2379 ἐμηχανᾶτο
680 2289 929 2378 ἀνδρηιότατον
943 2296 1043 2379 ἔργον
1056 2293 1196 2361 πάντων

190 2398 258 2459 τῶν
274 2387 367 2477 ἡμεῖς
384 2394 489 2474 ίδμεν.
512 2390 791 2476 σταθμησάμενος
806 2389 872 2477 γάρ
887 2389 974 2470 ὅκως
990 2390 1197 2472 ἐξελεύσεταί

190 2494 224 2557 οἱ
242 2486 279 2556 τό
300 2486 421 2556 λοιπὸν
437 2495 498 2557 τού
519 2487 638 2578 ποδός,
666 2487 810 2577 ἀπέταμε
825 2488 887 2559 τόν
908 2488 1034 2577 ταρσὸν
1054 2493 1192 2559 έυντού.
1275 2576 1276 2579 ¹

188 2596 292 2659 ταῦτα
309 2590 345 2657 δέ
366 2590 523 2678 ποιήσας,
549 2589 634 2659 ὥστε
654 2591 908 2678 φυλασσόμενος
927 2586 994 2658 ὑπὸ
1017 2587 1192 2675 φυλάκων,
1275 2606 1276 2609 ’

189 2689 345 2773 διορύξας
359 2686 419 2757 τὸν
432 2703 545 2776 τοίχου
559 2686 687 2777 ἀπέδρη
701 2689 734 2767 ές
755 2691 896 2776 Τεγέην,
920 2684 979 2766 τάς
992 2686 1055 2773 μέν
1068 2685 1193 2765 νύκτας
1275 2700 1276 2707 ’

188 2786 430 2874 πορευόμενος,
448 2786 507 2868 τάς
522 2789 558 2858 δέ
568 2786 694 2876 ἡμέρας
708 2788 908 2856 καταδύνων
918 2789 952 2866 ἐς
965 2785 1053 2873 ύλην
1063 2787 1118 2854 καί
1128 2783 1192 2854 αύ-

188 2883 373 2970 λιζόμενος,
389 2883 478 2953 οὕτω
493 2884 578 2955 ὥστε
591 2889 867 2972 Λακεδαιμονίων
883 2885 1047 2972 πανδημεὶ
1062 2885 1192 2970 διζημέ-
1274 2900 1275 2931 λ

188 3004 258 3046 νων
270 2985 364 3070 τρίτη
379 2979 530 3074 εὐφρόνη
545 2986 704 3070 γενέσθαι
716 2986 753 3054 ἐν
766 2988 881 3076 Τεγέη,
897 2981 976 3064 τούς
991 2983 1028 3052 δέ
1043 2985 1081 3051 έν
1093 2981 1191 3051 θοόν-

188 3103 264 3162 ματι
279 3079 412 3174 μεγάλῳ
426 3086 598 3170 ἐνέχεσθαι
611 3092 669 3171 τῆς
683 3109 719 3152 τε
732 3084 870 3172 τόλμης,
891 3080 1048 3169 ὁρέοντας
1061 3078 1099 3150 τό
1112 3077 1190 3168 ἡμί-

187 3202 291 3264 τομον
307 3184 369 3246 τοῦ
382 3177 485 3260 ποδὸς
499 3188 664 3270 κείμενον,
680 3178 838 3251 κάκεῖνον
852 3179 895 3250 οὐ
909 3182 1119 3267 δυναμένους
1132 3178 1190 3248 εὖ·
1273 3178 1274 3225 3

188 3288 268 3357 ρεῐν.
284 3273 359 3342 τότε
368 3274 431 3361 μὲν
441 3275 529 3346 οὕτω
539 3277 1009 3367 διαφυγάνΛααεδαιμονίους
1019 3279 1189 3365 καταφεύ-

188 3397 240 3457 γει
250 3373 283 3451 ές
293 3374 418 3460 Τεγέην
436 3376 560 3444 έοῦσαν
570 3375 633 3446 ούιι
645 3376 796 3466 ἀρθμίην
806 3381 1098 3464 Λακεδαιμονίοισι
1108 3384 1189 3444 τοῦ·
1273 3422 1274 3481 χ

183 3493 247 3536 τον
255 3467 315 3536 τόν
325 3469 457 3556 χρόνον.
471 3470 569 3561 ύγιής
579 3475 615 3545 δέ
625 3477 806 3564 γενόμενος
815 3480 869 3546 καί
878 3471 1190 3561 προσποιησάμενος
1270 3510 1273 3599 χ
