2618 3928
214 250 275 314 ονε
589 253 853 349 οεοοοοει.
1286 240 1288 287 ⁴

212 414 267 483 καί
286 415 367 500 πρὶν
388 412 539 499 μεγάλως
561 414 809 497 κεχαραγμένον
831 427 916 482 τοῖσι
932 411 1139 502 Ἀθηναίοισι
1161 414 1219 484 διά
1288 426 1289 507 η

211 508 272 599 τὴν
284 514 317 592 ές
328 511 456 599 Σάρδις
470 508 630 600 ἐσβολὴν,
645 512 700 577 καί
715 508 756 596 δὴ
771 514 827 580 παλ
840 513 915 581 τότε
929 521 1042 606 πολλῷ
1055 541 1091 583 τε
1105 517 1220 583 δεινό-
1287 526 1289 577 l

210 637 290 695 τερα
310 614 418 680 ἐποίεε
439 613 643 697 καὶμᾶλλον
666 606 798 697 άρμητο
820 609 1061 700 στρατεύεσθαι
1082 616 1136 683 έπδ
1154 610 1220 700 την
1287 592 1290 703 Ι

159 788 162 793 Ι
204 706 355 777 Ἑλλάδα.
378 710 434 777 παλ
450 706 568 776 αὐτίκα
585 709 648 794 μὲν
665 709 881 794 ἐπηγγέλλετο
896 712 1038 796 πέμπων
1054 707 1219 798 ἀγγέλους
1289 710 1290 715 ’

211 808 293 879 κατά
309 810 405 890 πόλις
420 811 603 898 ἑτοιμάζειν
614 805 788 897 στρατιὴν,
803 816 915 901 πολλῷ
928 814 1017 880 πλέω
1028 812 1218 880 ἐπιτάσσων

211 913 393 997 ἑκάστοισι,
408 907 430 999 ἢ
444 910 610 996 πρότερον
621 923 795 998 παρεῖχον,
811 911 867 977 παλ
882 911 960 989 νέας
973 935 1008 977 τε
1023 910 1079 977 καὶ
1092 910 1218 987 ἵππους

210 1015 266 1080 καὶ
283 1025 376 1080 σῖτον
395 1012 462 1095 [παλ
483 1019 604 1091 πλοία].
632 1011 763 1078 τούτων
784 1010 821 1079 δὲ
843 1011 1176 1098 περιαγγελλομένων
1195 1008 1216 1097 ἡ

206 1110 297 1198 Ἀσίη
313 1112 462 1180 ἐδονέετο
479 1114 532 1180 έπλ
546 1120 621 1199 τρία
635 1118 708 1181 ἔτεα
724 1113 999 1200 καταλεγομένων
1009 1138 1045 1180 τε
1058 1118 1127 1180 τῶν
1140 1107 1217 1197 άρί-

209 1206 625 1296 στωνὼςέπδτῆνἛλλάδα
636 1213 929 1297 στρατευσομένων
940 1214 1216 1297 καλπαρασπευα-

209 1312 366 1398 ζομέυων.
387 1311 533 1403 τετάρτῳ
544 1311 581 1381 δὲ
592 1317 659 1380 ἔτει
667 1310 846 1399 Αίγόπτιοι
857 1307 923 1379 ὑπό
931 1308 1121 1397 Καμβύσεω
1133 1313 1216 1377 δου-

207 1413 375 1491 λωθέντες
386 1408 575 1499 άπέστησαν
586 1407 651 1478 άπὸ
662 1411 831 1495 Περσέων.
850 1409 1000 1475 ἐνθαῦτα
1011 1403 1051 1493 δη
1063 1407 1119 1475 παὶ
1129 1412 1215 1492 μᾶλ-

179 1517 269 1580 νλον
284 1507 416 1596 ὥρμητο
432 1512 487 1578 καὶ
497 1506 549 1577 ἐπ’
566 1505 777 1596 ἀμφοτέρους
791 1506 1053 1594 στρατεύεσθαιτ
1065 1513 1213 1575 Σεελλο·

208 1607 314 1692 μένου
326 1610 362 1675 δέ
373 1613 522 1694 Δαρείου
533 1604 586 1675 ἐπ’
599 1617 774 1694 Αίγνπτον
784 1609 840 1674 καὶ
850 1603 994 1692 Ἀθήνας
1003 1611 1072 1672 τῶν
1083 1607 1214 1672 παίδων

208 1699 314 1771 αὐτοῦ
325 1704 440 1783 στάσις
451 1706 580 1791 ἐγένετο
595 1705 721 1792 μεγάλη
732 1705 806 1790 περὶ
818 1709 876 1789 τῆς
886 1700 1074 1790 ἡγεμονίης,
1091 1698 1136 1780 ὡς
1146 1702 1215 1767 δέει
1293 1698 1294 1737 3

208 1827 268 1887 μιν
285 1797 491 1882 ἀποδέξαντα
505 1805 643 1890 βασιλέα
656 1800 740 1872 κατά
753 1800 814 1870 τόν
828 1804 987 1887 Περσέων
1001 1799 1109 1885 νόμον
1123 1794 1213 1864 οὕτω
1293 1810 1294 1813 ’

208 1898 459 1984 στρατεύεσθαι.
488 1892 574 1988 ἦσαν
594 1899 660 1990 γάρ
673 1907 808 1992 Δαρείῳ
827 1898 1063 1985 καὶπρότερον
1078 1892 1101 1983 ἦ
1115 1905 1214 1985 βασι·

209 2001 325 2064 λεῦσαι
336 1996 511 2084 γεγονότες
525 2013 612 2083 τρεῖς
626 2003 741 2077 παῖδες
752 1999 788 2066 έν
799 2003 856 2084 τῆς
867 1998 1029 2084 προτέρης
1041 1991 1213 2081 γυναικός,

207 2092 377 2181 Γωβράεω
396 2094 584 2185 θυγατρός,
608 2100 663 2166 καὶ
682 2095 917 2185 βασιλεύσαντι
932 2096 966 2174 ἐξ
982 2091 1138 2179 Ἀτόσσης
1156 2098 1214 2178 τῆς

208 2188 328 2278 Κόρου
342 2191 449 2277 έτεροι
462 2196 621 2280 τέσσερες.
645 2203 713 2263 τῶν
724 2194 786 2281 μέν
799 2189 840 2279 δὴ
851 2193 1023 2281 προτέρων
1033 2194 1214 2281 ἐπρέσβευε

203 2282 459 2374 Ἀρτοβαζάνης,
480 2296 549 2356 τῶν
569 2288 605 2357 δέ
625 2291 871 2376 ἐπιγενομένων
889 2291 1021 2378 Ξέρξης.
1049 2289 1160 2366 έόντες
1177 2285 1214 2353 δὲ

207 2378 331 2466 μητρὸς
352 2380 394 2450 οὐ
414 2389 472 2469 τῆς
494 2382 597 2471 αὐτῆς
616 2388 823 2472 ἐστασίαζον,
846 2382 864 2454 ὁ
886 2384 949 2472 μέν
962 2382 1213 2475 Ἀρτοβαζάνης,

206 2477 280 2548 κατ’
296 2477 362 2549 ότι
378 2483 606 2572 πρεσβύτατός
620 2511 655 2553 τε
677 2494 727 2573 είη
748 2482 872 2565 παντὸς
890 2491 952 2552 τοῦ
966 2485 1072 2571 γόνου
1087 2485 1144 2552 παὶ
1161 2482 1212 2551 ὅτι

205 2579 407 2668 νομιζόμενα
422 2592 472 2671 είη
486 2580 572 2673 πρός
584 2586 722 2654 πάντων
735 2583 930 2673 ἀνθρώπων
944 2583 1006 2654 τόν
1021 2584 1213 2673 πρεσβάτα-

205 2707 267 2751 τον
280 2678 342 2769 τὴν
357 2679 463 2773 ἀρχὴν
477 2689 581 2773 ἔχειν,
599 2687 722 2773 Ξέρξης
732 2684 779 2771 δέ,
798 2680 843 2763 ὡς
852 2681 1007 2771 Ἀτόσσης
1022 2710 1058 2752 τε
1071 2698 1149 2762 πασς
1160 2693 1213 2772 είη

204 2788 263 2869 τῆς
283 2781 403 2870 Κόρου
422 2781 594 2874 θυγατρός
613 2785 669 2853 καί
688 2781 740 2852 ὅτι
761 2790 874 2869 Κῦρος
896 2790 947 2868 είη
967 2778 984 2849 ὁ
1006 2781 1214 2869 κτησάμενος

177 2893 290 2954 ςτοτσι
303 2884 451 2969 Πέρσησι
466 2880 530 2969 τὴν
545 2884 750 2969 ἐλευθερίην.
777 2886 928 2970 Δαρείου
943 2881 980 2948 δὲ
997 2878 1060 2949 οὐκ
1073 2878 1213 2950 άποδει-

204 2978 376 3063 τινυμένου
391 3003 440 3045 κω
454 2979 595 3067 γνάμην
609 2981 767 3069 ἐτύγχανε
779 2978 862 3049 κατὰ
873 2976 980 3048 τάντό
992 2980 1141 3049 τοότοισι
1155 2985 1213 3051 καί

204 3072 406 3162 Δημάρητος
420 3072 438 3144 ὁ
451 3073 647 3164 Ἀρίστωνος
661 3077 877 3169 άναβεβηπεδς
888 3082 921 3159 ές
931 3085 1059 3168 Σοῦσα,
1076 3084 1213 3170 ἐστερη-

205 3176 306 3259 μένος
320 3197 357 3240 τε
370 3178 428 3260 τῆς
443 3176 480 3241 έν
495 3177 637 3268 Σπάρτη
651 3186 825 3268 βασιληίης
841 3176 1026 3266 ταδ’φυγήν
1042 3178 1212 3270 έπιβαλάν

204 3272 317 3357 ἑωυτῷ
330 3270 631 3361 έπΛακεδαίμονος.
645 3269 743 3357 οὗτος
753 3274 845 3367 ὡνὴρ
857 3278 1052 3364 πυθόμενος
1062 3287 1212 3348 τάνΔα-

204 3373 297 3452 ρείου
310 3372 441 3434 παίδων
451 3367 513 3456 τὴν
525 3371 704 3461 διαφορῆν,
718 3374 840 3461 ἐλθών,
859 3373 903 3454 ὥς
917 3373 1048 3463 ἡφάτις
1059 3404 1118 3463 μιν
1132 3381 1210 3464 ἔχει,

202 3466 306 3548 Ξέρξη
319 3466 544 3551 συνεβούλευε
555 3475 666 3558 λέγειν
678 3475 762 3561 πρὸς
772 3489 856 3543 τοῖσι
868 3479 960 3560 ἔλεγε
971 3479 1075 3561 ἔπεσι,
1089 3473 1133 3556 άς
1145 3473 1211 3545 αὖ·
