2606 3930
434 246 521 308 ΗΒ.
553 240 600 313 IV·
633 246 732 308 CAP.
762 252 904 313 49-56
1058 253 1123 327 ³17

115 410 203 500 αὕτη
219 405 332 498 ὀρθῶς
348 405 455 497 μήτηρ
464 403 630 487 Ὑπάνιος
658 408 695 477 έν
714 406 836 496 ταύτης
858 400 907 479 ῶν
923 408 1114 483 ἀνατέλλων

116 514 284 594 mam
303 507 451 598 ποταμδς
470 509 538 599 ῥέει
558 510 611 579 έπί
632 507 695 630 μὲν
719 510 819 581 πέντε
837 509 989 600 ἡμερέων
1009 512 1115 584 πλόον

117 610 244 706 βραχὺς
268 614 323 681 καὶ
346 607 473 698 γλνκδς
491 605 605 697 έτι,’
586 605 652 677 απὸ
673 608 711 678 δὲ
734 609 857 681 ,τούτου
881 609 966 699 πρός
984 612 1116 682 θαλάσ-

117 738 177 839 σής
199 715 367 800 τεσσέρων
390 707 543 799 ἡμερέων
569 708 678 779 πλόον
702 705 821 797 πικρδς
841 714 952 789 αίνῶς.
992 711 1120 785 έκδιδολ

114 813 181 939 γάρ
202 817 237 893 ές
255 809 361 882 αὐτὸν
379 809 487 899 κρήνη
507 806 626 896 πικρὴ,
657 805 746 878 οὕτω
767 808 809 896 δή
828 836 860 877 τι
881 801 982 879 ἐοῦσα
1003 810 1116 899 πικρή,

115 912 293 1002 ήμεγάθεί
306 929 428 997 σμικρη
416 905 545 976 '60666
560 913 660 998 κιρνᾷ
674 904 735 975 τδν
741 904 884 977 Ὕπανιν
901 906 999 976 ἐόντα
1012 932 1117 983 ποτα-

117 1009 185 1101 μδν
211 1014 249 1078 έν
274 1005 416 1094 ὀλίγοισι
442 1008 557 1102 μέγαν.
608 1011 679 1075 έστι
715 1005 752 1077 δέ
780 1003 801 1094 ἡ
827 1006 934 1096 κρήνη
968 1006 1054 1096 αὕτη
1079 1011 1117 1077 έν

115 1109 248 1198 οὔροισι
263 1105 372 1195 χώρης
391 1112 450 1192 τῆς
469 1130 506 1174 τε
527 1102 704 1192 ἀροτήρων
717 1108 886 1175 Σκυθέων
908 1108 963 1175 καί
976 1103 1117 1188 Ἀλαζῶ-

69 1288 77 1301 .
115 1233 201 1278 νων·
219 1204 350 1292 οὕνομα
365 1206 401 1272 δὲ
419 1210 460 1294 τῇ
475 1204 584 1292 κρήνη
594 1205 650 1271 καὶ
664 1201 749 1272 ὅθεν
764 1206 881 1327 ήέει
848 1209 895 1271 τῶ
909 1205 1006 1298 χῶρω
1022 1213 1117 1275 Σκυ-

114 1310 205 1379 θιστλ
231 1306 292 1394 μέν
303 1303 513 1393 Ἐξαμπαῖος,
537 1329 621 1372 κατα
610 1299 732 1372 *⁴6
696 1329 758 1391 την
766 1301 938 1391 Ἑλλήνων
961 1312 1117 1392 γλῶσσαν

109 1407 190 1497 Ἱραὶ
218 1405 301 1476 ὁδοί.
359 1402 548 1523 συνάγουσι
582 1398 683 1470 66⁸
645 1428 686 1470 τα
716 1401 914 1490 τέρματα”
893 1428 911 1470 ο
937 1428 973 1471 τε
1005 1403 1117 1523 Τήρης

113 1502 202 1576 καὶὸ
210 1503 356 1582 Ὕπανις
377 1527 460 1572 κατα
448 1498 685 1582 ’Ἀλάζωνας
693 1526 731 1568 το
720 1496 826 1569 ⁸66⁵
806 1496 872 1569 απδ
893 1500 1017 1568 τούτου
1031 1497 1118 1568 άπο-

113 1605 287 1692 στρέψας’
270 1602 425 1692 εκάτερος
444 1597 566 1691 ήέει’
530 1600 686 1687 ενράνων
696 1624 733 1668 το
722 1596 861 1687 ’.μέσον
908 1603 1069 1688 Τέταρτος
1083 1598 1119 1668 δέ
1131 1611 1165 1666 53

114 1702 332 1789 Βορυσθένης
347 1696 511 1788 ποταμὸς,
529 1696 567 1779 ὅς
588 1700 657 1768 έστι
671 1698 825 1787 μέγιστός
845 1725 881 1768 τε
896 1697 979 1788 μετὰ
986 1699 1121 1789 Ἴστρον

113 1804 243 1895 τούτων
260 1805 316 1873 καὶ
328 1803 617 1890 πολυαρκέστατος
636 1797 720 1869 κατά
736 1799 872 1888 γνῶμας
886 1798 946 1880 τάς
958 1797 1118 1888 ἡμετέρας

114 1904 188 1975 οὔτι
209 1910 340 1991 μοῦνον
364 1908 433 1971 τῶν
450 1906 638 1970 Σκυθικῶν
666 1906 842 1988 ποταμῶν,
868 1897 953 1970 ἄλλά
976 1901 1116 1971 καὶτῶν

114 2001 225 2072 άλλων
238 1998 417 2089 ἁπάντων,
441 1997 530 2088 πλήν
549 2006 677 2070 Νείλου
697 2007 758 2069 τοῦ
774 2005 979 2088 Αἰγυπτίου·
1006 2001 1114 2089 τούτῳ

112 2099 176 2189 γάρ
193 2097 256 2171 οὐκ
276 2096 331 2170 οίά
355 2101 394 2170 τέ
411 2101 480 2170 ἐστι
510 2105 702 2189 συμβαλεῖν.
725 2098 829 2170 ἄλλον
844 2099 1017 2188 ποταμόν·
1045 2104 1115 2168 τῶν

111 2202 148 2272 δέ
163 2208 293 2272 λοιπῶν
302 2203 522 2290 Βορυσθένης
542 2202 610 2270 έστδ
625 2202 930 2289 πολυαρκέστατος,
955 2197 992 2280 ὃς
1007 2199 1114 2288 νομάς

112 2327 145 2371 τε
175 2308 352 2380 καλλίστας
376 2303 433 2371 καὶ
460 2297 739 2388 εὐκομιδεστάτας
767 2299 903 2388 κτήνεσι
926 2303 1112 2388 παρέχεται,

109 2406 207 2488 ίχθῦς
229 2425 266 2468 τε
285 2396 442 2488 ἀρίστους
463 2397 639 2489 διακριδὸν
658 2401 714 2469 καὶ
734 2406 925 2489 πλείστους,
955 2405 1117 2471 πίνεσθαί

109 2525 146 2568 τε
166 2495 301 2586 ήδιστός
315 2501 400 2586 έστι,
416 2501 484 2589 ῥέει
498 2526 535 2569 τε
548 2496 701 2588 καθαρὸς
710 2497 800 2587 παρά
815 2508 1004 2590 θολεροῖσι,
1027 2499 1114 2571 σπό-

109 2624 168 2684 ρος
178 2624 214 2666 τε
224 2595 298 2686 παρ’
315 2595 419 2668 αὐτῶν
429 2597 564 2687 ἄριστος
575 2605 713 2687 γίνεται,
725 2605 802 2686 ποίη
813 2624 859 2685 τε,
873 2607 913 2689 τῇ
927 2598 969 2669 06
979 2607 1114 2689 σπείρε-

108 2726 163 2768 ται
175 2695 196 2786 ἡ
210 2697 310 2786 χάρη,
322 2700 506 2788 βαθυτάτη.
523 2700 601 2781 ἅλες
607 2727 643 2770 τε
658 2702 712 2770 έπδ
722 2706 768 2791 τῷ
780 2699 916 2787 στόματι
931 2697 1036 2769 αὐτοῦ
1049 2697 1113 2769 αὖ·

109 2796 245 2884 τάματοι
258 2797 447 2886 πηγνάαται
458 2798 603 2869 ἄπλετοι.
616 2797 721 2888 κήτεά
732 2824 769 2868 τε
785 2798 913 2886 μεγάλα
921 2797 1111 2889 ἀνάκανθα,

13 2902 15 2905 ’
108 2894 149 2968 τά
164 2893 364 2988 άντακαίονς
377 2901 536 2968 καλέουσι
543 2901 743 2987 ,παρέχεται
757 2899 790 2977 ές
803 2904 1010 2986 ταρίχευσιν,
1026 2896 1112 2968 ἄλλα

107 3025 142 3067 τε
153 2994 261 3068 πολλα
276 2996 433 3086 θωμάσαι
454 2995 538 3078 άξια.
555 2998 651 3085 μέχρι
661 2999 933 3086 μέννυνΓερρον
942 3023 1066 3088 χωρον,
1078 2999 1112 3076 ές

107 3093 167 3166 τόν
161 3096 420 3217 τεσσερέκιγντα
434 3092 587 3185 ἡμερέων
597 3095 701 3176 πλόος
715 3097 797 3183 έστλ,
811 3094 1010 3217 γινῶσκεται
1020 3096 1109 3185 ῥέων

107 3189 172 3262 άπὸ
204 3189 358 3284 βορέω’
339 3193 484 3281 ανέμου,
505 3219 543 3262 το
531 3192 598 3265 δ
611 3192 805 3282 κατύπερθε
824 3182 917 3261 δι’
890 3218 939 3262 ων
958 3189 1065 3282 ῥέει’
1046 3217 1109 3260 αν·

105 3295 274 3384 θρῶπων,
290 3292 402 3375 οὐδεὶς
413 3300 479 3384 ἔχει
493 3297 636 3385 φράσαι
652 3301 807 3384 φαίνεται
820 3297 857 3365 δέ
867 3294 970 3413 ῥέων
970 3288 1016 3358 δι’
1029 3290 1109 3406 έρή-

105 3420 172 3484 μου
189 3397 221 3474 ές
239 3400 308 3467 τῶν
322 3402 483 3483 γεωργῶν
493 3395 664 3465 Σκυθέων
683 3391 747 3517 τήν
760 3393 888 3482 χώρην·
909 3380 1020 3456 οὗτοι
1040 3409 1106 3474 60¹0

105 3495 140 3569 οί
154 3494 293 3569 Σκύθαι
306 3488 387 3587 παρ’
410 3491 516 3569 αυτὸν
528 3495 581 3566 ἐπὶ
595 3489 711 3566 δέκα
692 3489 846 3587 ημερέων
862 3484 970 3563 πλόου
983 3480 1109 3573 νέμον
