2622 3928
190 226 231 290 76
563 231 816 291 HERODOTI

189 387 451 476 ἀπηλλάχθησαν
474 397 532 459 καί
548 417 607 477 μιν
627 395 661 458 οί
675 390 845 476 Δόλογκοι
866 393 1055 484 κατήγαγον
1077 393 1192 466 όπίσω.

186 494 290 555 ταῦτα
304 485 418 574 μὲνδὴ
432 494 530 580 τρίτῳ
546 494 612 557 ἔτει·
622 488 787 576 πρότερον
799 493 951 577 ἐγεγόνεε
961 502 1030 562 τῶν
1044 496 1119 564 τότε
1133 524 1193 583 μιν
1299 494 1300 529 ³

139 598 171 651 41
187 584 411 673 κατεχόντων,
427 587 501 655 τότε
515 588 551 655 δὲ
568 586 829 673 πυνθανόμενος
847 588 931 658 εἶναι
942 590 1022 671 τούς
1032 598 1193 674 Φοίνικας
1270 670 1276 683 ,χ
1301 682 1302 685 ¹

185 685 222 751 έν
232 684 557 774 Τενέδῳ,πληροόσας
566 684 721 773 τριήρεας
732 689 830 754 πέντε
839 689 1019 775 χρημάτων
1029 696 1193 778 τῶνπαρ-
1239 742 1243 746 -
1273 687 1302 761 ’τι

185 780 311 849 εόντων
329 781 482 852 άπέπλωε
497 779 580 863 69
544 809 603 862 τας
620 781 774 871 Ἀθήνας
798 783 898 852 καλ”
870 805 981 874 ωσπερ
997 783 1139 874 ὡρμήθη
1154 792 1192 857 ἐκ

184 885 333 969 Καρδίης
347 882 479 971 πόλιος,
504 889 610 951 ἔπλασε
630 880 685 951 διὰ
702 909 762 951 τον
748 887 935 965 Μέλανος
958 884 1087 953 κόλπον
1102 908 1188 985 παρ-

184 983 337 1069 αμείβετό
357 1009 392 1051 τε
412 980 474 1071 τήν
490 984 723 1071 Χερσόνησον,
747 986 802 1053 καλ
819 989 853 1053 oc
868 982 1021 1064 Φοίνικές
1042 990 1076 1054 ολ
1094 997 1189 1070 περι-

183 1085 341 1149 πίπτουσι
354 1089 429 1201 τήσι
442 1091 551 1170 νηνσί.
575 1081 676 1163 αύτδς
692 1086 754 1171 μὲν
769 1083 810 1171 δή
829 1085 1016 1171 Μιλτιάδης
1033 1082 1099 1153 σύν
1113 1094 1188 1175 τῇσι
1238 1114 1250 1122 “
1301 1106 1302 1125 ¹

181 1181 332 1263 τέσσερσι
350 1186 420 1247 τῶν
446 1190 534 1249 νεῶν
555 1181 815 1269 καταφεύγειίς
798 1181 984 1270 ςΙμβρον,
1009 1181 1071 1269 τήν
1094 1187 1137 1252 δέ
1156 1187 1187 1254 o!
1301 1228 1302 1295 η

181 1278 333 1363 πέμπτην
349 1284 417 1346 τῶν
433 1285 522 1347 νεῶν
537 1287 689 1353 κατεῖλον
702 1280 880 1359 διώκοντες
897 1285 931 1348 οί
943 1286 1107 1360 Φοίνικες.
1130 1288 1187 1369 τῆς
1301 1324 1302 1339 2

181 1374 217 1440 δὲ
232 1371 308 1452 νεδς
322 1375 443 1463 ταύτης
457 1381 551 1462 λτνχε
564 1384 633 1445 τῶν
650 1378 844 1446 Μιλτιάδεα
861 1376 1019 1446 παίδων
1004 1405 1022 1447 ο
1037 1382 1178 1469 πρεσβύ
1301 1434 1302 1483 ,

179 1495 275 1548 τατος
290 1469 402 1557 άρχων
413 1480 597 1560 Μητίοχος,
616 1473 679 1543 ούκ
690 1479 726 1543 ἐκ
741 1483 800 1562 τῆς
811 1474 952 1566 Ὀλόρου
966 1503 1028 1548 τον
1014 1479 1183 1600 Θρήϊκας
1301 1488 1302 1527 ³

179 1562 251 1635 ἐεδν
264 1567 452 1656 θυγατρός,
478 1569 551 1640 ἀλλ’
575 1575 608 1652 ἐξ
630 1570 742 1658 ἄλλης.
766 1577 829 1642 καὶ
849 1582 971 1644 τοῦτον
983 1577 1056 1663 ἅμα
1072 1606 1111 1668 τη
1097 1586 1187 1665 νηλ

181 1655 271 1728 εἷλον
286 1667 320 1731 ολ
332 1672 503 1753 Φοίνικες,
520 1676 579 1739 καί
589 1697 649 1757 μιν
663 1671 891 1758 πυθόμενοι
869 1700 913 1753 ως
929 1684 978 1762 είη
989 1677 1183 1746 Μιλτιάδεω

178 1773 270 1846 παίς,
286 1758 458 1857 ἀνήγαγον
477 1766 567 1857 παρά
582 1774 737 1859 βασιλέα,
759 1775 989 1853 δοκέοντες’
947 1803 1064 1864 χαριτα
1078 1778 1182 1864 μεγά-
1289 1820 1295 1825 -

177 1867 241 1945 λην
254 1865 557 1983 καταθήσεσθαι,”
537 1894 587 1938 οτι
599 1867 638 1958 δή
652 1871 840 1959 Μιλτιάδης
853 1875 993 1962 γνύμην
1003 1868 1181 1956 ἀπεδέξατο

177 1961 214 2025 ἐν
227 1973 313 2028 τοῖσι
317 1959 409 2032 Ἰασι
423 1971 602 2057 πείθεσθαι
617 1967 766 2062 κελεύων
779 1983 864 2037 τοῖσι
878 1972 1100 2062 Σκύθησι,”
1080 1999 1135 2043 οτε
1150 1979 1183 2043 oc

176 2053 314 2124 Σκύθαι
329 2062 548 2161 προσεδέοντο
565 2046 732 2144 λύσαντας
751 2064 814 2153 τήν
835 2074 968 2157 σχεδίην
988 2068 1180 2155 ἀποπλείειν

177 2152 259 2233 69
222 2181 285 2242 την
302 2160 445 2235 ἑωυτῶν.
485 2172 630 2248 Δαρειος
651 2161 747 2251 δὲ,
726 2174 770 2243 ἀς
790 2168 824 2232 oc
839 2165 993 2248 Φοίνικες
1007 2164 1180 2257 Μητίοχον

174 2254 235 2324 τόν
245 2256 470 2326 Μιλτιάδεω’
450 2261 633 2350 ανήγαγον,
649 2266 783 2380 ἐποίησε
798 2264 903 2335 κακόν
913 2295 975 2355 μεν
986 2267 1089 2339 οὐδὲν
1099 2276 1179 2357 Μη-

173 2361 301 2440 τίοχον,
313 2352 427 2440 άγαθά
440 2356 476 2424 66
487 2359 610 2453 σνχνά·
632 2359 737 2431 καί
697 2388 771 2446 γαρ
774 2361 869 2432 οίκον
879 2368 934 2434 καλ
945 2373 1062 2457 κτῆσιν
1075 2371 1179 2436 ἔδακε

175 2454 229 2518 καλ
239 2457 387 2537 Περσίδα
396 2468 555 2541 γνναίκα,
571 2461 658 2525 ἐκ
618 2484 676 2545 της
687 2464 721 2535 ac
728 2465 829 2539 τέκνα
840 2466 980 2551 ἐγένετο,
993 2493 1033 2534 τα
1022 2465 1078 2547 69
1083 2471 1178 2556 Πέρ-

173 2570 233 2628 σας
244 2555 469 2637 κεκοσμεαται
502 2557 773 2644 Μιλτιάδηςδὲέ
772 2558 933 2648 Ιμβρον
943 2559 1133 2637 απικνίεται
1144 2572 1177 2648 69

172 2645 230 2727 τάς
240 2645 394 2736 Ἀθήνας

258 2751 323 2817 Καὶ
341 2748 425 2819 κατδι
440 2750 476 2820 τό
501 2760 572 2833 ἔτος
585 2763 684 2826 τοῦτο
701 2759 737 2825 ἐκ
758 2766 826 2827 τῶν
838 2764 997 2849 Περσίαν
1012 2763 1113 2834 οὐδὲν
1128 2773 1176 2837 ἔτι
1278 2802 1284 2813 ·

171 2849 274 2911 πλέον
291 2847 421 2930 ἐγένετο
436 2852 566 2920 τούτων
581 2857 614 2933 ές
626 2870 737 2943 νεῖκος
752 2857 878 2946 (χείρον’
876 2858 977 2949 Ίασι,
994 2862 1079 2936 ἀλλὰ
1096 2868 1175 2935 τάδε

170 2940 232 3029 μὲν
245 2941 389 3030 χρήσιμα
402 2948 508 3034 κάρτα
522 2965 606 3019 τοῖσι
612 2952 705 3023 Ἰωσι
719 2958 849 3043 ἐγένετο
860 2961 983 3060 τούτου
995 2990 1057 3032 τον
1042 2971 1173 3046 ἔτεος·

168 3032 421 3130 Ἀρταφέρνης’
406 3071 424 3113 ο
438 3049 634 3133 Σαρδίων”
611 3076 757 3140 νπαρχος
767 3050 1064 3180 μεταπεμψάμενος
1074 3060 1173 3159 6776-

170 3150 251 3220 λονς
266 3143 302 3209 ἐκ
317 3150 385 3210 τῶν
400 3153 527 3214 πολίων
534 3151 712 3247 συνθήκας
723 3162 817 3240 σφίσι
828 3154 958 3227 αύτοίσι
971 3160 1050 3240 τούς
1058 3160 1173 3243 Ἰανας

169 3235 337 3324 ήνάγκασε
348 3244 568 3332 ποιέεσθαι,
553 3272 611 3320 ινα
622 3253 791 3320 δωσίδικοι
806 3253 873 3322 είεν
885 3254 992 3323 καλ
951 3283 996 3344 μη
1008 3255 1173 3345 ἀλλήλους

169 3335 305 3416 φέροιέν
318 3360 354 3402 τε
369 3336 460 3403 καλ”
437 3365 561 3423 αγοιεν.
591 3348 695 3415 ταῦτά
709 3375 745 3416 τε
763 3347 933 3437 ήνάγκασε
949 3355 1092 3442 ποιέειν,
1116 3359 1171 3425 καλ

167 3428 226 3507 τάς
238 3431 348 3515 χήρας
362 3437 476 3517 σφέων
490 3444 654 3531 μετρήσας
667 3448 750 3517 κατά
766 3452 998 3539 παρασάγγας,
1013 3457 1092 3536 τούς
1109 3484 1171 3524 κα-
