2562 3926
341 253 428 310 ΗΒ.
461 253 505 308 111.
538 251 636 308 CAP.
665 254 805 321 7740.
1010 248 1073 316 255

70 415 123 505 καὶ
145 409 375 501 ἀποταμόντες
396 406 582 490 αύτάντάς
602 408 750 498 κεφαλάς
764 409 843 491 τούς
864 413 925 501 μὲν
938 407 1073 504 τρωμα-

70 518 140 592 τίας
155 514 291 581 ἑωυτῶν
305 509 411 581 αὐτοῦ
424 518 576 580 λείπουσι
592 511 647 579 καὶ
663 507 848 599 ἀδυνασίης
868 517 996 584 εἵνεκεν
1015 519 1072 585 καὶ

70 618 224 699 φυλακῆς
235 618 294 700 τῆς
306 604 525 699 ἀκροπόλιος,
536 616 571 681 οί
580 609 617 680 δὲ
630 613 729 679 πέντε
740 608 852 680 αὐτῶν
864 618 992 699 ἔχοντες
1003 622 1071 684 τάν

68 712 187 801 μάγων
202 709 262 792 τάς
275 708 423 799 κεφαλάς
434 716 536 779 ἔθεον
546 714 624 796 ἔξω,
637 716 700 800 βοῇ
713 736 749 778 τε
760 711 816 778 καί
825 711 962 805 πατάγῳ
975 714 1073 800 χρεό-

69 838 184 902 μενοι,
203 813 258 880 καὶ
273 812 407 899 Πέρσας
420 806 501 889 τούς
514 807 639 889 ἀλλους
659 812 875 879 ἐπεκαλέοντο
896 814 1073 901 ἐξηγεόμε-

69 919 127 982 νοί
148 937 186 980 τε
209 907 246 979 τό
272 917 420 997 πρῆγμα,
434 909 490 978 καὶ
510 908 723 988 δεικνύοντες
745 907 804 988 τάς
823 909 987 997 κεφαλάς.
1016 913 1073 979 καί

69 1012 139 1101 ἅμα
157 1016 308 1080 ἔκτεινον
321 1010 431 1078 πάντα
445 1004 521 1079 τινά
539 1015 607 1076 τῶν
621 1008 740 1096 μάγων
755 1005 816 1077 τόν
833 1011 870 1077 έν
882 1013 960 1081 ποσὶ
974 1010 1071 1100 γινό-

69 1137 190 1198 μενον.
216 1113 251 1178 οί
273 1110 309 1179 δέ
328 1110 457 1193 Πέρσαι
483 1107 652 1194 μαθόντες
674 1107 714 1176 τό
735 1133 771 1175 τε
789 1105 928 1194 γεγονός
946 1109 982 1178 έκ
1000 1115 1070 1178 τάν

68 1206 149 1278 έπτά
167 1210 223 1277 καὶ
241 1213 309 1276 τάν
328 1206 446 1295 μάγων
462 1203 524 1294 τὴν
544 1203 691 1292 ἀπάτην,
715 1207 884 1274 ἐδικαίουν
899 1210 955 1277 καὶ
976 1205 1071 1277 αὐτοὶ

69 1309 165 1395 ἕτερα
195 1305 332 1374 τοιαῦτα
356 1309 501 1392 ποιέειν,
531 1304 738 1391 σπασάμενοι
766 1303 803 1373 δὲ
822 1305 862 1374 τά
892 1308 1070 1393 ἐγχειρίδια

68 1413 219 1477 ἔκτεινον
234 1401 320 1472 όκον
332 1401 408 1473 τινά
422 1404 532 1492 μάγον
547 1401 719 1492 εὕρισκον·
743 1409 774 1472 εἰ
789 1405 825 1473 δέ
839 1401 883 1493 μὴ
897 1402 959 1486 νύξ
973 1407 1071 1474 έπελ-
1198 1456 1201 1459 -

68 1512 179 1575 θοῦσα
194 1507 284 1589 ἔσχε,
305 1507 420 1581 ἔλιπον
431 1500 476 1570 ἀν
490 1499 614 1572 οὐδένα
625 1501 744 1590 μάγον.
777 1503 903 1590 ταύτην
912 1500 974 1591 τὴν
988 1500 1070 1592 ἡμέ-

69 1631 130 1693 ρην
156 1602 388 1688 θεραπεύουσι
401 1605 530 1688 Πέρσαι
549 1609 647 1690 κοινῇ
668 1601 809 1688 μάλιστα
822 1607 891 1669 τῶν
906 1598 1069 1690 ἡμερέων,

68 1709 119 1775 καί
135 1707 175 1774 έν
192 1701 277 1792 αὐτῇ
297 1698 564 1791 ὁρτὴνμεγάλην
585 1700 768 1789 ἀνάγουσι,
785 1697 808 1790 ἢ
828 1704 981 1791 κέκληται
1001 1699 1068 1771 ύπδ

71 1808 227 1890 Περσέων
237 1801 439 1890 μαγοφόνια,
452 1803 490 1870 έν
500 1808 540 1893 τῇ
550 1802 661 1890 μάγον
671 1797 793 1869 ούδέυα
806 1805 908 1882 ἔξεστι
920 1809 1070 1890 φανῆναι

67 1904 98 1983 ές
107 1899 147 1971 τὸ
163 1907 247 1989 φάς,
259 1896 342 1969 ἀλλά
357 1897 429 1969 κατ’
443 1907 556 1979 οἴκους
568 1896 713 1978 ἑωυτούς
725 1903 760 1967 οί
767 1898 869 1985 μάγοι
883 1905 994 1986 έχουσι
1007 1899 1070 1987 τὴν

68 1998 196 2088 ἡμέρην
210 1998 353 2086 ταύτην.-

147 2096 273 2169 Ἐπείτε
297 2095 334 2163 δέ
353 2101 492 2186 κατέστη
503 2095 521 2165 ὁ
534 2098 685 2187 θόρυβος
701 2101 755 2167 καὶ
770 2095 863 2178 ἐντός
877 2101 975 2166 πέντε
984 2097 1112 2187 ime—8⁰

67 2199 155 2285 ρέων
172 2197 320 2282 ἐγένετο,
342 2198 563 2283 ἐβουλεύοντο
585 2202 617 2266 οἱ
633 2197 876 2278 ἐπαναστάντες
895 2211 981 2266 τοῖσι
1001 2197 1068 2284 μά-

67 2319 155 2382 γοισι
164 2297 315 2381 περὶτῶν
328 2296 533 2382 πρηγμάτων
546 2297 694 2385 πάντων,
709 2298 765 2365 καὶ
776 2298 961 2385 ἐλέχθησαν
971 2295 1067 2382 λόγοι

66 2392 200 2464 ἀπιστοι
212 2391 275 2478 μὲν
284 2395 401 2463 ἐνίοισι
410 2391 588 2483 Ἑλλήνων,
601 2397 784 2483 ἐλέχθησαν
794 2393 826 2462 δ’
841 2387 898 2464 ἀν.
920 2393 1066 2482 Ὀτάνης

59 2491 121 2579 μὲν
148 2491 283 2560 ἐκέλευε
314 2493 346 2571 ές
375 2492 478 2580 μέσον
503 2491 655 2581 Πέρσησι
677 2501 873 2561 καταθείναι
895 2489 936 2559 τά
966 2489 1074 2582 πρήγ·

58 2621 163 2682 ματα,
191 2593 300 2679 λέγων
316 2592 412 2662 τάδε·
443 2589 535 2682 Ἐμοὶ
554 2593 677 2680 δοκέει,
702 2596 762 2662 ἕνα
778 2592 842 2681 μὲν
857 2590 971 2681 ἡμέων
988 2590 1075 2681 μού-

58 2722 186 2786 ναρχον
209 2694 324 2782 μηκέτι
347 2694 519 2780 γενέσθαι·
555 2692 633 2764 ούτε
655 2693 721 2783 γάρ
745 2692 811 2783 ἡδύ
831 2691 911 2763 οὔτε
933 2691 1074 2780 ἀγαθόν.

9 2816 11 2873 3
64 2799 168 2864 εἰδετε
189 2793 252 2879 μὲν
272 2792 337 2882 γάρ
353 2792 415 2882 την
434 2796 624 2884 Καμβύσεω
644 2794 746 2883 ὕβριν
764 2791 816 2863 ἐπ’
836 2792 919 2863 ὅσον
937 2798 1065 2882 ἐξῆλθε,

9 2916 10 2933 ²
62 2891 282 2981 μετεσχήκατε
295 2894 330 2963 δὲ
342 2896 397 2965 καὶ
413 2903 470 2984 τῆς
483 2903 545 2965 τοῦ
559 2894 670 2983 μάγου
681 2894 806 2985 ὕβριος.
832 2902 898 2975 κός
910 2892 942 2964 δ’
955 2890 999 2964 ἀν
1014 2905 1064 2982 είη

60 3000 172 3081 χρῆμα
197 2999 447 3083 κατηρτυμένον
462 3001 668 3082 μουναρχίη,
695 3001 735 3085 τῇ
756 2999 860 3076 ἔξεστι
883 2991 1065 3087 ἀνευθύνῳ

60 3093 191 3160 ποιέειν
210 3115 253 3157 τα
278 3091 450 3178 βούλεται;
478 3094 534 3161 καὶ
553 3091 619 3180 γάρ
640 3089 684 3161 άν
700 3091 760 3162 τόν
775 3091 913 3178 άριστον
929 3091 1065 3180 ἀνδρῶν

59 3190 202 3260 πάντων
212 3188 338 3258 στάντα
349 3192 383 3271 ές
392 3190 518 3281 ταύτην
528 3188 591 3280 τὴν
605 3190 711 3281 ἀρχὴν
722 3190 814 3274 ἐκτός
827 3201 896 3263 τῶν
907 3195 1065 3263 ἐωθότων

57 3292 242 3383 νοημάτων
260 3294 398 3382 στήσειε.
416 3297 580 3382 ἐγγίνεται
595 3296 657 3382 μὲν
675 3297 739 3383 γάρ
757 3302 792 3365 οί
805 3295 904 3385 ὕβρις
918 3291 983 3362 ὑπό
998 3298 1065 3359 τῶν

56 3391 260 3482 παρεόντων
280 3389 437 3481 ἀγαθῶν,
460 3394 592 3481 φθόνος
610 3395 647 3463 δὲ
663 3393 813 3482 ἀρχῆθεν
830 3392 991 3479 ἐμφύεται
1005 3387 1068 3456 ἀν·

9 3580 11 3585 >
55 3494 196 3585 δράτω.
220 3494 286 3562 δύο
300 3491 330 3561 δ’
344 3499 428 3581 ἔχων
439 3499 543 3563 ταῦτα
553 3484 742 3582 έχειπάσαν
754 3488 934 3574 κακότητα·
954 3481 1068 3571 τὰμὲν
