2622 3928
192 233 235 296 22
568 230 821 290 HERODOTI

192 391 233 481 δή
249 395 282 473 ές
295 392 417 481 λόγους
430 388 499 480 ήίε,
516 387 561 470 ὡς
574 386 836 475 Λακεδαιμόνιοι
850 389 1003 476 λέγουσι,
1019 395 1105 476 ἔχων
1118 390 1200 476 χόλ-

192 517 272 560 κεον
285 497 426 578 πίνακα,
441 493 478 558 έν
492 497 538 581 τῷ
551 495 612 577 γῆς
626 486 757 574 ἀποίσης
769 491 924 574 περίοδος
938 488 1132 579 ἐνετέτμητο
1143 492 1200 558 καὶ

191 588 349 658 θάλασσά
362 613 399 656 τε
417 593 507 656 πᾶσα
522 589 577 654 καί
591 587 734 671 ποταμοὶ
748 582 881 663 πάντες.
903 580 1148 671 ἀπικνεόμενος
1162 585 1200 653 δὲ

192 688 225 765 ές
239 683 361 771 λόγους
375 682 393 755 ὁ
407 682 643 773 Ἀρισταγόρης
656 688 749 770 έλεγε
760 679 844 771 πρὸς
857 679 963 751 αὐτόν
973 681 1069 751 τάδε·
1091 682 1201 753 Κλεό-

193 811 308 872 μενες,
323 783 477 872 σπουδήν
487 788 550 872 μὲν
560 780 623 871 τήν
633 779 719 871 έμήν
728 779 774 870 μή
784 780 971 871 θωυμάσης
980 787 1039 869 τῆς
1049 784 1201 850 ἐνθαῦτα

192 882 336 964 ἀπίξιος·
355 880 396 952 τὰ
412 883 478 972 γὰρ
487 883 674 972 κατήκοντά
685 885 753 951 έστι
767 888 921 950 τοιαῦτα·
940 877 1064 951 Ἰαόνων
1077 886 1199 958 παῖδας

195 982 342 1062 δοόλονς
355 980 440 1052 εἶναι
455 978 529 1050 ἀντ’
552 984 743 1067 ἐλευθέρων
764 977 895 1059 ὄνειδος
917 982 974 1048 καὶ
987 978 1089 1067 ἀλγος
1106 982 1201 1066 μέγι-

194 1103 275 1152 στον
296 1083 359 1169 μὲν
380 1080 510 1152 αὐτοῖσι
529 1080 626 1171 ἡμίν,
649 1087 697 1150 ἔτι
718 1082 754 1149 δὲ
774 1087 843 1150 τῶν
865 1086 994 1169 λοιπῶν
1010 1076 1110 1168 ὑμῖν,
1131 1076 1201 1169 ὅσω

193 1188 375 1271 προέστατε
392 1191 451 1271 τῆς
458 1181 624 1262 Ἑλλάδος.
646 1188 713 1249 νῦν
730 1173 780 1249 όν
794 1176 879 1267 πρὸς
894 1185 988 1248 θεῶν
1002 1185 1070 1248 τῶν
1080 1176 1198 1264 Ἑλλη-

193 1289 277 1351 νίων
291 1280 566 1367 ῥόσασδεἽωνας
579 1284 616 1350 ἐκ
630 1278 850 1366 δουλοσύνης,
865 1275 991 1366 ἀνδρας
1005 1274 1198 1366 ὁμαίμονας.

195 1379 357 1461 εὐπετέως
372 1383 408 1450 δὲ
423 1379 505 1470 ὑμῖν
525 1387 630 1450 ταῦτα
650 1375 704 1448 οἷά
718 1379 757 1447 τέ
772 1377 912 1465 χωρέειν
928 1379 1013 1445 έστί·
1036 1375 1113 1445 οὔτε
1132 1371 1199 1462 γὰρ

194 1485 228 1548 οί
237 1481 403 1569 βάρβαροι
420 1479 558 1569 ἀλκιμοί
568 1486 648 1566 είσι,
669 1475 764 1565 ὑμεῖς
774 1502 811 1545 τε
820 1472 861 1544 τὰ
876 1478 911 1555 ές
923 1473 985 1544 τόν
999 1474 1147 1562 πόλεμον
1164 1475 1198 1551 ές

193 1578 233 1649 τά
250 1584 387 1669 μέγιστα
404 1579 543 1671 ἀνήκετε
562 1579 681 1669 ἀρετῆς
696 1579 783 1666 πέρι.
811 1576 884 1666 ήτε
898 1578 986 1667 μάχη
1003 1576 1116 1647 αὐτόν
1130 1579 1198 1645 ἐστὶ

192 1679 320 1767 τοιήδε,
342 1680 421 1762 τόξα
440 1684 496 1751 καί
514 1674 612 1769 αἰχμή
634 1680 767 1769 βραχέα.
795 1675 998 1765 ἀναξυρίδας
1013 1680 1050 1748 δὲ
1067 1684 1197 1766 ἔχοντες

193 1782 345 1865 ἔρχονται
362 1781 397 1859 ές
409 1776 469 1859 τὰς
481 1779 588 1868 μα’χας
601 1782 657 1849 καλ
667 1784 851 1868 κυρβασίας
861 1779 915 1847 ἐπὶ
928 1785 1004 1869 τῇσι
1018 1786 1200 1869 κεφαλῇσι·

194 1876 283 1947 οὕτω
298 1875 450 1958 εὐπετέες
462 1886 668 1967 χειρωθῆναι
682 1884 753 1948 είσί.
777 1883 846 1946 έστι
861 1876 897 1946 δὲ
912 1880 969 1945 καὶ
984 1873 1096 1964 ἀγαθὰ
1112 1891 1198 1945 τοῖσι
1301 1958 1302 1963 ¹

192 1973 255 2063 τήν
276 1973 417 2065 ἤπειρον
438 1979 571 2067 έκείνην
590 1975 887 2067 νεμομένοισιόσα
908 1974 989 2046 οὐδὲ
1010 1990 1096 2045 τοῖσι
1113 1997 1197 2046 συν-

193 2074 297 2144 ἀπασι
316 2073 463 2163 ἄλλοισι,
484 2073 551 2145 ἀπό
571 2084 700 2165 χρυσοῦ
719 2073 951 2163 ἀρξαμένοισι,
976 2073 1124 2164 ἀργυρος
1143 2078 1200 2143 καί

191 2171 313 2262 χαλκός
331 2176 387 2242 καί
406 2172 510 2265 ἐσθής
529 2184 664 2263 ποικίλη
686 2176 742 2244 καί
756 2171 922 2261 ὑποζύγιά
941 2199 978 2242 τε
997 2176 1053 2243 καί
1071 2173 1199 2260 ἀνδρά-
1301 2194 1302 2223 ³

193 2278 283 2343 ποδα
296 2270 336 2340 τὰ
349 2280 452 2365 θυμῷ
466 2275 668 2361 βουλόμενοι
682 2271 777 2343 αὐτοὶ
791 2269 836 2341 ἀν
850 2279 963 2361 ἔχοιτε.
986 2282 1199 2360 κατοίκηνται

194 2378 230 2444 δὲ
244 2371 400 2460 ἀλλήλων
415 2373 566 2459 ἐχόμενοι
581 2370 626 2453 ὥς
640 2372 705 2461 έγοδ
722 2373 850 2461 φράσω.
883 2371 1005 2443 Ἰόνων
1019 2375 1083 2460 μὲν
1093 2378 1200 2443 τόνδε

195 2476 264 2540 οἵδε
278 2470 401 2556 Λυδοὶ,
424 2471 588 2551 οἰκέοντές
601 2497 638 2540 τε
653 2472 768 2559 χόρην
781 2468 918 2560 ἀγαθήν
931 2473 984 2540 καλ
1002 2481 1199 2561 πολυαργυ-

195 2568 336 2659 ρότατοι
351 2568 462 2648 ἐόντες
502 2567 650 2655 (δεικνὺς
664 2571 700 2640 δέ
715 2577 807 2659 έλεγι
821 2577 926 2640 ταῦτα
943 2573 976 2651 ές
990 2578 1049 2660 τῆς
1061 2579 1123 2661 γῆς
1135 2570 1199 2660 τήν

194 2672 369 2759 περίοδον,
386 2665 448 2756 τήν
463 2671 598 2757 ἐφέρετο
614 2672 651 2739 έν
664 2677 710 2762 τῷ
720 2676 836 2740 πίνακι
851 2672 1117 2758 ἐντετμημένην),
1126 2677 1200 2741 Λν-

194 2774 263 2838 δῶν
276 2769 325 2855 δὲ,
340 2774 405 2857 ἔφη
418 2772 528 2857 λέγων
542 2767 560 2839 ὁ
575 2767 820 2857 Ἀρισταγόρης,
836 2772 907 2838 οἵδε
921 2774 1053 2855 ἔχονται
1066 2768 1199 2858 Φρύγες

193 2871 228 2933 οί
239 2863 324 2953 πρός
336 2863 399 2951 τήν
417 2864 483 2953 ήοῖ,
504 2868 845 2955 πολυπροβατώτατοί
860 2892 897 2936 τε
910 2866 1023 2946 ἐόντες
1037 2863 1198 2936 ἀπόντων

195 2967 262 3030 τῶν
276 2958 341 3047 έγοδ
354 2960 428 3030 οἶδα
442 2966 497 3032 καὶ
511 2966 811 3053 πολυκαρπότατοι.
852 2971 1002 3053 Φρυγῶν
1016 2965 1053 3034 δὲ
1068 2972 1198 3055 ἔχονται

192 3058 432 3148 Καππαδόκαι,
454 3058 534 3141 τούς
553 3059 648 3150 ἡμεῖς
667 3069 818 3147 Συρίους
839 3066 1019 3150 καλέομεν·
1049 3064 1197 3134 τούτοισι

192 3159 228 3229 δέ
243 3158 430 3246 πρόσουροι
444 3165 594 3247 Κίλικες,
616 3161 816 3251 κατήκοντες
827 3163 880 3230 έπὶ
892 3160 1073 3231 θάλασσαν
1085 3161 1198 3251 τήνδε,

193 3259 230 3323 έν
243 3262 283 3345 τῇ
298 3253 359 3341 ήδε
371 3254 510 3343 Κύπρος
519 3264 622 3346 νήσος
635 3262 762 3348 κέεται,
784 3266 821 3330 οἳ
832 3259 1038 3330 πεντακόσια
1052 3261 1198 3330 τάλαντα

192 3350 535 3439 βασιλέττδνέπέτεον
546 3357 658 3446 φόρον
668 3360 862 3428 ἐπιτελεῦσι.
881 3364 1031 3428 Κιλίκων
1043 3358 1198 3427 δὲτῶνδε

192 3454 322 3534 ἔχονται
335 3447 500 3538 Ἀρμένιοι
517 3457 605 3541 ολδε,
625 3455 680 3525 καλ
694 3447 788 3525 οὗτοι
802 3455 915 3537 ἐόντες
933 3456 1198 3545 πολυπρόβποι,
