2606 3920
14 748 19 887 4

338 269 425 326 ΗΒ.
458 269 529 325 Vssl.
564 269 662 327 ΟΑΡ.
695 276 837 331 27-33.
1030 266 1090 332 237

93 434 197 494 λαντα
211 424 392 512 ἀργυρίου,
413 428 468 493 καὶ
482 424 564 512 ὑμῖν
580 424 816 512 ὑποδεκόμεθα
831 429 871 497 τὰ
887 432 1025 498 ἐπιόντα
1040 432 1092 499 ἐπὶ

92 522 154 611 τὴν
162 523 275 610 χώρην
286 520 495 608 ἀποτρέψειν.
516 524 628 590 Ταῦτα
639 543 700 608 σφι
711 527 951 612 ἐπηγγέλλοντο
963 530 998 594 οί
1005 535 1092 594 Θεσ-
1104 539 1141 592 30
1175 587 1178 592 .

91 627 195 690 σαλοί
218 625 253 687 οί
265 618 330 709 γὰρ
342 621 475 701 Φωκέες
485 627 607 707 μοῦνοι
622 629 690 689 τῶν
704 624 810 711 ταύτῃ
820 621 1016 710 ἀνθρώπων
1027 622 1090 693 οὐκ

91 719 260 807 ἐμήδιζον,
276 716 349 787 κατ’
365 718 447 788 όὶλλο
461 721 525 805 μὲν
539 717 655 805 οὐδέν,
677 718 722 798 ὡς
736 719 801 807 έγοδ
817 722 1090 810 συμβαλλόμενος

92 814 251 903 εὑρίσκω,
267 814 351 884 κατὰ
366 820 402 885 δὲ
417 815 456 884 ιδ
475 823 575 903 ἔχθος
588 815 625 884 τδ
644 824 841 886 Θεσσαλόν·
864 825 895 888 εί
909 820 945 887 δέ
961 828 1090 889 Θεσσα-

90 917 142 984 λοί
156 912 374 1002 τδἹδλλήνων
388 910 510 1004 αδξον,
526 913 572 994 ὡς
585 919 657 1003 ἐμοὶ
671 920 812 1003 δοκέειν,
830 918 984 1007 ἐμήδιζον
1000 916 1044 988 δν
1058 922 1093 987 οί

13 1092 15 1101 ‚
90 1016 229 1093 Φωκέες.
250 1022 353 1083 ταῦτα
368 1018 663 1101 ἐπαγγελλομένων
677 1021 858 1083 Θεσσαλόν
872 1014 949 1084 οὔτε
968 1017 1090 1085 δώσειν

13 1106 15 1141 ⁵
90 1119 219 1198 ἔφασαν
232 1114 382 1200 χρήματα
394 1119 552 1200 παρέχειν
562 1115 601 1181 τέ
608 1134 669 1198 σφι
680 1121 878 1182 Θεσσαλοῖσι
893 1111 1015 1201 ὁμοίως
1025 1141 1090 1201 μη-

89 1216 205 1296 δίζειν,
228 1217 258 1280 εί
276 1211 384 1292 ἄλλως
403 1218 597 1300 βουλοίατο·
620 1207 695 1280 ἀλλ’
716 1209 780 1279 οὐκ
801 1216 938 1282 ἔσεσθαι
958 1212 1090 1289 ἑκόντες

90 1310 175 1378 εἶναι
189 1310 351 1397 προδόται
369 1316 427 1397 τῆς
440 1308 606 1387 Ἑλλάδος.
641 1306 771 1394 Ἐπειδὴ
787 1310 824 1377 δὲ
840 1307 1088 1397 ἀνηνείχθησαν
1103 1326 1136 1381 ³1

12 1424 13 1433 ’
89 1401 183 1476 οὗτοι
198 1413 233 1476 οί
243 1408 355 1494 λόγοι,
374 1406 463 1476 οὕτω
477 1404 518 1494 δὴ
534 1411 568 1475 οί
583 1410 746 1476 Θεσσαλοί
762 1410 982 1495 κεχολωμένοι
1002 1421 1087 1476 τοῖσι

89 1512 244 1574 Φωκεῦσι
265 1507 419 1592 ἐγένοντο
437 1503 600 1593 ἡγεμόνες
612 1511 659 1596 τῷ
675 1506 835 1597 βορβόρῳ
849 1512 907 1592 τῆς
926 1503 1019 1576 ὁδοῦ.
1050 1506 1087 1572 ἐκ

10 1628 12 1709 J
87 1602 150 1688 μὲν
163 1599 206 1689 δὴ
219 1608 276 1689 τῆς
295 1609 470 1692 Τρηχινίης
484 1604 518 1682 ἐς
531 1599 594 1690 τὴν
606 1606 745 1689 Δωρίδα
760 1604 928 1689 ἐσέβαλον.
950 1609 1008 1690 τῆς
1020 1600 1087 1689 γδρ

10 1712 11 1761 1
88 1707 241 1789 Δωρίδος
256 1703 366 1791 χόρης
387 1702 520 1772 ποδειδν
540 1700 671 1781 στεινός
691 1700 795 1790 ταότρ
814 1710 1015 1788 κατατείνει,
1043 1699 1088 1781 ὡς

88 1798 265 1916 τριήκοντα
285 1803 429 1867 σταδίων
449 1799 592 1885 μάλιστά
606 1824 649 1887 κη
664 1791 779 1918 εὖρος,
802 1803 953 1883 κείμενος
967 1797 1089 1884 μεταξδ

9 1954 11 1983 ,
88 1920 144 1980 της
154 1921 190 1963 τε
200 1900 354 1979 Μηλίδος
375 1901 432 1966 καὶ
452 1921 510 1982 της
520 1899 672 1973 Φωκίδος
680 1919 799 1979 χωρης
813 1918 910 1982 ηπερ
920 1921 965 1981 ην
975 1921 1012 1963 το
1025 1918 1090 1961 πα-

9 2318 13 2523 λ

89 1992 184 2064 λαιδν
198 2000 366 2078 Δρυοπίς
392 2021 415 2082 η
400 1992 468 2062 δέ
487 1995 579 2080 χώρη
598 1992 684 2079 αὕτη
706 1995 774 2060 ἐστί
792 1992 996 2111 μητρόπολις
1007 2004 1089 2062 Δω-

89 2093 195 2176 ριέων
201 2092 583 2183 τωνένΠελοποννήσω.
604 2114 863 2176 ταυτηνωντην
874 2093 1067 2178 Δωρίδα
1024 2116 1089 2209 γην

87 2189 151 2257 οὐκ
167 2192 319 2258 ἐσίναντο
334 2188 531 2279 ἐσβαλόντες
544 2193 580 2257 οί
591 2189 773 2277 βάρβαροι
802 2187 956 2275 ἐμήδιζόν
974 2213 1010 2256 τε
1023 2184 1088 2275 γὰρ

87 2291 142 2356 καὶ
156 2283 219 2354 οὐκ
231 2287 343 2356 ἐδόκεε
353 2297 559 2357 Θεσσαλοῖσι.
572 2285 636 2454 ἑίλς
650 2287 687 2355 δὲ
697 2287 788 2354 ἐκ
748 2312 807 2373 της
817 2289 971 2407 Δωρίδος
981 2293 1015 2365 ἐς
1025 2310 1087 2371 την
1101 2294 1135 2348 32

86 2389 222 2453 Φωκίδα
231 2384 456 2472 ἐσέβαλον,’
413 2384 588 2471 αυτοδςμὲ
589 2413 610 2452 ν
619 2410 698 2462 τους
705 2381 892 2463 Φωκέας
853 2409 916 2452 ουκ
926 2386 1085 2471 αίρέουσι.

87 2481 252 2566 οίμέν
211 2507 277 2569 γαρ
292 2509 360 2550 των
373 2488 521 2553 Φωκέων
535 2480 618 2563 ἐς
581 2509 622 2550 τα
639 2507 726 2566 ακρα
740 2506 802 2550 τον
786 2478 1027 2567 ’Παρνησοῦ’
1008 2482 1087 2547 ανέ-

85 2586 194 2665 βησαν
209 2584 294 2667 (ἐστι
314 2580 350 2648 δὲ
367 2583 422 2648 καλ
437 2583 589 2667 ἐπιτηδέη
605 2581 765 2660 δέξασθαι
781 2576 901 2664 ὅμιλον
915 2603 976 2644 τον
961 2584 1086 2662 Παρ-

84 2683 192 2761 νησοῦ
205 2672 226 2761 ἡ
240 2674 384 2764 κορυφὴ,
399 2675 483 2745 κατὰ
493 2683 616 2747 Νέωνα
626 2678 726 2745 πόλιν
736 2679 872 2761 κειμένη
884 2672 936 2744 ἐπ’
950 2677 1085 2761 έωοτῆς,

9 2852 10 2873 ρ
88 2775 234 2859 Τιθορέα
250 2772 379 2859 οὕνομα
393 2771 489 2862 αὐτῇ,
505 2777 538 2853 ἐς
551 2771 613 2861 τὴν
630 2772 669 2861 δη
685 2771 906 2858 ἅνηνείκαπο
921 2775 976 2839 καί
990 2770 1085 2841 αὐτοὶ

84 2869 278 2957 ἀνέβησαν),
290 2876 325 2940 οί
332 2872 370 2939 δέ
381 2878 522 2951 πλεῦνες
532 2870 644 2940 αὐτῶν
655 2874 688 2951 ἐς
698 2868 777 2949 τούς
790 2868 921 2952 Ὀζόλας
931 2867 1085 2955 Λοκροὺς

84 2970 332 3054 ἐξεκομίσαντο,
356 2968 593 3057 ἐςἍμφισσαν
612 2970 711 3039 πόλιν
731 2968 795 3056 τὴν
813 2966 899 3053 ὑπὲρ
919 2975 982 3036 τοῦ
998 2975 1084 3054 Κρι-

83 3071 181 3135 σαίου
195 3068 313 3133 πεδίον
327 3071 531 3154 οἰκεομένην.
552 3072 586 3135 οί
598 3070 635 3136 δὲ
646 3068 811 3155 βάρβαροι
821 3064 883 3154 τὴν
894 3066 1007 3154 χόρην
1018 3071 1085 3134 ποῖ-

9 3212 10 3215 =
82 3184 147 3233 σαν
167 3165 355 3250 ἐπέδραμον
374 3163 437 3252 τὴν
452 3169 604 3234 Φωκίδα*
632 3167 795 3233 Θεσσαλοὶ
810 3166 876 3252 γὰρ
891 3163 982 3233 οὕτω
997 3155 1084 3250 ἦγον

82 3260 142 3332 τόν
156 3263 315 3348 στρατόν·
343 3260 448 3332 ὁκόσα
467 3263 504 3332 δέ
519 3266 673 3348 ἐπέσχον,
692 3260 802 3329 πάντα
821 3264 1007 3348 ἐπέφλεγον
1027 3262 1084 3330 καὶ

81 3365 223 3446 ἔκειρον,
238 3363 293 3429 καὶ
304 3363 338 3439 ἐς
348 3358 409 3440 τὰς
419 3360 514 3438 πόλις
524 3361 667 3436 ἐνιέντες
676 3365 745 3444 πῦρ
759 3359 814 3425 καί
823 3360 857 3437 ἐς
867 3355 908 3424 τὰ
919 3356 985 3442 ίρό.
1007 3363 1081 3426 Πο-
1095 3364 1133 3422 33

81 3460 257 3546 ρευόμενοι
274 3456 339 3545 γὰρ
353 3457 457 3546 ταότη
471 3455 561 3544 παρὰ
575 3454 635 3525 τόν
653 3453 808 3542 Κηφισόν
825 3452 978 3540 ποταμόν
991 3456 1082 3539 ἐδηδ-
