2566 3934
196 267 258 333 174
393 352 396 357 .
568 271 822 331 Ηιιιοοουι

194 435 310 501 παιδία
331 426 467 520 ἀνδρῶν
484 435 670 521 ἐπιχωρίων
691 434 815 521 ἒντομά
838 456 924 521 σφεα
940 435 1089 522 ἐποίησε·
1118 429 1197 521 μετὰ

195 533 231 602 δὲ
248 528 292 611 ὥς
306 530 459 612 έπάίστος
479 534 610 619 ἐγένετο
626 539 726 600 τοῦτο
750 532 968 621 ἐργασμένος,
990 537 1145 619 μισηθείς
1164 555 1198 598 τε

195 633 251 701 καὶ
271 629 476 717 διωκόμενος
498 629 598 723 ᾤχετο
615 632 754 718 φεύγων
772 638 847 721 τῇσι
870 632 969 718 νηυσὶ
992 632 1045 698 ἐπὶ
1060 628 1195 718 Λιβύης.

73 730 75 733 ’
195 727 233 798 τό
250 732 411 799 ἐνθεῦτεν
426 730 463 798 δὲ
484 727 569 797 όκου
589 730 766 819 ἐτράπετο,
788 727 898 798 οάκέτι
915 727 1003 816 εἶχον
1018 733 1123 797 είπείν
1136 731 1200 794 Αί-

194 828 345 914 γόπτιοι·
366 827 496 897 τούτων
520 824 556 896 δέ
580 825 621 897 τά
642 827 704 914 μὲν
727 831 889 915 ἱστορίῃσι
911 831 1041 913 ἔφασαν
1065 829 1198 894 ἐπίστα-

194 938 292 1016 σθαι,
314 924 355 996 τά
371 928 408 997 δὲ
427 924 508 1017 παρ’
525 930 676 996 ἑωυτοῖσι
693 927 857 1014 γενόμενα
879 922 1041 1013 ἀτρεκέως
1064 920 1195 994 ἐπιστέ-

193 1053 288 1114 μενοι
305 1029 424 1113 λέγειν.

134 1150 184 1202 120
280 1133 392 1195 Ταῦτα
413 1127 476 1214 μὲν
489 1133 685 1213 Αἰγυπτίων
699 1129 734 1194 οί
752 1126 839 1213 ίρέες
855 1128 987 1210 ἔλεγον,
1009 1116 1073 1207 ἐγω
1095 1118 1131 1188 δὲ
1151 1123 1197 1208 τῷ

63 1224 66 1229 ’
193 1225 334 1319 λόγφ
302 1252 348 1293 τω
369 1224 462 1315 περὶΐ
459 1229 586 1312 Ελέυης
606 1225 759 1311 λεχθέντι
780 1225 836 1291 καὶ
853 1219 953 1300 αάτδς
965 1223 1196 1304 προστίθεμαι,

193 1326 272 1394 τάδε
289 1324 536 1411 ἐπιλεγόμενος
559 1315 626 1392 εί
604 1349 648 1411 ην
668 1320 783 1408 Ελένη
805 1323 841 1391 ἐν
858 1318 957 1410 Ἰλίφ,
984 1313 1196 1399 ἀποδοθῆναι

194 1421 237 1493 ἀν
252 1420 359 1511 αὐτὴν
372 1437 457 1492 τοῖσι
465 1418 637 1509 “Ennea'‘
613 1445 687 1509 ητοι
702 1420 885 1506 ἑκόντοςρε
900 1413 922 1504 ἦ
938 1413 1093 1491 ἀέκοντος
1105 1408 1196 1478 Ἀλε-

194 1523 350 1607 ξάνδρου.
373 1519 414 1591 οὐ
430 1519 495 1609 γάρ
516 1517 617 1608 δη“
574 1545 663 1590 ουτω
682 1546 722 1608 γε
739 1512 970 1641 φρενοβλαβὴς
993 1504 1037 1601 ἦν
1054 1536 1072 1578 ο
1060 1507 1194 1594 ’Πρια

193 1647 272 1709 μσς,
292 1619 371 1689 οάδὲ
396 1627 431 1690 ολ
453 1621 549 1691 ἀλλοι
570 1625 606 1690 οί
625 1620 851 1710 προσήκοντες
871 1614 977 1708 αὐτῷ,
1007 1609 1091 1681 ωστε
1111 1624 1196 1679 τοῖσι

194 1723 382 1809 σφετέροισι
397 1720 526 1808 σώμασι
540 1723 596 1790 καὶ
609 1733 696 1790 τοῖσι
709 1722 855 1787 τέκνοισι
869 1718 925 1785 καί
935 1740 975 1805 τχ
960 1711 1064 1781 πόλι
1078 1713 1196 1779 κινδυ
1214 1728 1220 1732 ’

193 1819 309 1889 νεύειν
332 1819 530 1908 ἐβούλοντο,
559 1816 646 1898 ὅκως
661 1816 875 1905 Ἀλέξανδρος
889 1813 1004 1900 Ελένχ
1028 1808 1194 1896 συνοικέῃ.

194 1919 288 1986 είδέ
307 1941 359 1987 τοι
383 1919 439 1986 καί
468 1918 506 1986 ἐν
529 1931 616 1986 τοῖσι
639 1916 801 2004 πρώτοισι
825 1912 974 2002 χρόνοισι
998 1914 1102 1979 ταῦτα
1128 1907 1196 2026 ἐγί-

193 2033 344 2101 νωσκον,
373 2016 443 2083 ἐπεὶ
466 2018 584 2084 πολλοὶ
607 2019 669 2102 μὲν
693 2040 761 2083 των
786 2011 898 2082 ἀλλων
926 2007 1068 2096 Τρώων,
1099 2002 1195 2075 ὁκότε

194 2119 413 2233 συμμίσγοιεν
425 2128 510 2182 τοῖσι
517 2111 670 2201 Ἑλλησι,
686 2107 899 2196 ἀπωλλυντο,
916 2105 1021 2177 αάτου
1007 2104 1072 2174 δὲ
1085 2102 1195 2191 Πριό-

193 2236 260 2298 μου
280 2206 343 2279 οάκ
363 2204 466 2279 ἐστι’
447 2235 501 2278 οτε
522 2208 564 2278 οά
585 2211 647 2279 δύο
669 2206 831 2298 ητρεϊςη
818 2205 908 2276 καὶ
924 2211 971 2276 ἔτι
992 2208 1113 2283 πλέους
1127 2210 1195 2273 τῶν

193 2313 323 2378 παίδων
344 2310 449 2395 μάχης
471 2313 649 2397 γινομένης
663 2305 933 2428 ἀπέθνιχσκον,ε
918 2312 949 2375 εί
969 2304 1032 2425 χριχ’
1052 2329 1084 2372 τι
1109 2318 1193 2372 τοίσι

192 2409 377 2474 ἐποποιοῖσι
391 2405 574 2492 χρεόμενον
592 2409 719 2494 λέγειν,
734 2406 865 2474 τούτων
880 2405 916 2474 δὲ
930 2403 1093 2473 τοιούτων
1106 2420 1193 2487 συμ-

191 2500 381 2590 βαινόντων
396 2500 460 2588 ἐγω
475 2504 538 2590 μέν
553 2509 704 2592 ἔλπομαι,
723 2509 754 2573 εί
766 2505 821 2572 καὶ
835 2499 936 2582 αὐτὸς
945 2507 1095 2590 Πρίαμος
1110 2519 1193 2568 συν-

191 2595 421 2688 οίκεεἙλένχ,
443 2598 631 2672 ἀποδοῦναι
644 2599 689 2672 ἀν
702 2599 810 2690 αὐτὴν
823 2616 909 2671 τοῖσι
919 2601 1092 2690 Ἀχαιοῖσι,
1113 2602 1193 2687 μέλ·
1277 2672 1278 2685 ,

190 2697 293 2767 λονποί
306 2723 345 2785 γε
357 2696 396 2785 δὴ
409 2706 477 2767 τῶν
487 2702 683 2791 παρεόντων
698 2708 811 2771 κακῶν
823 2699 1126 2788 ἀπαλλαγήσεσθαι
1150 2691 1193 2766 οό

117 2842 118 2845 =
189 2793 383 2884 μὲνοάδδ
364 2805 560 2888 ηβασιληίη
583 2797 640 2880 ές’
638 2803 720 2882 Αλέξ
705 2806 849 2888 ξανδρον
868 2807 1014 2888 περιήιε,
1036 2795 1119 2867 ωστε
1135 2799 1193 2884 γέ-

190 2898 478 2985 ροντοςΠριάμυυ
492 2899 605 2978 ἐόντος
626 2896 679 2968 ἐπ’
695 2902 811 2990 έκείνφ
834 2896 876 2968 τά
898 2897 1074 2987 πρήγματα
1095 2894 1192 2982 ειυαι,

189 2988 269 3065 ἀλλ’
281 2992 408 3084 Ἕκτωρ
424 2999 479 3067 καὶ
498 3000 747 3088 πρεσβύτερος
737 2995 833 3069 καλ’
814 2997 901 3087 ανὴρ
916 3001 1047 3066 ἐκείνου
1063 3002 1192 3083 μᾶλλον

190 3091 257 3164 ἐῶν
277 3097 391 3180 ἔμελλε
415 3095 521 3185 αὐτὴν
536 3098 694 3186 Πριάμου
716 3097 951 3177 ἀποθανόντος
972 3094 1191 3182 ταραλάμγε-

190 3205 289 3281 σθαι,
316 3190 377 3263 τὸν
397 3193 439 3264 οὐ
459 3205 605 3286 προσῆκε
626 3196 792 3268 ἀδικέοντι
813 3225 858 3291 τρι
845 3193 1031 3287 ἀδελφεῷ
1056 3191 1191 3279 ἐπιτρό-

189 3324 276 3384 πειν,
291 3297 346 3365 καί
357 3303 460 3365 ταῦτα
470 3300 626 3385 μεγάλων
636 3306 749 3368 κακῶν
761 3296 806 3368 δι’
819 3295 923 3367 αάτόν
934 3293 1190 3383 συμβαινόντων

188 3403 256 3486 ίδίχ
270 3421 304 3464 τε
319 3392 408 3485 αὐτῷ
425 3400 480 3466 καὶ
493 3413 577 3468 τοῖσι
593 3398 721 3469 ἀλλοισι
735 3407 815 3468 πᾶσι
835 3403 953 3486 Τρωσί.
977 3393 1050 3466 ἀλλ’
1068 3392 1109 3464 οά
1123 3392 1189 3482 γάρ

190 3493 277 3580 είχον
286 3490 424 3580 Ἐλέυηυ
440 3492 627 3565 ἀποδοῦναι
644 3495 724 3568 οὐδὲ
737 3501 872 3589 λέγουσι
888 3494 1017 3566 αὐτοῖσι
1030 3491 1092 3582 τὴν
1106 3490 1186 3583 ἀλή-
