2622 3928
523 216 757 269 PRAEFATIO.
1137 238 1166 275 tx

109 358 167 408 λων
177 353 326 424 -λαβεῑν,
340 384 376 395 -
386 371 409 409 o.
426 354 469 406 ⁵20.
488 348 518 403 τὰ
537 347 609 417 πρὸς
626 352 759 423 μεσαμβρ.
779 355 858 406 Beki.
877 356 946 405 Libri
961 354 1017 408 τοῦ.
1036 383 1071 396 -
1083 377 1106 411 o.
1118 362 1164 418 ⁴21.

109 429 139 478 ln
156 427 242 493 verbio
256 420 305 475 οιαὶ
323 415 387 473 οὐδ’
404 417 431 473 εί
445 418 536 489 ἕτεραι
549 424 615 474 maie
630 426 744 474 adiectae
756 425 871 486 voonlee,
887 439 950 488 queo
961 426 1079 477 exhibent
1087 428 1166 481 Puro

110 509 136 547 et
154 497 178 546 M
188 494 224 562 (ie
243 492 295 544 καί
310 491 476 558 nonhabet),
495 502 562 543 reete
579 495 727 543 auctoritate
743 493 801 543 libri
819 491 836 541 S
852 494 932 543 eiecto
949 502 1016 549 nunt.
1034 493 1098 545 Μίν
1112 514 1161 551 om.

111 565 163 619 sut
179 580 262 628 neque
277 579 353 630 aegre
372 578 402 613 eo
421 578 546 613 curemus.
568 589 604 601 -
630 578 651 612 ο.
677 560 719 612 35.
745 562 800 613 Niei
819 564 860 612 eui
877 562 977 627 pleoent
994 579 1059 627 queo
1074 578 1166 618 nature

111 636 298 694 diremerunt,
317 632 459 691 coniuncte,
477 632 602 697 probabit,
619 632 688 695 quod
706 632 865 682 oonieeerunt
879 631 1004 691 mihine,
1022 633 1165 690 Markland.

111 706 146 755 ed
163 705 224 759 Eur.
244 701 335 768 Suppl.
354 703 420 761 222,
442 701 538 755 Bbekh.
555 704 589 752 ed
605 701 668 750 Piet.
686 699 748 750 Min.
763 716 789 767 p.
810 699 870 760 173,
890 698 1008 768 θολερῷ.
1025 728 1061 743 ·-
1076 720 1099 758 o.
1119 705 1166 759 36,

111 774 149 824 Ne
163 789 221 823 oum
237 771 319 824 Bekk.
337 767 586 836 τεσσερασιιαίβειια
601 771 760 821 eoribendum
775 779 859 852 puteo,
875 771 925 820 vid.
940 771 1014 820 Bred·
1027 787 1051 836 p.
1063 772 1114 824 279
1123 790 1162 838 sq.

111 844 177 893 Tum
195 857 253 892 enm
271 842 329 892 libri
343 856 432 891 omnes
450 841 599 891 exhiberent
616 853 843 903 πεντηκοντεραν
860 834 909 888 καὶ
924 837 1030 904 τριχοῦ,
1050 850 1074 891 et
1084 857 1166 907 neque

112 908 163 960 καί
179 912 297 972 heberet,
316 925 365 974 quo
383 910 532 970 referretur,
557 926 639 973 neque
658 901 874 974 πεντηκόντεροι
892 909 940 959 ooli
954 921 1059 974 possent
1074 922 1168 976 pontes

111 980 256 1047 signisseere
276 996 309 1030 ex
327 979 434 1030 navibus
453 979 536 1047 longis
553 988 579 1030 et
596 980 719 1030 onerariis
736 978 825 1038 ieotoo,
845 993 896 1028 non
914 979 1028 1030 dubitavi
1045 996 1103 1030 oum
1117 981 1166 1031 Pe·

111 1052 180 1102 tevio
193 1045 329 1114 τριηρέων
345 1049 502 1101 interserere.
520 1075 555 1086 —
575 1066 597 1100 e.
614 1048 656 1101 37.
681 1047 731 1099 Gur
755 1044 912 1130 πιμπλίχται
929 1050 1091 1128 retinuerim,
1111 1051 1164 1106 vid.

112 1135 155 1187 ep.
174 1119 279 1186 Rumpi.
295 1120 312 1173 l.
332 1134 355 1169 o.
375 1134 401 1183 p.
422 1119 464 1173 14.
483 1144 516 1155 -
531 1135 553 1168 e.
572 1118 615 1170 38.
633 1118 704 1169 Libri
717 1108 836 1203 χρήσαιο
854 1132 890 1166 αν
907 1133 934 1166 τι
949 1131 996 1168 τευ
1012 1115 1169 1186 βουλοίμην

111 1189 220 1254 τυχεῖν,
248 1200 350 1254 praeter
369 1187 402 1248 S,
425 1189 470 1253 qui
488 1187 590 1239 exhibet
608 1181 715 1254 χρήσας
729 1203 765 1239 αν
783 1203 810 1236 τι
827 1183 873 1237 σεῦ
889 1183 1042 1255 βουλοίμην
1060 1189 1163 1254 τυχεῖν.

114 1260 227 1321 Quorum
245 1258 309 1309 illud
326 1272 431 1322 prorem
447 1271 597 1324 perversum
613 1272 670 1308 eree
687 1260 813 1310 neminem
831 1258 907 1321 fugit.
943 1257 982 1307 Kx
998 1258 1078 1307 eitero
1096 1258 1168 1321 quoti

113 1329 173 1380 feeit
188 1328 253 1381 Eltz.
273 1343 300 1393 p.
318 1325 383 1379 336:
404 1323 523 1393 χρηίσας
537 1327 603 1392 (vid.
622 1327 697 1379 Βανά.
718 1344 744 1395 ρ,
764 1324 827 1390 174)
846 1320 881 1378 ἄν
900 1341 927 1374 τι
945 1324 993 1374 σεῦ
1012 1323 1163 1394 βουλοίμην

113 1398 222 1462 τυχεῖν,
238 1397 267 1448 id
286 1397 403 1462 dieplioet
418 1406 443 1446 et
459 1406 564 1463 propter
579 1397 714 1448 verborum
732 1398 861 1463 ordinem,
888 1406 913 1446 et
931 1396 1000 1458 quod
1017 1387 1165 1460 τυχχνὶνειν

112 1464 142 1516 τί
153 1480 231 1523 τινος
248 1482 281 1516 eu
295 1467 388 1517 dixerit
404 1466 446 1532 fl,
462 1466 574 1516 dubitari
590 1466 658 1521 lieet.
694 1467 758 1517 Num
769 1465 813 1526 IX,
828 1465 878 1518 109
892 1458 986 1514 πάντα
1000 1481 1057 1514 eum
1072 1465 1166 1517 Bebrio

112 1538 147 1587 od
169 1527 324 1599 αἰτήσασαν
347 1535 508 1587 referendum
532 1545 583 1596 est,
608 1550 655 1585 neo
673 1537 742 1599 quod
755 1535 821 1586 Xen.
840 1536 923 1587 Anah.
942 1534 985 1595 111,
1004 1533 1029 1594 b,
1052 1535 1086 1587 32
1103 1536 1165 1586 seri·

114 1608 180 1670 psit:
207 1602 294 1655 ταῦτα
312 1597 342 1656 δὲ
368 1602 418 1654 σου
441 1596 571 1670 τυχόντες
594 1596 798 1669 ὑπισχνοῦνταί
816 1617 861 1654 σοι
885 1593 949 1653 dori
968 1593 1082 1666 tonitruo,
1101 1605 1169 1656 iilud

115 1675 259 1737 eoniirmet,
280 1691 337 1725 oum
360 1675 476 1726 videatur
494 1690 524 1727 eu
541 1676 695 1726 oonetmetio
713 1685 809 1726 tantum
828 1676 856 1725 in
873 1675 969 1725 neutris
986 1677 1168 1737 pronominum

115 1746 370 1796 demonetmtivomm
388 1760 418 1796 eo
435 1745 599 1795 relativorum
621 1759 637 1795 e
654 1743 756 1795 Graecis
776 1744 889 1794 ariminen
914 1752 939 1794 et
958 1746 1091 1808 poetarum
1105 1759 1164 1810 pro-

114 1816 170 1879 prie
188 1829 245 1865 eree
264 1814 362 1879 (Herm.
379 1815 414 1866 ed
431 1815 491 1880 vig.
507 1829 535 1880 p.
554 1810 628 1878 tob).
665 1814 748 1874 Quare
763 1829 820 1865 eum
838 1813 912 1864 facile
930 1812 1096 1878 intelligutur,
1115 1829 1166 1876 qno

115 1883 203 1944 modo,
221 1899 278 1934 oum
297 1883 367 1933 looue
383 1893 515 1949 eorruptus
533 1894 613 1948 esset,
637 1894 662 1932 et
679 1894 711 1932 τι
724 1884 801 1933 inseri
820 1895 845 1932 et
870 1878 917 1932 σεῦ
935 1882 1028 1947 corrigi
1045 1884 1166 1947 potnerit,

115 1954 194 2018 probo
210 1951 326 2003 Silvemii
348 1950 405 2017 (ep.
426 1951 523 2017 Beki.)
538 1953 747 2004 emendationem.
767 1978 802 1989 -
820 1967 841 2002 u
860 1951 903 2003 39.
922 1948 1052 2019 τήχψυχῇ
1066 1945 1166 2015 ζημιοῖ·

114 2035 176 2071 σεαι
194 2020 314 2073 exhibent
327 2019 471 2083 SVPFbod,
489 2037 536 2088 pro
554 2039 604 2086 qno
625 2012 677 2087 τήν
692 2012 789 2086 ψυχήν
806 2022 915 2072 seribere
931 2019 1016 2081 nolui,
1038 2036 1095 2070 enm
1113 2037 1165 2071 me·

116 2092 185 2142 dium
208 2088 377 2156 ζημιοῦσθαι
393 2090 456 2142 mibi
480 2093 607 2143 videretur
623 2091 689 2142 hene
711 2092 764 2143 vim
781 2090 888 2151 bebere,
906 2101 934 2140 ut
952 2097 1033 2141 erret:
1056 2104 1165 2154 poenum

115 2161 221 2213 solvere.
239 2185 273 2197 -
295 2175 317 2210 o.
336 2161 380 2214 41.
400 2158 529 2211 Sohoeieri
544 2161 609 2212 ooni.
629 2156 794 2212 διελέλειπτο
812 2160 974 2211 eoniirmetur
990 2173 1036 2224 per
1052 2158 1169 2210 libros?

116 2224 306 2295 (διέλειπτενε)
324 2239 350 2280 et
364 2230 407 2280 Pi(
422 2223 556 2295 (διέλειπί
572 2229 626 2295 τε),
642 2258 677 2270 -
690 2248 714 2286 o.
733 2229 777 2289 49,
794 2230 819 2280 1.
838 2229 878 2280 lix
896 2228 1010 2293 eoquod
1029 2228 1104 2278 eodo.
1123 2228 1166 2279 SV

115 2298 249 2359 exhibent,
273 2296 403 2364 κομίσαι,
430 2301 523 2350 reetiue
547 2300 671 2351 eerihetnr
695 2298 823 2366 νομίσεαι
848 2315 924 2363 quom
946 2296 1071 2363 κομίεαι,
1096 2299 1166 2361 qnod

116 2366 239 2419 Greeeum
257 2384 308 2419 non
324 2384 381 2420 esee
400 2369 581 2423 demonstravit
604 2368 680 2421 Bred.
697 2387 724 2436 p.
743 2369 805 2422 378.
825 2394 861 2428 ·-,
888 2386 912 2420 e.
933 2368 1011 2428 rut
1053 2384 1081 2419 ro
1105 2357 1170 2426 tri>

115 2430 252 2503 δυνάμιος
269 2439 360 2504 eoripri
377 2453 435 2489 oum
449 2436 534 2494 Strnv.
551 2454 621 2505 epeo.
638 2441 690 2505 lp.
708 2443 743 2493 42
757 2439 820 2505 (eir.
835 2437 901 2488 Eltz.
917 2453 943 2504 p.
959 2436 1024 2500 123)
1034 2380 1065 2495 {e
1080 2429 1166 2486 τό.-

117 2523 138 2556 ο.
148 2507 191 2558 611.
211 2505 368 2572 Scriptorum
383 2507 442 2558 nid.
461 2505 534 2559 SVee
551 2499 677 2573 πλήθεος
691 2501 826 2575 ἀριθμόν,
845 2523 891 2574 pro
909 2523 959 2573 quo
977 2507 1077 2559 MPKi'b
1094 2505 1168 2558 exhi-

117 2578 174 2626 bent
189 2573 303 2639 πλῆθος
320 2566 348 2634 ἐς
365 2568 505 2642 ἀριθμόν,
526 2578 635 2643 probavi
656 2595 715 2631 enm
732 2579 823 2629 Velek.
843 2587 868 2627 et
883 2576 976 2627 Bernb.
994 2575 1036 2629 Gr.
1053 2575 1124 2642 Synt.
1139 2590 1166 2641 p.

116 2644 182 2709 rte,
207 2647 291 2712 magis
313 2648 463 2697 enotomtate
484 2647 590 2697 illomm'
601 2648 735 2709 librorum,
756 2662 833 2711 quem
850 2645 900 2696 atta
917 2661 1007 2696 eenoee
1025 2656 1169 2712 pennotus.

117 2714 181 2764 rum
199 2725 266 2769 reete
282 2715 402 2768 Reiehino
419 2717 539 2766 iibrornm
557 2708 727 2779 συνάξοντες
746 2716 852 2767 mutavit
874 2715 901 2764 in
915 2708 1111 2776 συννάξαντες.
1131 2739 1169 2752 -

117 2797 140 2833 ο.
162 2784 195 2833 72
213 2799 366 2848 quemquem
390 2800 481 2837 omnes
497 2786 551 2836 iere
568 2787 626 2837 libri
643 2778 733 2848 Σύροι
751 2785 885 2845 exhibent,
907 2793 991 2835 temen
1008 2775 1110 2847 Σύριοι
1128 2798 1170 2834 re·
1239 2790 1244 2801 '

117 2851 287 2903 mribendnm.
324 2853 376 2909 Gir.
395 2854 470 2906 Bred.
488 2869 515 2921 p.
529 2855 571 2910 70.
596 2881 631 2893 -
654 2872 676 2910 o.
694 2855 738 2908 76.
756 2855 792 2906 De
810 2854 902 2905 leoune
919 2854 972 2905 vid.
990 2852 1064 2905 Bred.
1080 2867 1106 2918 ρ.
1124 2853 1166 2903 14.

118 2945 148 2957 -
159 2935 181 2973 ο.
198 2919 243 2976 86.
261 2914 417 2986 linientem
433 2939 481 2991 pro
498 2923 618 2977 librorum
634 2917 759 2979 Κάσπιοι
774 2925 814 2976 vel
827 2915 929 2977 Κάσιον
945 2923 1075 2975 substituit
1088 2923 1170 2983 Reiz„

116 3006 162 3041 neo
181 3002 265 3043 temen
281 2993 309 3043 id
327 2994 396 3045 omui
413 2993 571 3049 dubitatione
587 3005 741 3061 exemptum.
757 3022 792 3033 -
810 3010 834 3048 e.
852 2991 897 3048 bo.
918 2982 1134 3044 irritaverunt
1152 3004 1170 3040 n

10 3114 11 3117 ,
116 3056 194 3113 Beli.
214 3062 337 3126 rotimum
356 3069 409 3125 eet,
437 3078 516 3127 quum
539 3063 582 3114 SV
601 3080 658 3115 eunt
676 3065 748 3116 linet.
767 3079 794 3131 ρ.
812 3062 865 3116 234
880 3082 917 3109 =
934 3063 985 3114 177
998 3051 1171 3112 immotum

115 3126 252 3208 (Wins-
272 3130 306 3181 ed
323 3131 384 3184 Her.
399 3142 465 3183 aeut.
483 3131 559 3198 288),
577 3134 596 3186 F
615 3149 673 3185 eum
688 3133 747 3186 edu
767 3141 829 3188 vett.
846 3122 1025 3193 ίστελιίδατο,
1041 3131 1060 3181 d
1077 3122 1168 3179 ίσιιεο·

114 3193 203 3248 noeto
221 3199 394 3256 exhiberent,
416 3202 476 3254 vid.
491 3202 567 3253 Bred.
584 3217 610 3269 ρ.
630 3202 692 3258 323.
721 3228 756 3240 -
784 3218 808 3255 ο,
834 3201 869 3254 95
897 3209 955 3267 poet
978 3191 1009 3250 σί
1027 3191 1058 3249 δὲ
1073 3192 1172 3248 λοιποί

115 3279 183 3319 τισιν
200 3268 357 3336 Weoeeiing.
373 3262 404 3320 σί
417 3272 532 3325 muron.
566 3273 627 3324 1113.
647 3271 750 3323 Herold.
771 3271 788 3323 1.
804 3287 827 3327 e.
844 3285 872 3337 ρ.
891 3270 933 3325 to.
947 3285 1014 3319 -o.
1025 3268 1076 3320 100
1091 3281 1169 3331 quum

116 3350 204 3389 omnen
221 3337 280 3390 libri
299 3329 608 3405 rr'owpootexhiberent
625 3339 658 3407 (S
674 3335 704 3391 τί
720 3338 803 3407 om),
828 3341 906 3402 idque
927 3347 996 3389 reete
1017 3337 1114 3387 dietum
1132 3337 1169 3385 vi·

116 3406 227 3470 dimi»
242 3407 315 3461 nolui
332 3425 389 3462 eum
405 3408 543 3462 Seheeiero
559 3412 700 3463 orationem
718 3411 900 3476 elegantiorem
915 3417 940 3457 et
957 3406 1097 3456 ieeiliorem
1112 3405 1172 3481 red:

116 3474 177 3527 dere
191 3468 347 3543 ήριθμήθη
362 3480 505 3531 teribendo.
525 3507 559 3519 -
577 3496 599 3533 o.
618 3480 678 3530 101.
698 3477 727 3528 τί
742 3481 768 3529 in
783 3479 841 3528 eliis
859 3477 930 3527 iibrie
945 3473 1011 3527 mele
1033 3481 1092 3538 poet
1115 3463 1173 3535 ήδν
