2618 3928
205 240 265 303 120
579 242 829 301 HERODOTI

202 400 418 488 καλΛημνον.
455 398 581 470 Ἐκείνα
601 401 663 488 μὲν
684 399 725 487 δὴ
736 397 905 479 Ἑκαταῖος
921 405 1025 488 ἔλεξε,
1047 406 1152 468 ταῦτα
1173 401 1211 468 δὲ

136 521 188 576 138
198 498 372 588 Ἀθηναῖοι
386 505 531 589 λέγουσι.
578 507 624 571 Οί
638 501 674 570 δὲ
690 503 858 587 Πελασγοὶ
873 492 966 568 οὗτοι
979 506 1120 588 Λῆμνον
1133 498 1211 568 τότε

202 599 381 685 νεμόμενοι
402 604 458 670 παλ
478 601 681 689 βουλόμενοι
701 596 780 678 τοὺς
797 596 997 684 Ἀθηναίους
1019 597 1207 685 τιμωρησα-

203 710 302 785 σθαι,
318 691 358 766 A
370 725 407 768 τε
422 701 670 787 ἐξεπιστάμενοι
679 695 739 777 τάς
753 694 943 784 Ἀθηναίων
954 695 1071 783 ὁρτὰς,
1086 719 1210 780 πεντη-

202 800 382 886 κοντέρους
403 797 604 884 κτησάμενοι
619 796 783 883 ἐλόχησαν
800 792 961 882 Ἀρτέμιδι
979 797 1017 863 έν
1029 799 1209 882 Βραυρῶνι

203 893 350 982 ἀγούσας
365 891 468 981 ὁρτὴν
480 892 539 975 τοὶς
553 901 622 963 τών
639 892 828 1013 Ἀθηναίων
848 905 1027 979 γυναῖκας,
1049 893 1210 960 ἐνθεῦτεν

203 990 270 1061 δὲ’
254 991 463 1080 αρπάσαντες
473 992 603 1062 τούτων
613 989 738 1070 πολλὰς
749 999 879 1077 ολχοντο
894 987 1139 1075 ἀναπλώοντες,
1154 993 1213 1057 καί

204 1110 307 1176 σφεας
322 1093 355 1169 ές
368 1097 508 1179 Λῆμνον
522 1088 704 1177 ἀγαγόντες
725 1086 896 1167 παλλακὰς
911 1086 1060 1175 ελχον.θ
1039 1114 1083 1167 ας
1104 1087 1140 1157 δὲ
1155 1087 1210 1153 τέ-

204 1214 297 1258 κνων
311 1182 410 1258 αὗται
426 1196 463 1260 αί
473 1206 631 1277 γυναῖκες
641 1172 918 1277 ὑπεπλήσθησαν,
936 1189 1093 1274 γλώσσάν
1102 1208 1138 1257 τε
1148 1184 1207 1274 τὴν

199 1284 351 1375 Ἀττικηυ
371 1290 426 1357 καὶ
451 1290 598 1375 τρόπους
615 1287 697 1368 νοός
716 1287 905 1376 Ἀθηναίων
931 1290 1106 1359 ἐδίδασκον
1131 1285 1209 1367 τοὺς

204 1389 332 1464 παῖδας.
356 1390 390 1455 οί
404 1387 500 1457 ab*
457 1413 535 1458 ουτε
548 1395 795 1476 συμμίσγεσθαι
809 1400 896 1457 τοῖσι
912 1390 948 1456 ἐκ
962 1395 1031 1456 τών
1044 1393 1210 1473 Πελασγί-

205 1487 275 1551 δων
290 1492 463 1568 γυναικών
479 1489 573 1555 παισὶ
590 1486 734 1573 ἤθελον,
756 1495 789 1554 εί
801 1512 837 1553 τε
856 1486 1014 1555 τόπτοιτό
1032 1512 1083 1564 τις
1097 1481 1209 1552 αὐτῶν

203 1579 264 1647 ὑπ’
273 1583 411 1650 ἐκείνων
421 1581 522 1670 τινός,
537 1582 703 1672 ἐβοήθεόν
712 1609 749 1652 τε
759 1584 882 1664 πάντες
892 1585 948 1653 καὶ
960 1583 1140 1672 ἐτιμώρεον
1149 1579 1209 1650 ἀλ-

203 1681 350 1768 λήλοισι·
373 1682 428 1748 καλ
443 1679 483 1768 δὴ
501 1684 557 1749 καλ
573 1679 686 1769 ἀρχειν
699 1689 815 1751 τετῶν
827 1686 959 1751 παίδων
971 1686 1005 1751 οδ
1015 1685 1130 1760 παῖδες
1140 1681 1210 1748 έδι-

203 1786 321 1848 παίευν
333 1780 388 1846 καλ
399 1777 526 1847 πολλὸν
537 1780 747 1867 ἐπεκράτεον.
763 1782 931 1869 μαθόντες
942 1782 1092 1867 δὲταῦτα
1103 1784 1209 1846 offle-

203 1878 321 1962 λασγολ
342 1880 493 1945 ἑωυτοῖσι
514 1877 636 1964 λόγους
658 1881 828 1952 ἐδίδοσαν·
855 1887 913 1949 καί
925 1899 986 1966 σφι
1005 1877 1211 1967 βουλευομέ-

203 1997 293 2045 νοισι
315 1976 428 2045 δεινόν
449 2003 480 2045 τι
501 1980 652 2064 ἐσέδυνε,
675 1986 705 2051 εί
725 1979 765 2068 δη
788 1979 1042 2067 διαγινώσκοιεν
1063 1982 1158 2062 σφίσι
1174 1999 1209 2042 τε
1291 2006 1292 2089 ρ

203 2078 362 2161 βοηθέειν
376 2079 410 2143 οί
422 2080 536 2155 παῖδες
550 2075 634 2161 πρός
648 2085 715 2147 τών
730 2080 929 2166 κουριδιέων
943 2082 1116 2163 γυναικών
1130 2069 1210 2150 τούς
1291 2096 1292 2157 ρ

204 2175 324 2251 παῖδας
344 2175 400 2241 καλ
419 2174 550 2242 τούτων
566 2171 684 2242 αὐτίκα
705 2174 818 2262 ἀρχειν
836 2174 1017 2266 πειρῴατο,
1036 2180 1071 2241 τί
1085 2170 1125 2259 δη
1147 2168 1210 2239 ἀν-

203 2276 392 2358 δρωθέντες
404 2276 510 2359 δῆθεν
521 2274 708 2360 ποιήσουσι.
734 2277 881 2343 ἐνθαῦτα
894 2278 988 2356 ἔδοξέ
995 2293 1056 2361 σφι
1066 2280 1211 2342 κτείνειν
1291 2280 1292 2315 ¹

202 2368 281 2448 τοδς
293 2373 413 2447 παῖδας
424 2368 503 2450 τοδς
516 2373 552 2440 έκ
563 2379 632 2439 τών
642 2370 815 2440 Ἀττικέων
826 2380 1007 2458 γυναικών.
1023 2379 1156 2441 ποιεῦσι
1166 2369 1209 2458 δη

202 2473 316 2552 ταῦτα,
330 2469 626 2551 προσαπολλύουσι
640 2473 680 2538 δέ
687 2489 802 2557 σφεων
813 2474 868 2541 κοιλ
879 2471 938 2552 τάς
950 2475 1100 2560 μητέρας.
1127 2468 1208 2538 'And

140 2576 143 2583 '
202 2563 325 2633 τούτου
340 2563 377 2633 δὲ
390 2570 452 2633 τοῦ
466 2571 568 2654 ἔργον
579 2571 705 2636 καὶτοῦ
717 2572 883 2657 προτέρου
893 2569 1039 2652 τούτων,
1056 2567 1093 2637 τό
1109 2569 1210 2654 έργά-

204 2685 305 2731 σαντο
320 2668 357 2734 ac
374 2678 532 2751 γυναῖκες
547 2664 627 2747 τοδς
647 2666 717 2756 ἅμα
737 2668 862 2738 Θόαντι
881 2669 1007 2756 ἀνδρας
1026 2672 1210 2755 σφετέρους
1291 2672 1292 2719 λ

204 2760 456 2853 ἀποκτείνασαι,
481 2767 675 2854 νενόμισται
693 2764 757 2836 ἀντὶ
778 2766 840 2854 τὴν
855 2765 997 2838 Ἑλλάδα
1016 2766 1056 2835 τοὶ
1078 2768 1210 2852 σχέτλια

136 2877 186 2933 139
204 2868 284 2946 ἔργα
296 2863 544 2952 πανταΛημνια
556 2869 744 2936 καλέεσθαι
763 2865 990 2936 Αποκτείνασι
1002 2866 1038 2935 δὲ
1048 2871 1209 2934 τοίσιΠε-

204 2967 355 3044 λασγοῖσι
369 2960 448 3041 τοδς
463 2967 644 3051 σφετέρους
656 2964 776 3053 παϊδός
786 2991 822 3034 τε
832 2967 887 3033 καὶ
900 2978 1062 3051 γυναῖκας
1074 2961 1151 3033 οὔτε
1164 2968 1209 3057 γῆ

204 3052 334 3143 καρπόν
352 3060 507 3183 έρερε”
464 3086 542 3130 ουτε
556 3068 713 3148 γυναῖκές
726 3090 761 3132 τε
776 3067 839 3133 καλ
849 3078 988 3154 ποῖμναι
1002 3061 1123 3150 ὁμοίως
1140 3050 1210 3149 ἔτι

203 3183 284 3227 κτον
276 3146 353 3227 καὶ
369 3158 434 3248 πρδ
451 3186 522 3252 του.
551 3163 738 3252 πιεζομενοι
753 3165 789 3232 δ
803 3172 899 3255 λιμῷ
904 3189 940 3232 τε
954 3165 1009 3232 καὶ
1023 3159 1161 3249 ἀπάιδίη
1176 3161 1210 3238 ές

202 3255 362 3342 Δελφοδς
362 3246 536 3380 ἔπεμπον,
551 3263 652 3352 λώσιν
665 3289 740 3331 τινα
729 3261 969 3351 αἰτησόμενοι
982 3269 1051 3330 τών
1061 3261 1195 3349 παρεόν

203 3380 271 3421 των
284 3360 406 3453 κακῶν
428 3383 449 3442 η
437 3354 498 3425 δδ
509 3340 624 3447 Πυθίη
636 3364 739 3447 σφέας
750 3357 901 3433 έκέλευε’
897 3368 1100 3449 Αθηναίοισι
1115 3363 1210 3439 δίκας

204 3451 335 3520 διδόναι
346 3446 477 3540 ταύτας,
492 3455 605 3535 τάςάν
617 3457 712 3527 αὐτοὶ
720 3463 894 3546 Ἀθηναῖοι
909 3460 1078 3528 δικάσωσι.
1098 3451 1208 3546 ἦλθόν
1290 3480 1292 3607 Ι

1270 3120 1292 3157 ¹<
