2568 3938
347 275 433 333 ιιι.
457 274 501 333 111.
533 278 630 336 τεο.
652 280 794 338 το-οε.
869 338 873 343 ,
1001 242 1072 342 ἓνοο

38 440 52 510 J
77 432 110 503 66
119 433 377 523 στρατευόμενος
388 435 518 520 ἐγένετο
531 437 568 502 ἐν
576 432 886 526 Θήβησι,’ἀπίκρινε
897 445 958 507 τοῦ
968 457 1070 525 στρα-
1186 454 1190 461 “
1229 475 1233 483 ·

75 539 131 600 τοῦ
151 530 194 613 ὡς
215 536 315 601 πέντε
336 532 522 620 μυριάδας,
544 532 600 601 καλ
623 532 772 602 τούτοισι
796 536 860 620 μέν
877 538 1069 605 ’ἐνετέλλετο
1193 586 1196 591 ,

56 630 58 633 ’
77 632 269 716 Αμμωυίους
283 632 671 719 ’ἐξανδραποδισαμένους
684 631 721 702 τό
736 635 939 724 χρηστήριον
953 632 990 703 τὸ
1007 639 1069 703 τοῦ
1083 653 1086 658 “

74 727 151 809 Διὸς
165 733 345 850 ἐμπρῆσαι,
368 728 477 810 αὐτὸς
483 731 526 799 66·
540 729 600 800 τόν
615 728 735 800 λοιπόυ
754 731 847 851 άγων
861 732 1004 822 στρατὸν
1016 732 1070 822 ἤιε
1181 799 1185 804 ,

57 822 210 907 Ιἐπὶτοάς
224 833 400 907 Λάθίοπας.
430 831 510 915 πρὶν
525 830 562 898 66
581 836 641 917 της
653 824 784 896 6666
750 855 788 898 το
805 833 956 917 πέμπτον
970 834 1070 918 μέρος
1183 824 1185 827 ’

73 925 354 1024 διεληλυθέναι
317 954 380 1016 την
393 926 553 1017 στρατιὴν
569 926 689 996 αὐτίκα
702 924 812 996 πάντα
826 927 951 1050 αάμοάς
964 928 1004 999 τά
1021 955 1057 998 ει
1149 942 1152 948 ’

71 1051 127 1113 χον
145 1035 259 1097 σιτίων
274 1028 425 1116 έχύμενα
441 1032 665 1112 ἐπελελοίπεε,
687 1023 769 1112 μετά
789 1025 882 1096 66
844 1053 886 1096 πα
905 1036 993 1099 σιτία
1012 1031 1068 1099 καὶ

70 1155 107 1194 τα
96 1125 284 1215 ὑποζύγια
299 1131 433 1198 ἐπέλιπε
453 1125 708 1213 κατεσθιόμενα.
732 1132 764 1194 εί
780 1130 844 1217 μέν
862 1153 929 1197 νυν
944 1127 1068 1224 μαθων·
1137 1157 1140 1163 ’
1199 1177 1202 1184 ·

26 1250 28 1255 ·
70 1231 168 1293 ταῦτα
193 1252 211 1295 ο
215 1226 413 1314 Καμβύσης
433 1224 655 1314 ἐγνωσιμάχεε
674 1221 773 1293 κάλ’
754 1231 861 1313 απῆγε
881 1223 987 1297 ὀπίσω
1005 1226 1067 1296 τὸν

69 1322 217 1448 στρατὸν,
233 1327 287 1394 ἐπὶ
297 1351 337 1414 τη
323 1321 498 1412 ἀρχῆθεν
512 1326 676 1413 γενομένῃ
690 1316 894 1411 ἁμαρτάδι
869 1352 915 1413 ην
925 1321 969 1394 ἀν
980 1324 1066 1447 ἀνὴρ

69 1422 188 1514 σοφὰς,
207 1431 275 1493 νῦν
295 1426 331 1494 66
352 1421 475 1493 ούδένα
492 1424 595 1510 λόγον
615 1422 816 1522 ποιεύμενος
833 1422 887 1517 ἤιε
901 1431 937 1494 αί
923 1427 964 1495 ίεὶ
980 1423 1062 1505 ἐς
1027 1451 1065 1493 το

68 1521 187 1613 πρόσω.
217 1527 253 1592 oc
272 1521 308 1591 66
332 1524 528 1611 στρατιῶται
549 1523 611 1601 ἕως
631 1523 705 1609 μίν
715 1547 747 1591 τι
769 1520 860 1609 εἶχον
879 1526 971 1593 ἐπ’
932 1550 989 1612 της
1005 1529 1071 1645 γῆςΙ
1128 1555 1131 1562 ·

65 1621 258 1748 λαμβμυειν,
273 1623 535 1707 ποιηφαγέοντες
548 1623 695 1708 διέζωον,
712 1622 782 1691 ἐπεὶ
797 1623 833 1691 66
849 1619 934 1703 ἐς
897 1649 960 1711 την
973 1622 1065 1711 666-
1131 1680 1135 1686 .
1170 1640 1174 1648 “

65 1748 128 1807 μον
141 1720 319 1807 ἀπίκοντο,
336 1717 450 1788 δεινὸν
464 1724 565 1807 ἔργον
578 1716 692 1791 αυτων
704 1746 792 1801 τινες
806 1720 1007 1809 ἐργάσαντο
1028 1724 1066 1790 ἐκ
1163 1722 1168 1731 ’

64 1823 199 1909 δεκάδος
220 1816 297 1908 γάρ
303 1822 363 1887 ἕνα
383 1822 498 1907 σφέων
518 1816 631 1941 αύτάν
650 1816 951 1908 ἀποκληρώσαντες
967 1824 1066 1891 κατέ·
1272 1888 1273 1901 ³

63 1945 179 2038 ραγον.
207 1917 421 2015 πυθόμενος
424 1919 584 1986 δὲταῦτα
604 1915 623 1986 6
645 1917 846 2007 Καμβύσης,
868 1921 979 1999 δείσας
1002 1916 1065 2008 τὴν
1168 1987 1171 1993 ,
1272 1912 1273 1949 6

64 2008 332 2105 ἀλληλοφαγίην,
358 2012 507 2095 ἀπεὶς
472 2041 533 2085 τον
553 2013 607 2085 ἐπ’
623 2022 793 2109 Αίθίοπας
814 2016 936 2087 στύλον
958 2015 1064 2087 ὀπίσω

63 2116 258 2219 ἐπορεύετο,
280 2116 336 2184 καλ
355 2110 546 2183 ἀπικνέεται
566 2115 599 2193 ές
613 2103 726 2201 Θήβας
740 2113 887 2195 πολλούς
900 2111 1065 2195 ἀπολέσας

61 2213 117 2279 τοῦ
136 2219 293 2301 στρατοῦ.
322 2215 361 2281 ἐκ
380 2212 578 2301 Θηβέωνδέ
599 2208 749 2299 καταβάς
765 2213 799 2341 ἐς
822 2214 965 2303 Μέμφιν
983 2211 1065 2292 τούς
1167 2232 1170 2238 ·

11 2328 13 2333 “
57 2307 249 2432 Ἐλληνας’
229 2317 336 2398 απῆκε
350 2304 551 2379 άποπλάειν.

133 2406 251 2532 Ὧμὲν
266 2404 319 2477 ἐπ’
334 2406 503 2488 Αίθίοπας
515 2403 693 2500 πόλεις’
649 2431 739 2476 ουτω
753 2390 922 2495 ἐπρηξε,ο
922 2404 982 2477 ί’δ
997 2404 1061 2476 66-
1074 2418 1116 2477 66

59 2513 124 2574 τάν
143 2504 197 2575 ἐπ’
217 2504 425 2594 ’Λμμωυίους
444 2502 685 2585 ἀποσταλέντες
697 2504 958 2593 στρατεύεσθαι,
972 2504 1064 2575 ἐπεί-

56 2629 90 2672 τε
103 2602 313 2693 ὁρμηθέντες
327 2607 391 2674 ἐκ
377 2611 447 2672 τάν
457 2598 597 2692 Θηβέων
611 2602 812 2690 ἐπορεύοντο
827 2602 989 2691 έχοντες’
969 2629 1061 2690 αγω-

54 2701 153 2790 γούς,
168 2700 370 2789 ἀπικόμενοι
385 2704 447 2789 μὲν
462 2706 608 2790 φανεροί
619 2707 681 2770 είσι
693 2701 727 2780 ἐς
734 2698 851 2769 Ὄασιν
864 2699 981 2787 πόλιν,
996 2699 1060 2788 τὴν

55 2803 166 2886 έχουσι
192 2802 257 2888 μέν
277 2797 403 2888 Σάμιοι
427 2807 485 2889 τῆς
503 2805 726 2887 Αἰσχριωνίης
750 2805 859 2887 φυλάς
882 2799 1059 2887 λεγόμενοι

55 2899 154 2987 εἶναι,
175 2897 337 2987 ἀπέχουσι
354 2899 391 2968 66
406 2897 486 2971 έπτά
500 2895 652 2987 ἡμερέων
666 2893 750 2965 δδόν
760 2893 828 2965 ’ἀπὸ
846 2899 986 2984 Θηβέων
1001 2896 1057 2967 διά

18 3026 21 3031 ·
53 2997 210 3087 ψάμμον,
234 2996 505 3087 ούνομάζεταιδέ
490 2995 540 3067 66
552 3004 668 3086 χοῖρος
683 2987 781 3076 οὗτος
797 2992 881 3065 κατὰ
889 2993 1059 3085 Ἑλλήνων

54 3104 210 3182 γλῶσσαν
223 3097 403 3185 Μακάρων
419 3103 529 3184 νῆσος.
559 3099 592 3177 ές
605 3097 668 3184 μὲν
681 3091 723 3182 66
738 3100 860 3162 τοῦτον
873 3090 934 3162 τδν
945 3101 1058 3220 χοῖρον

53 3199 194 3285 λέγεται
189 3195 428 3269 ἀπικέσθαι
393 3225 454 3268 τον
471 3196 682 3319 στρατὸν,το
671 3195 859 3265 ἐνθεῦτεν
870 3194 963 3283 66,‘'
942 3221 993 3263 οτι
1010 3194 1055 3284 μή

54 3293 147 3366 αὐτοὶ
154 3294 347 3391 Ἀμμάνιοι
366 3299 473 3366 καλοί
489 3296 620 3365 τούτων
635 3292 856 3420 ἀκούσαντες,
878 3285 973 3365 ἄλλοι
995 3290 1058 3359 ού·

12 3475 15 3481 .
54 3381 145 3474 δένες
161 3386 266 3462 οὐδέν
281 3396 393 3480 έχουσι
404 3399 509 3465 εἰπεῖν
522 3392 655 3480 περὶ
613 3418 741 3463 αυτωυ
763 3390 841 3463 οὔτε
854 3387 919 3477 γάρ
931 3391 965 3468 ἕο
977 3387 1058 3469 τούς

50 3486 444 3656 Αμάἓλίῡνσιάπίκοντο
465 3493 542 3567 οὔτε
568 3483 674 3569 ὀπίσω
700 3488 1058 3652 ἀνέστησανιὸλέγεται

173 3603 229 3648 τοι
391 3624 394 3630 ,
