2582 3936
207 242 270 305 ‘222
582 246 832 306 flssssonon

209 405 267 488 λέί,
279 399 345 469 ὑπό
358 400 395 470 δέ
405 398 586 489 ἀναγκαίης
598 403 747 489 ἐχόμενοι
755 405 1013 491 ἐςΘερμοπύλας
1024 404 1213 492 ἀπικοίατο,

207 506 262 570 καὶ
278 499 421 570 ἀναίτιοι
437 501 503 569 εἷεν
526 509 587 570 τοῦ
600 503 771 588 τρώματος
789 508 851 570 τοῦ
866 503 1045 589 γεγονότος
1063 508 1200 591 βασιλέι
1205 532 1212 545 ·
1285 532 1286 563 ὲ

207 599 253 680 όές
267 626 301 668 τε
315 606 419 668 ταῦτα
435 605 588 686 λέγοντες
602 606 848 686 περιεγίνοντο·
872 598 961 686 εἶχον
975 599 1041 689 γάρ
1056 608 1115 672 καί
1126 613 1212 672 Θεσ-
1285 628 1286 631 ’

206 697 330 776 σαλούς
344 705 412 766 τῶν
430 698 543 784 λόγων
557 700 687 767 τούτων
702 700 882 787 μάρτυρας.
919 695 971 766 Οὐ
985 701 1103 785 μέντοι
1120 702 1164 768 τά
1176 727 1213 787 γε
1284 700 1286 757 3

206 796 315 864 πάντα
334 794 536 882 εὐτύχησαν·
566 795 610 876 ὡς
630 794 695 885 γάρ
713 794 837 876 αύτούς
853 801 975 883 ἔλαβον
996 801 1031 866 οί
1043 799 1210 886 βάρβαροι

206 895 385 980 έλθόντας,
409 894 489 975 τούς
508 900 571 982 μέν
589 922 683 976 τινας
702 900 758 965 καὶ
780 893 977 964 ἀπέκτειναν
997 897 1210 985 προσιόντας,

206 993 285 1074 τούς
299 996 335 1063 δέ
346 1002 491 1075 πλεῦνας
505 993 618 1065 αὐτῶν
632 996 852 1074 κελεύσαντος
861 996 988 1082 Ξέρξεω
1000 1000 1131 1076 ἔστιζον
1143 1005 1212 1065 στί-

206 1121 314 1182 γματα
324 1095 496 1181 βασιληία,
507 1093 687 1182 ἀρξάμενοι
699 1090 764 1160 ἀπὸ
775 1099 837 1161 τοῦ
848 1098 1035 1178 στρατηγοῦ
1047 1096 1210 1163 Λεοντιά-

206 1199 288 1277 δεω,
310 1198 371 1260 τοῦ
384 1190 446 1259 τόν
460 1197 562 1262 παίδα
575 1191 779 1278 Εὐρύμαχον
795 1190 906 1280 χρόνῳ
920 1193 1112 1275 μετέπεισεν
1129 1191 1208 1278 έφό-
1286 1270 1287 1279 ,

205 1310 332 1358 νευσαυ
346 1295 524 1369 Πλαταιέες
539 1288 808 1377 στρατηγήσαντα
826 1284 962 1375 ἀνδρῶν
976 1292 1137 1373 Θηβαίων
1160 1315 1202 1357 τε

205 1393 393 1470 τρακοσίωυ
410 1390 465 1454 καὶ
479 1387 600 1473 σχόντα
614 1384 651 1454 τὸ
669 1382 753 1454 ἀστυ
766 1383 803 1454 τό
818 1387 1023 1453 Πλαταιέων.

137 1500 189 1552 234
289 1488 333 1551 Οί
345 1485 407 1569 μὲν
422 1480 462 1569 δὴ
479 1486 554 1570 περὶ
568 1482 788 1574 Θερμοπύλας
800 1479 958 1567 Ἕλληνες
974 1479 1062 1547 οὕτω
1083 1479 1211 1567 ἠγωνί-

205 1602 324 1666 σαντο,
340 1585 462 1667 ,Ξέρξης
476 1584 513 1649 δὲ
526 1585 666 1659 καλέσας
676 1581 881 1668 Δημάρητον
893 1580 1011 1667 είροίτα
1022 1577 1212 1667 ἀρξάμενος

205 1682 359 1747 ἐνθένδε·
384 1679 583 1767 Δημάρητε,
604 1677 690 1766 ἀνὴρ
712 1678 758 1758 εἷς
771 1675 908 1766 ἀγαθός.
937 1687 1159 1768 τεκμαίρομαι
1176 1682 1212 1749 δὲ

204 1783 244 1866 τη
257 1772 414 1865 ἀληθείη·
437 1772 499 1843 ὅσα
512 1773 577 1864 γάρ
589 1776 692 1864 εἶπας,
707 1775 837 1845 ἅπαντα
851 1775 956 1865 ἀπέβη
971 1776 1068 1846 οὕτω.
1094 1787 1164 1848 νῦν
1175 1784 1215 1850 δέ

205 1901 262 1962 μοι
278 1876 366 1961 εἰπὲ,
387 1874 483 1943 κόσοι
500 1879 588 1954 τινές
603 1881 665 1945 τίσι
681 1879 715 1942 οί
729 1879 838 1943 λοιποί
852 1875 1131 1963 Λακεδαιμόνιοι,
1156 1880 1213 1946 καλ

204 1974 335 2042 τούτων
349 1972 464 2044 ὁκόσοι
484 1982 630 2043 τοιοῦτοι
649 1973 689 2044 τά
709 1981 866 2062 πολέμια,
891 1984 956 2042 είτε
976 1980 1031 2043 καὶ
1052 1973 1213 2055 ἅπαντες,
1286 1973 1288 1993 “

199 2071 235 2141 ‘O
251 2071 283 2140 δ’
300 2071 385 2142 είπε·
410 2068 450 2142 ’ίδ
464 2080 618 2161 βασιλεῦ,
640 2080 770 2159 πλῆθος
785 2074 847 2158 μὲν
861 2072 999 2139 πάντων
1013 2079 1082 2140 τοῖν
1097 2080 1214 2142 Λακε-

204 2177 387 2259 δαιμονίων
403 2171 529 2243 πολλόν
543 2176 599 2241 καὶ
615 2175 728 2252 πόλιες
741 2179 876 2242 πολλαί·
903 2169 941 2238 τὸ
957 2174 993 2238 δὲ
1009 2173 1139 2250 ἐθέλεις
1156 2174 1214 2240 έκ-

202 2281 344 2357 μαθεῑν,
359 2272 507 2356 εἰδήσεις.
533 2276 601 2338 ἔστι
616 2273 653 2336 έν
665 2278 705 2358 τῇ
716 2274 940 2356 Λακεδαίμονι
954 2269 1097 2357 Σπάρτη
1112 2271 1214 2349 πόλις

202 2369 338 2454 ἀνδρῶν
353 2366 605 2454 ὀκτακισχιλίων
615 2368 757 2454 μάλιστά
769 2396 823 2456 κη,
839 2369 894 2435 καὶ
904 2359 999 2435 ούτοι
1009 2365 1135 2447 πάντες
1147 2373 1213 2437 scal

202 2470 311 2557 ὁμοῖοι
325 2483 409 2537 τοῖσι
421 2468 545 2537 ἐνθάδε
556 2472 827 2556 μαχεσαμένοισι·
850 2471 934 2554 οἵγε
948 2463 1016 2554 μὴν
1026 2465 1125 2535 ἀλλοι
1135 2477 1212 2537 Λα-

202 2566 408 2654 κεδαιμόνιοι
427 2566 575 2636 τούτοισι
590 2571 653 2653 μὲν
673 2566 736 2636 ούκ
753 2565 880 2654 ὁμοῖοι,
902 2564 1026 2651 ἀγαθοὶ
1041 2569 1085 2635 δέ.
1123 2566 1210 2635 Είπε

159 2730 161 2735 ,
201 2663 286 2753 πρὸς
299 2671 402 2732 ταῦτα
413 2666 550 2751 Ξέρξης·
572 2666 763 2752 Δημάρητε,
775 2668 837 2756 τέςο
848 2665 961 2755 τρόπω
972 2663 1210 2751 ἀπονητότατα

200 2772 268 2833 τῶν
279 2761 413 2851 ἀνδρῶν
425 2763 554 2832 τούτων
566 2765 845 2852 έπικρατήσομευ;
860 2773 912 2831 ίθι
924 2765 1064 2848 έξηγέεο.
1082 2762 1128 2831 σύ
1139 2761 1209 2851 γάρ

200 2871 282 2950 ἔχεις
304 2862 415 2930 αὐτῶν
435 2860 495 2941 τάς
509 2863 679 2942 διεξόδους
693 2870 761 2932 τῶν
775 2862 1016 2950 βουλευμάτων
1030 2856 1085 2929 οἷα
1106 2869 1209 2951 βασι-

131 2981 183 3034 235
198 2960 277 3041 λεύς
289 2963 478 3047 γενόμενος.
512 2961 549 3029 ‘0
563 2961 600 3029 δέ
614 2960 784 3050 ἀμείβετο·
807 2958 846 3028 Ὠ
863 2967 1018 3048 βασιλεῦ,
1041 2966 1072 3028 εί
1083 2960 1149 3045 μέν
1166 2959 1208 3046 δη

201 3059 449 3146 συμβουλεύεαί
460 3086 516 3144 μοι
531 3061 732 3146 προθύμως,
755 3059 886 3129 δίκαιόν
899 3062 944 3144 μέ
960 3064 1017 3125 σοί
1027 3059 1097 3125 ἐστι
1114 3059 1209 3144 φρά-

131 3232 139 3245 ‚
201 3164 268 3238 ζειν
281 3153 319 3222 τό
334 3155 480 3244 ἀριστον.
511 3162 541 3224 εί
552 3165 610 3242 τῆς
625 3164 784 3244 ναυτικῆς
801 3164 954 3244 στρατιῆς
975 3159 1052 3235 νέας
1066 3181 1207 3242 τριηκο-

179 3343 182 3349 ,
200 3261 273 3330 σίας
288 3250 514 3331 ἀποστείλειας
528 3256 581 3321 ἐπὶ
594 3253 656 3340 τὴν
670 3264 846 3324 Δακαιναν
859 3255 981 3342 χύρην.
1010 3259 1079 3321 ἔστι
1097 3253 1135 3321 δέ
1149 3252 1207 3322 ἐπ’

180 3348 284 3436 ἀὕτη
305 3356 405 3433 νῆσος
428 3352 633 3438 ἐπικειμένη,
655 3361 695 3442 τη
715 3352 845 3439 ούνομά
868 3354 936 3420 ἐστι
956 3351 1121 3439 Κύθηρα,
1141 3354 1208 3441 τὴν

199 3450 311 3511 Χίλων
327 3441 412 3530 ἀνὴρ
427 3442 508 3531 παρ’
523 3444 604 3532 ἡμίν
615 3449 807 3535 σοφώτατος
817 3449 998 3537 γενόμενος
1009 3453 1128 3536 κέρδος
1142 3457 1204 3538 μέ-
