2588 3926
315 214 401 270 LIB.
433 214 480 268 IX.
513 214 613 270 CAP.
650 219 823 273 ιιι-122.
1022 209 1085 273 345

81 382 210 442 νεσθαι.
239 379 305 440 νῦν
322 364 371 439 ἀν
392 369 516 438 ἀποινά
538 374 572 436 οί
584 368 664 438 τάδε
680 372 786 437 έθέλω
803 372 985 457 ἐπιθεῖναι,
1009 369 1083 439 ἀντὶ

79 471 143 559 μὲν
154 471 332 558 χρημάτων
343 475 411 536 τῶν
425 473 546 555 ἔλαβον
562 469 598 534 έκ
613 473 674 535 τού
689 470 782 553 ίροῦ,
804 464 923 535 έκατὸν
937 468 1082 537 τάλαντα

79 578 277 637 καταθείναι
296 572 341 656 τῷ
361 572 449 658 θεῷ,
472 564 546 634 ἀντὶ
561 562 592 632 δ’
615 567 784 651 ἐμεωυτοῦ
805 568 860 633 καλ
880 573 942 634 τού
964 565 1083 645 παιδὸς

79 663 244 734 ἀποδάσω
272 663 417 732 τάλαντα
447 661 601 748 διηκόσια
630 659 837 749 Ἀθηναίοισι
864 662 1080 752 περιγενόμε-

77 791 145 842 νος.
197 758 554 849 Ταύταχὺπισχόμενος
579 757 639 830 τόν
663 758 851 848 στρατηγόν
879 762 1083 840 Ξάνθιππον

79 853 142 929 οὐκ
162 865 285 928 ἔπειθε.
321 862 355 925 ολ
371 856 658 946 γάρἜλαιούσιοι
681 865 727 949 τῷ
740 865 958 952 Πρωτεσίλεῳ
979 882 1083 943 τιμω·

78 960 210 1044 ρέοντες
221 957 353 1025 ἐδέοντό
364 983 422 1043 μιν
433 962 716 1043 καταχρησθῆναι,
726 957 781 1023 καί
792 953 898 1024 αὐτοῦ
908 962 969 1023 τοῦ
979 975 1083 1044 στρα-

77 1061 181 1142 τηγοῦ
201 1054 304 1143 ταύτη
327 1051 345 1121 δ
368 1054 447 1134 νόος
469 1059 576 1140 έφερε.
611 1051 838 1139 ἀπαγαγόντες
863 1056 900 1122 δὲ
920 1052 1025 1124 αὐτόν
1048 1058 1081 1134 ές

77 1151 140 1241 τήν
160 1145 265 1238 ἀκτήν
285 1154 319 1231 ές
338 1148 400 1238 τήν
418 1151 542 1239 Ξέρξης
563 1156 669 1232 ἔζευξε
689 1148 750 1219 τὸν
767 1150 890 1239 πόρου,
916 1157 951 1222 οί
970 1153 1005 1221 δέ
1026 1154 1082 1221 λέ-

72 1270 176 1339 γουσι
194 1253 247 1320 έπί
261 1247 321 1319 τόν
336 1247 488 1319 κολωνόν
505 1246 565 1317 τὸν
580 1246 664 1334 ’ὑπὲρ
680 1247 847 1317 Μαδύτου
861 1249 993 1335 πόλιος,
1020 1270 1081 1317 σα-

77 1358 154 1421 νίδα
174 1350 551 1439 προσπασσαλεύσαντες
572 1344 819 1437 ἀνεκρέμασαν,
840 1346 900 1417 τόν
921 1348 958 1417 δέ
978 1353 1081 1417 παῖδα

77 1454 115 1521 έν
132 1449 337 1539 ὀφθαλμοῖσι
358 1456 418 1518 τοῦ
438 1446 644 1537 Ἀρταΰκτεω
664 1449 876 1515 κατέλευσαν.
918 1452 1030 1515 Ταῦτα
1046 1448 1081 1515 δέ
1098 1466 1149 1524 ms

76 1548 275 1636 ποιήσαντες
295 1544 472 1616 ἀπέτιλωον
487 1550 520 1625 ές
534 1543 596 1633 τήν
611 1543 770 1633 Ἑλλάδα,
790 1544 832 1612 τά
846 1570 882 1612 τε
898 1543 982 1614 ἀλλα
998 1546 1081 1633 χρή-

76 1670 164 1735 ματα
178 1643 315 1731 ἀγοντες
329 1648 384 1714 καί
395 1643 435 1733 δή
450 1649 505 1714 καὶ
518 1642 558 1713 τά
570 1643 657 1713 ὅπλα
670 1651 738 1712 τῶν
751 1646 927 1732 γεφυρέων
942 1641 985 1724 ὡς
996 1642 1079 1712 ἀνα-

76 1744 240 1831 θήσοντες
261 1748 294 1823 ἐς
309 1741 348 1811 τά
369 1745 435 1831 ίρά.
467 1747 522 1812 καὶ
544 1740 627 1810 κατά
649 1740 686 1810 τδ
707 1747 779 1820 έτος
797 1747 896 1809 τοῦτο
916 1738 1017 1809 οὐδὲν
1033 1747 1079 1808 ἔτι

77 1843 180 1908 πλέον
194 1840 324 1908 τούτων
339 1844 478 1927 ἐγένετο.

165 1937 296 2006 Τούτου
322 1939 358 2006 δὲ
383 1945 444 2007 τοῦ
455 1936 663 2026 Ἀρταύκτεω
682 1945 743 2006 τοῦ
767 1936 1080 2026 ἀνακρεμασθέντος
1097 1958 1153 2017 122·

77 2035 259 2124 προπάτωρ
273 2032 495 2125 Ἀρτεμβάρης
506 2033 1011 2126 έστλὸΠέρσησιέξηγησάμενος
1021 2035 1081 2104 λά·
1177 2066 1178 2070 ’

76 2165 157 2227 γον,
181 2133 242 2205 τόν
256 2138 377 2207 ἐκείνοι
397 2136 624 2227 ὑπολαβόντες
638 2138 742 2231 Κύρφ
761 2137 1004 2226 προσήνεικαν,
1025 2140 1081 2207 λέ-

76 2260 181 2325 γοντα
199 2234 293 2305 τάδε·
321 2234 408 2305 Ἐπεὶ
423 2233 508 2316 Ζεδς
521 2238 671 2326 ΙΠέρσησι
690 2233 872 2323 ἡγεμονίην
890 2240 993 2322 διδοῖ,
1018 2234 1080 2303 ἀν·

77 2342 169 2421 δρῶν
183 2335 220 2404 δέ
233 2337 301 2421 σοί,
315 2344 425 2425 Κῦρε,
441 2334 590 2407 κατελάν
602 2335 800 2425 Ἀστυάγεα,
818 2339 915 2425 φέρε,
936 2343 1000 2425 γῆν
1013 2335 1079 2424 γάρ

77 2434 244 2523 ἐκτήμεθα
259 2432 376 2524 ὀλίγην
390 2440 445 2506 καλ
459 2436 585 2524 ταύτην
598 2436 750 2524 τρηχέαν,
767 2434 1029 2522 μεταναστάντες
1043 2437 1079 2502 έκ

76 2531 318 2621 ταύτηςάλλην
334 2541 459 2623 ἔχωμεν
473 2532 607 2621 ἀμείνω.
639 2536 701 2602 είσλ
716 2533 753 2601 δέ
765 2535 885 2602 πολλαί
899 2536 961 2620 μέν
976 2528 1079 2601 ἀστυ-

76 2641 239 2724 γείτονες,
268 2638 388 2707 πολλαί
413 2639 450 2706 δὲ
475 2638 531 2705 καί
551 2636 731 2723 ἑκαστέρω,
757 2640 825 2702 τῶν
847 2640 928 2720 μίαν
945 2631 1080 2720 σχόντες

77 2736 193 2806 πλέοσι
207 2737 354 2824 ἐσόμεθα
367 2736 652 2824 θωυμαστότεροι.
681 2731 772 2813 οἰκός
786 2733 823 2802 δέ
837 2731 1001 2821 ἀρχοντας
1017 2731 1080 2801 άν-

79 2842 161 2924 δρας
173 2844 312 2905 τοιαῦτα
328 2836 465 2906 ποιέειν.
488 2834 566 2905 κότε
579 2833 645 2923 γάρ
660 2832 701 2920 δή
717 2835 772 2901 καλ
787 2835 920 2919 παρέξει
940 2830 1079 2903 κάλλιον

76 2932 99 3022 ἢ
115 2932 171 3005 ὅτε
190 2960 229 3021 γε
248 2931 442 3023 ἀνθρώπων
462 2960 498 3004 τε
520 2941 655 3005 πολλῶν
676 2931 821 3020 ἀρχομεν
840 2929 949 3021 πόσης
968 2957 1004 3001 τε
1023 2938 1081 3018 τῆς

76 3031 199 3119 Ἀσίηςς
226 3038 339 3120 Κῦρος
355 3032 392 3101 δέ
411 3038 516 3102 ταῦτα
531 3031 679 3112 ἀκούσας
694 3032 750 3101 καί
765 3027 806 3100 ού
820 3030 1006 3118 θωυμάσας
1020 3027 1081 3101 τόν

77 3131 182 3219 λόγον
196 3134 327 3203 ἐκέλευε
343 3135 470 3203 ποιέειν
485 3139 606 3220 ταῦτα,
622 3129 711 3200 οὕτω
728 3129 763 3199 δὲ
778 3127 907 3199 αύτοίσι
921 3135 1081 3212 παραίνεε

77 3230 227 3301 κελεύων
237 3231 549 3317 παρασκευάζεσθαι
561 3227 604 3310 ὡς
619 3228 730 3298 οὐκέτι
746 3227 916 3317 ἀρξοντας,
930 3224 1005 3297 ἀλλ’
1018 3224 1081 3312 ἀρ-

79 3329 254 3427 ξομένους·
283 3330 412 3414 φιλέειν
430 3326 495 3419 γάρ
515 3330 552 3398 έκ
566 3334 635 3396 τῶν
655 3332 814 3414 μαλακόν
833 3326 954 3414 χοίρων
972 3330 1084 3411 μαλα-
