2622 3928
194 228 236 295 72
287 278 292 287 ·
570 235 823 293 HERODOTI

196 394 450 483 ταριχεύσαντες
460 391 644 482 ἀνήνεικαν
654 390 744 481 παρά
756 394 894 479 βασιλέα
903 403 1053 481 Δαρείου
1063 397 1097 478 ἐς
1108 402 1203 464 Σοῦ-
1297 414 1299 437 ³

197 512 248 563 σα.
290 503 435 578 Δαρεῖος
455 492 492 561 δέ
513 493 709 579 πυθόμενος
729 493 905 560 ταῦτακαὶ
926 493 1205 580 ἐπαιτιησάμενος

196 588 276 671 τούς
288 597 392 659 ταῦτα
407 591 628 679 ποιήσαντας,
644 588 695 657 ότι
710 615 769 676 μιν
783 586 825 657 οὐ
843 587 968 671 ζώοντα
983 589 1155 680 ἀνήγαγον
1168 593 1205 671 ἐς

198 689 278 772 ὄψιν
291 687 355 778 τήν
369 692 515 777 έωυτοῦ,
529 686 593 777 τήν
607 685 760 775 κεφαλήν
773 684 836 775 τήν
845 685 1001 758 Ἱστιαίου
1014 691 1205 769 λούσαντάς
1299 762 1300 771 χ

196 814 232 857 τε
242 790 297 856 καί
308 793 575 877 περιστείλαντας
585 780 628 873 εὐ
636 788 819 861 ἐνετείλατο
829 784 940 867 θάψαι
952 783 997 866 ὡς
1007 783 1132 872 ὐνδρός
1142 811 1206 873 με·
1299 808 1300 811 ’

197 886 308 974 γάλως
324 887 437 979 ἑωυτῷ
452 912 489 955 τε
508 887 564 954 καί
576 887 725 977 Πέρσησι
741 880 929 970 εὐεργέτεω.
976 882 1025 952 Τά
1048 885 1110 972 μέν
1126 887 1205 968 περί

151 982 346 1056 31Ἱστιαίον
365 982 455 1051 οὕτω
475 988 565 1071 ἐσχε,
586 981 605 1052 ὁ
623 982 659 1051 δέ
679 979 837 1060 ναυτικὸς
853 980 1025 1069 στρατόςό
1044 984 1206 1068 Περσέων

196 1088 382 1171 χειμερίσας
396 1085 472 1168 περί
486 1087 641 1169 Μίλητον
654 1087 700 1172 τῷ
719 1082 864 1172 δευτέρῳ
879 1086 945 1153 ἐτελ
958 1077 1004 1160 ὡς
1018 1076 1204 1166 άνέπλωσε,
1299 1168 1300 1175 ¹

197 1184 299 1267 αίρέει
309 1177 471 1259 εὐπετέως
480 1178 539 1260 τάς
552 1178 678 1267 νήσους
688 1177 747 1259 τάς
756 1177 841 1269 πρός
850 1186 891 1269 τῇ
901 1175 1027 1272 ήπείρφ
1038 1181 1204 1266 κειμένας,

197 1288 281 1351 Χίον
294 1281 350 1350 καί
363 1279 496 1367 Λέσβον
516 1281 572 1347 καί
589 1280 743 1347 Τένεδον.
769 1277 858 1358 όκως
872 1277 908 1348 δέ
927 1279 1026 1368 λάβοι
1041 1276 1116 1348 τινά
1133 1282 1205 1345 τών

198 1379 328 1469 νήσων,
350 1375 395 1458 ὐς
409 1377 553 1466 ἑκάστην
572 1381 741 1467 αἱρέοντες
761 1384 793 1448 οί
812 1379 980 1468 βάρβαροι
996 1377 1205 1467 ἐσαγήνευον
1299 1416 1300 1421 1

197 1475 276 1557 τούς
302 1473 516 1561 ἀνθρώπους.
548 1476 774 1565 σαγηνεύουσι
798 1478 835 1547 δὲ
859 1477 957 1547 τόνδε
975 1475 1035 1545 τόν
1060 1478 1204 1566 τρόπον·

105 1607 108 1611 ·
198 1572 285 1661 ἀνήρ
301 1572 425 1663 ἀνδρὸς
445 1571 618 1661 ἁψάμενος
633 1582 691 1663 τῆς
704 1572 814 1664 χειρός
829 1578 866 1645 ἐκ
880 1577 1054 1665 θαλάσσης
1068 1583 1127 1664 τής
1142 1584 1198 1665 βο·

199 1677 294 1759 ρηϊης
305 1673 358 1740 ἐπὶ
368 1669 431 1759 τήν
443 1680 559 1760 νοτίην
572 1674 737 1760 διήκουσι,
749 1678 804 1742 καί
816 1679 945 1744 ἔπειτεν
957 1672 1013 1745 διά
1029 1676 1137 1763 πάσης
1147 1682 1204 1761 τῆς

199 1771 306 1861 νήσου
318 1773 504 1861 διέρχονται
515 1773 758 1862 ἐκθηρεύοντες
769 1771 848 1854 τούς
859 1771 1072 1864 ἀνθρώπους.
1089 1777 1205 1860 αἵρεον

198 1870 235 1938 δὲ
251 1869 307 1938 καί
321 1866 381 1948 τάς
391 1872 429 1938 ἐν
439 1877 479 1960 τῇ
489 1867 617 1965 ήπείρρτ
631 1872 750 1952 πόλιας
763 1870 823 1951 τάς
833 1868 940 1953 Ἰάδας
953 1872 1037 1942 κατά
1051 1872 1091 1942 τά
1107 1868 1205 1956 αὐτά,

201 1962 290 2053 πλήν
306 1962 370 2035 οὐκ
387 1965 593 2055 ἐσαγήνευον
607 1966 687 2048 τούς
707 1965 928 2059 ἀνθρώπους·
958 1966 999 2037 οὐ
1020 1969 1085 2059 γάρ
1102 1963 1203 2039 οἷοίτ’

152 2086 190 2140 εν
200 2057 253 2153 ήν.
285 2060 451 2135 Ἐνθαύτα
461 2070 621 2155 Περσέων
636 2072 669 2136 οί
683 2070 860 2155 στρατηγοὶ
874 2065 937 2137 οὐκ
948 2069 1132 2152 ἐγεύσαντο
1146 2064 1203 2145 τάς

200 2161 355 2253 ἀπειλάς,
375 2162 435 2245 τὰς
453 2168 678 2254 ἐπηπείλησαν
698 2179 784 2235 τοῖσι
793 2164 885 2236 Ἴωσι
902 2169 1205 2256 στρατοπεδευομέ-

199 2282 289 2331 νοισι
300 2265 435 2332 ἐναντία
445 2271 549 2351 σφίσι.
563 2262 608 2344 ώς
618 2262 684 2351 γάρ
695 2262 736 2352 δή
749 2264 979 2354 ἐπεκράτησαν
988 2271 1057 2334 τών
1067 2271 1205 2347 πολίων,

199 2361 321 2441 παῖδάς
331 2388 367 2431 τε
376 2362 456 2444 τούς
467 2362 717 2446 εὐειδεστάτους
731 2367 946 2455 ἐκλεγόμενοι
959 2372 1138 2455 ἐξέταμνον
1151 2370 1207 2435 καί
1300 2436 1301 2439 ,

200 2466 336 2530 ἐποίευν
349 2458 424 2532 ἄντί
433 2469 495 2531 τοῦ
510 2461 596 2532 εἶναι
611 2464 763 2552 ἐνόρχιας
778 2462 978 2554 εὐνούχους,
1000 2467 1055 2536 καί
1075 2467 1206 2550 παρθέ-

199 2588 282 2642 νους
298 2559 357 2642 τάς
379 2564 660 2645 καλλιστευούσας
683 2562 919 2647 ἀνασπάστους
938 2563 1030 2653 παρά
1049 2568 1204 2654 βασιλέα·

199 2659 305 2731 ταύτά
320 2685 357 2729 τε
371 2657 413 2748 δή
429 2663 580 2751 ἐποίευν,
602 2665 658 2732 καὶ
671 2661 731 2744 τὰς
744 2664 864 2743 πόλιας
878 2666 1126 2753 ἐνεπίμπρασαν
1142 2659 1207 2731 αὐ-

200 2773 287 2828 τοῖσι
300 2761 411 2848 ίροίσι.
435 2759 524 2831 ούτω
538 2758 627 2848 δήτὸ
639 2768 752 2848 τρίτον
761 2760 877 2841 Ἴωνες
891 2756 1205 2848 κατεδουλώθησαν,

201 2863 335 2939 πρῶτον
347 2857 409 2943 μὲν
420 2856 486 2927 όπό
498 2863 633 2946 Λυδῶν,
643 2862 693 2939 δίς
704 2860 740 2929 δέ
752 2863 866 2947 ἐπεξῆς
877 2860 951 2930 τότε
961 2858 1203 2948 ὐπόΠερσέων.

154 2975 190 3030 ,τε
281 2952 360 3022 Ἀπό
377 2955 414 3024 δέ
424 2954 549 3043 Ἰωνίης
559 2954 882 3046 ὐπαλλασσόμενοςό
899 2956 1056 3039 ναυτικὸς
1067 2954 1206 3047 στρατός

199 3050 239 3121 τά
256 3049 308 3122 ἐπ’
321 3048 480 3141 ἀριστερά
492 3056 677 3127 ἐσπλώοντι
686 3065 748 3126 τού
756 3056 1003 3146 Ἑλλησπόντου
1017 3061 1108 3147 αἵρεε
1119 3055 1207 3124 πάν-

198 3177 255 3222 τα·
281 3149 321 3219 τά
336 3149 401 3238 γάρ
416 3154 469 3221 έπί
485 3151 577 3235 δεξιά
597 3153 727 3226 αὐτοίσι
741 3164 847 3243 [τοῖσι]
863 3161 1011 3248 Πέρσησι
1033 3155 1206 3244 ὑποχείρια

198 3245 243 3337 ήν
258 3250 423 3338 γεγονότα
438 3251 512 3321 κατ’
528 3252 678 3343 ἤπειρον.
715 3259 791 3328 Εἰσί
808 3257 844 3328 δέ
861 3261 898 3328 ἐν
913 3265 954 3348 τῇ
969 3254 1119 3345 Εὐρώπη
1133 3258 1206 3323 αἵδε

149 3376 156 3383 ·
198 3358 260 3419 τοῦ
270 3349 533 3438 Ἑλλησπόντου·
554 3356 768 3446 Χερσόνησός
781 3385 831 3445 τε,
853 3362 891 3429 ἐν
904 3365 944 3448 τῇ
960 3358 1074 3437 πόλιες
1088 3358 1205 3443 συχναί

199 3453 318 3535 ἐνεισι,
340 3452 396 3519 καὶ
409 3453 580 3539 Πέρινθος
601 3457 656 3524 καί
671 3454 712 3525 τά
733 3463 839 3544 τείχεα
859 3455 899 3525 τά
920 3458 973 3524 ἐπὶ
989 3462 1136 3543 Θρηίκης
1151 3455 1203 3522 καί
