2618 3928
199 229 262 296 154
577 231 830 289 HERODOTI

195 390 394 479 Ἀμυργίους
407 390 522 469 Σάκας
540 388 696 459 ἐκάλεον·
717 393 751 458 οἱ
763 387 827 477 γάρ
841 392 969 474 Πέρσαι
986 388 1114 470 πάντας
1126 390 1209 471 τούς
1291 380 1292 411 ’

198 493 341 571 Σκύθας
355 493 513 561 καλέουσι
524 487 648 568 Σάκας.
670 496 846 577 Βακτρίων
857 490 893 559 δὲ
904 491 959 560 καί
970 493 1111 561 Σακέων
1124 484 1209 579 ἦρχε

149 613 183 668 65
193 591 376 679 Ὑστάσπης
391 588 409 660 ὁ
425 597 575 677 Δαρείου
590 614 626 657 τε
638 592 694 657 καὶ
711 586 867 675 Ἀτόσσης
881 596 939 677 τῆς
952 590 1080 678 Κύρου.
1108 587 1206 658 Ἰνδοὶ

198 697 235 763 δέ
252 695 368 779 εἵματα
382 691 445 779 μὲν
458 686 673 767 ἐνδεδυκότες
687 685 752 756 άπὸ
767 688 879 769 ξύλων
892 691 1110 776 πεποιημένα,
1125 690 1207 770 τόξα

198 792 234 861 δὲ
248 790 416 877 καλάμινα
434 788 523 876 εἶχον
539 789 595 856 καὶ
608 783 740 867 ὀιστούς
753 792 975 875 καλαμίνους,
991 790 1045 859 ε’πί
1059 787 1095 858 δὲ
1109 793 1207 877 σίδη·
1293 836 1294 841 1

197 916 256 981 ρος
274 883 327 978 ἦν.
356 889 550 976 ἐσταλμένοι
563 883 683 976 μὲνδὴ
700 880 788 973 ἦσαν
806 886 897 956 ούτω
913 885 1026 975 Ἰνδοὶ,
1045 907 1206 975 προσετε-

196 990 317 1077 τάχατο
329 989 365 1056 δέ
376 986 678 1076 συστρατευόμενοι
691 986 919 1076 Φαρναζάθρη
929 991 975 1078 τῷ
986 984 1203 1075 Ἀρταβάτεω.

146 1100 182 1156 66
199 1087 308 1175 Ἀριοι
321 1087 359 1156 δὲ
371 1087 497 1168 τόξοισι
513 1088 576 1173 μὲν
595 1087 829 1172 ἐσκευασμένα
846 1078 935 1172 ἦσαν
948 1087 1147 1172 Μηδικοῖσι,
1163 1082 1205 1153 τά

196 1188 234 1255 δέ
249 1183 334 1255 άλλα
355 1185 440 1253 κατά
461 1209 523 1273 περ
537 1182 705 1272 Βάκτριοι.
735 1179 857 1269 Ἀρίων
875 1182 912 1251 δέ
931 1174 1011 1270 ἦρχε
1028 1182 1205 1270 Σισάμνης

160 1274 166 1283 ’
181 1326 182 1331 1
195 1283 409 1373 ὁὙδάρνεος.
431 1284 569 1372 Πάρθοι
581 1285 616 1352 δὲ
628 1283 687 1352 ’καί
698 1281 884 1371 Χοράσμιοι
895 1284 951 1351 καὶ
959 1287 1090 1371 Σογδοί
1099 1310 1135 1354 τε
1148 1286 1205 1353 καὶ

194 1382 378 1471 Γανδάριοι
389 1386 597 1454 καὶΔαδίκαι
606 1378 669 1468 τὴν
680 1378 787 1468 αὐτὴν
797 1378 924 1468 σκευὴν
935 1387 1064 1469 ἔχοντες
1074 1381 1137 1471 τὴν
1148 1386 1204 1455 καὶ

194 1484 355 1568 Βάκτριοι
368 1483 615 1571 ἐστρατεύοντο.
638 1481 768 1549 τούτων
783 1483 819 1549 δὲ
833 1472 939 1568 ἦρχον
953 1483 1034 1569 οἵδε,
1048 1482 1204 1571 Πάρθων

195 1586 258 1671 μὲν
277 1585 333 1651 καὶ
348 1588 551 1668 Χορασμίων
570 1578 767 1667 Ἀρτάβαζος
785 1577 804 1648 ὁ
826 1579 1037 1668 Φαρνάκεος,
1058 1586 1203 1668 Σογδῶν
1296 1598 1297 1603 ’

196 1682 232 1748 δὲ
243 1676 378 1765 Ἀζάνης
392 1673 410 1746 ὁ
424 1674 588 1764 Ἀρταίου,
606 1680 805 1763 Γανδαρίων
822 1675 859 1744 δὲ
873 1678 928 1746 καί
938 1680 1115 1749 Δαδικέων
1125 1678 1205 1768 Ἀρ.

145 1795 180 1853 67
195 1778 314 1863 τάφως
328 1773 347 1846 ὁ
359 1775 575 1865 Ἀρταβάνου.
595 1776 742 1846 Κάσπιοι
754 1775 790 1844 δὲ
802 1778 963 1867 σισύρνας
976 1806 1011 1849 τε
1022 1781 1205 1852 ἐνδεδυκό-

194 1902 247 1956 τες
270 1877 325 1943 καί
345 1875 425 1955 τόξα
445 1874 603 1963 ἐπιχώρια
622 1874 790 1961 καλάμινα
811 1880 941 1963 ἔχοντες
960 1881 1016 1948 καί
1038 1876 1201 1959 ἀκινάκας

194 1974 440 2063 ἐστρατεύοντο.
454 1966 548 2044 οὗτοι
559 1972 622 2060 μέν
632 1973 721 2044 ούτω
731 1976 945 2063 ἐσκευάδατο,
953 1973 1102 2066 ἡγεμόνα
1112 2003 1201 2066 παρ·
1298 1986 1299 1991 ’

194 2074 346 2162 εχόμενοι
362 2069 584 2161 Ἀριόμαρδον
597 2071 658 2142 τὸν
669 2070 850 2161 Ἀρτυφίου
865 2071 1048 2164 άδελφεόυ,
1061 2078 1201 2165 Σαράγ-

194 2201 250 2260 γαι
265 2171 301 2240 δὲ
317 2173 433 2257 εἵματα
448 2172 510 2258 μὲν
524 2176 716 2260 βεβαμμένα
730 2178 861 2261 ἔχοντες
871 2175 1065 2265 ἐνέπρεπον,
1081 2178 1200 2247 πέδιλα

194 2271 230 2340 δὲ
246 2273 279 2349 ἐς
294 2268 382 2356 γόνυ
396 2265 613 2339 ἀνατείνοντα
628 2269 728 2358 εἶχον,
742 2271 821 2352 τόξα
839 2269 875 2341 δέ
889 2275 945 2341 καί
956 2272 1074 2361 αίχμάς
1083 2279 1198 2362 Μηδι-

193 2368 263 2449 κάς.
284 2370 491 2454 Σαραγγέων
502 2369 539 2436 δὲ
551 2361 633 2457 ἦρχε
643 2369 853 2457 Φερενδάτης
867 2367 1108 2460 ὁΜεγαβάζον.
1125 2372 1199 2442 Πά·

193 2493 291 2545 κτυες
305 2468 342 2534 δὲ
358 2466 603 2557 σισυρνοφόροι
617 2494 654 2537 τε
669 2461 756 2555 ἦσαν
771 2471 826 2537 καὶ
839 2469 919 2550 τόξα
936 2472 1095 2560 ἐπιχώρια
1110 2469 1196 2558 εἶχον

192 2568 248 2635 καὶ
264 2567 451 2653 ἐγχειρίδια.
475 2566 630 2647 Πάκτυες
644 2568 680 2636 δὲ
693 2566 839 2656 ἄρχοντα
853 2575 1051 2656 παρείχοντο
1058 2567 1200 2658 Ἀρτύν-

141 2683 179 2742 68
191 2693 253 2756 την
266 2663 327 2735 τὸν
338 2663 550 2756 Ἰθαμάτρεω.
584 2665 701 2736 Ούτιοι
717 2669 754 2736 δὲ
768 2670 824 2736 καί
838 2667 956 2737 Μύκοι
970 2694 1006 2737 τε
1020 2672 1075 2736 καί
1088 2676 1199 2754 Παρι-

191 2768 303 2838 κάνιοι
316 2768 554 2855 ἐσκευασμένοι
567 2761 655 2856 ἦσαν
666 2766 749 2835 κατά
763 2791 826 2854 περ
837 2765 1000 2846 Πάκτυες.
1020 2767 1150 2837 τούτων
1161 2769 1197 2836 δὲ

190 2860 295 2953 ἦρχον
309 2867 397 2951 οἵδε,
416 2862 549 2934 Ούτίων
563 2866 625 2952 μὲν
644 2868 700 2935 καί
716 2865 850 2935 Μύκων
867 2861 1070 2954 Ἀρσαμένης
1089 2863 1197 2934 ὁΔα-

141 2985 177 3042 69
192 2969 303 3049 ρείου,
315 2970 534 3050 Παρικανίων
547 2965 584 3032 δὲ
598 2971 802 3054 Σιρομίτρης
816 2961 835 3033 ὁ
853 2965 1029 3052 Οἰοβάζου.
1049 2961 1194 3054 Ἀράβιοι

191 3062 227 3131 δέ
248 3058 356 3148 ζειρὰς
371 3060 596 3148 ὑπεζωσμένοι
616 3057 719 3151 ἦσαν,
741 3062 821 3144 τόξα
844 3065 882 3132 δὲ
904 3068 1088 3134 παλίντονα
1108 3060 1194 3148 εἶχον

189 3158 274 3248 πρὸς
288 3158 396 3245 δεξιά,
412 3160 532 3249 μακρά.
562 3167 725 3243 Αίθίοπες
735 3163 773 3231 δέ
782 3164 971 3251 παρδαλέας
981 3187 1017 3230 τε
1030 3161 1085 3230 καί
1098 3169 1195 3229 λεον-

189 3260 264 3337 τέας
278 3260 475 3345 ἐναμμένοι,
494 3258 574 3340 τόξα
594 3260 631 3328 δὲ
651 3258 740 3346 εἶχον
754 3263 791 3329 ἐκ
814 3266 967 3347 φοίνικος
986 3257 1121 3347 σπάθης
1134 3284 1196 3328 πε-

188 3356 353 3443 ποιημένα
367 3355 496 3446 μακρά,
516 3364 746 3446 τετραπηχέων
761 3357 825 3429 οὐκ
845 3358 991 3445 ἐλάσσω,
1014 3359 1068 3427 ἐπὶ
1082 3356 1118 3426 δὲ
1133 3382 1196 3424 κα-

187 3460 349 3539 λαμίνους
366 3451 498 3536 ὀιστούς
512 3456 691 3544 σμικρούς,
707 3456 782 3528 άυτλ
797 3458 832 3528 δέ
844 3457 986 3545 σιδήρου
997 3457 1081 3542 ἐπῆν
1097 3461 1196 3534 λίθος
