2566 3934
207 221 268 288 152
579 227 827 319 HERODOTI

204 384 345 467 τούτους
357 408 419 456 του
404 392 560 457 Νείλου
575 389 657 473 φασί
678 384 783 468 εἶναι,
805 391 939 456 καὶτῶν
960 383 1111 511 ὀρνίθιον
1124 384 1203 468 τούς

203 485 447 573 χηναλώπεκας.
704 506 707 511 ·

155 596 191 656 λθ
277 582 369 654 ’Ἐστι
393 583 430 654 66
446 588 501 653 καί
520 581 660 663 ἄλλος’
640 610 733 672 ορνις
754 583 840 671 ίρός,
863 589 909 673 τῷ
929 582 1059 671 οὕνομα
1079 536 1200 668 φοίνιξιι

202 679 326 770 ἐγῶ’
281 710 343 770 μευ
357 710 416 771 μιν
429 682 491 753 ούκ
507 683 597 754 εἷόον
621 690 666 754 εί
674 682 833 772 μήόσον
844 691 973 804 γραφῇ
1005 681 1140 769 καὶγὰρ
1160 679 1200 768 όή

202 783 257 849 καὶ
272 779 411 861 σπάνιος
425 784 579 873 ἐπιφοιτᾷ
594 802 654 869 σφι
670 779 715 851 δι’
733 777 887 866 ἐτέων,“
866 807 910 859 ας
917 779 1034 849 Ἡλίου
1048 786 1201 867 πολιῆται

201 879 354 965 λέγουσι,
375 886 611 952 πεντακοσίων.
641 885 763 965 φοιτᾶν
778 878 814 946 66
831 876 906 946 τότε
926 879 1024 964 φασί,
1046 874 1147 945 ἐπεάν
1169 877 1204 944 06

95 977 99 984 ’
202 974 360 1063 όποθάνη
386 972 405 1045 ὁ
430 977 546 1065 πατήρ.
580 983 648 1044 ἔστι
673 975 726 1061 66,
755 981 785 1043 εί
806 980 847 1063 τῇ
870 981 984 1062 γραφῇ
1007 974 1200 1061 παρόμοιος,

200 1074 339 1144 τοσόσδε
353 1078 408 1144 καὶ
422 1075 568 1145 τοιόσδε·
590 1071 630 1141 τόι
644 1075 706 1158 μὲν
718 1068 822 1139 αὐτοῦ
834 1071 1027 1158 χρυσόκομα
1036 1076 1104 1138 τοῖν
1117 1093 1205 1162 ,πτεε

200 1181 288 1260 ρῶν,
309 1170 351 1241 τόι
377 1175 413 1242 66
437 1172 575 1260 ἐρυθρά.
610 1173 643 1249 ές
660 1167 701 1238 τά
722 1170 863 1257 μάλιστα
885 1175 982 1259 αἰετῷ
1001 1168 1199 1257 περιήγησιν

201 1260 463 1358 ὁμοιότατοςκαὶ
482 1267 519 1337 τό
536 1271 692 1356 μέγαθος
714 1275 835 1337 τοῦτον
849 1266 886 1335 66
900 1269 1034 1353 λέγουσι
1047 1273 1200 1388 μηχανᾶ-

200 1380 283 1438 σθαι
306 1369 400 1455 τάδε,
428 1370 500 1454 ἐμοὶ
521 1370 588 1494 μὲν
614 1364 656 1435 ού
680 1364 779 1437 πιστοὶ
800 1370 967 1452 λέγοντες,
997 1366 1030 1445 ἐξ
1047 1361 1200 1453 Ἀραβίης

201 1467 407 1585 ὁρμεόμενον
422 1463 502 1545 ές
468 1492 505 1534 το
521 1462 597 1565 ι’ρόν
618 1473 679 1533 τοῦ
701 1464 817 1536 Ἡλίου
831 1470 926 1551 κομίζ
926 1489 976 1532 ειν
994 1461 1055 1531 τόν
1074 1465 1198 1559 πατέρα

94 1610 107 1639 0
200 1571 238 1635 ἐν
251 1564 384 1653 σμύρνη
398 1557 645 1651 ἐμπλάσσοντα,
667 1565 722 1632 καὶ
735 1562 880 1649 θάπτειν
895 1565 932 1630 ἐν
947 1567 1009 1630 τοῦ
1023 1559 1139 1682 Ἠλίου
1152 1568 1198 1653 τῷ

200 1671 271 1756 ίρςό,
293 1668 438 1749 κομίζειν
453 1659 547 1729 66¹
505 1686 609 1729 οντα·
630 1668 763 1747 πρῶτον
775 1667 833 1747 τῆς
847 1659 1022 1752 σμύρνης
1010 1656 1078 1728 666
1091 1659 1198 1729 πλάσ-

200 1782 288 1851 σειν,
311 1759 393 1831 ὅσον
411 1786 447 1828 τε
468 1758 610 1839 δυνατός
624 1763 693 1828 ἐστι
708 1762 840 1846 φέρειν,
862 1785 943 1845 μετα
932 1757 996 1827 66
1016 1766 1198 1848 πειρᾶσθαι
1274 1826 1275 1829 ,

199 1859 279 1931 αύτό
298 1862 488 1981 φορέοντα,
502 1856 603 1957 ἐπεὰν
618 1857 655 1926 66
671 1854 898 1945 ἀποπειρηθῇ,
920 1854 1008 1924 οὕτω
1023 1854 1063 1944 δή
1081 1855 1198 1944 κοιλή-

95 1957 100 1963 ’
197 1988 303 2083 ναντα
315 1957 355 2027 τό
373 1955 441 2050 ςόόν
454 1955 514 2026 τόν
527 1952 651 2045 πατέρα
666 1959 700 2036 ἐς
714 1954 796 2025 αύτο
785 1954 996 2041 ἐντιθέναι,
1011 1953 1143 2077 σμύρνη
1158 1955 1196 2023 66

197 2129 338 2277 ἐνέθηκε
351 2151 412 2222 τόν
425 2155 559 2247 πατέρα,
575 2156 768 2241 ἐγκειμένου
783 2153 819 2221 66
828 2158 890 2220 τοῦ
903 2149 1027 2238 πατρός
1039 2159 1196 2239 γίνεσθαι

197 2253 304 2324 τόντο
293 2250 435 2339 βάρος,
457 2250 668 2370 ἐμπλάσαντα
680 2251 717 2320 66
730 2256 875 2339 κομίζειν
886 2278 944 2337 μιν
955 2248 1066 2320 ἐπ’ί
1019 2257 1066 2320 Αί
1064 2253 1195 2340 γύπτου

198 2354 231 2429 ἐς
247 2353 308 2416 τοῦ
323 2342 447 2415 Ἠλίου
454 2374 490 2415 το
480 2345 590 2436 ἱρόν.
624 2355 729 2418 ταῦτα
742 2351 804 2437 μὲν
816 2356 937 2418 τοῦτον
952 2347 1012 2418 τόν
1029 2348 1125 2438 ὄρνιν
1138 2355 1192 2421 λέ-

78 2512 83 2521 ,
196 2464 296 2533 γουσι
309 2448 444 2512 ποιεειν
628 2498 630 2503 >
831 2484 835 2487 ·

147 2570 181 2625 ης
280 2546 412 2612 Εἰσὶόέ
432 2545 507 2631 περὶ
521 2545 634 2634 Θήβας
654 2545 764 2636 ί”ροί
745 2572 855 2634 οφιες,
876 2484 1069 2634 ἀνθράκων
1088 2546 1195 2618 ούόα-

195 2648 264 2729 μοῖς
278 2640 471 2729 δηλήμονες,
483 2649 519 2712 οἳ
527 2646 671 2732 μεγάθεϊ
682 2645 792 2725 ἐόντες
802 2648 935 2733 σμικροὶ
946 2645 1009 2715 660
1020 2651 1118 2735 κέρεα
1129 2672 1194 2734 φν-

195 2743 310 2822 ρέουσι
330 2740 503 2827 πεφυκότα
521 2740 598 2821 ἐξ”
575 2767 680 2830 ακρης
695 2747 752 2829 τής
775 2748 937 2830 κεφαλῆς,
959 2739 1038 2823 τούς
1059 2741 1195 2813 άποθα·

193 2834 315 2916 νόντας
324 2837 494 2907 θάπτουσι
504 2840 542 2907 ἐν
552 2864 597 2930 τφ
583 2844 670 2929 λρφ
680 2865 741 2908 τον
727 2839 850 2918 Διός·
873 2840 996 2909 τούτου
1010 2841 1074 2930 γάρ
1088 2862 1195 2982 σφεας

193 2957 254 2999 του
239 2937 354 3000 θεοῦ
369 2932 497 3019 φασί
467 2960 551 3003 ειναι
565 2909 669 3022 ἐμούς.

145 3060 179 3119 75
266 3026 359 3097 Ἔστι
380 3032 416 3099 66
439 3038 545 3122 χῶρος
566 3041 622 3121 τῆς
640 3032 791 3123 Ἀραβίης
813 3031 897 3103 κατὰ
916 3045 1069 3106 Βουτοῦν
1093 3036 1194 3106 πόλιν

191 3125 334 3214 μάλιστά
348 3154 390 3216 κη
404 3135 563 3217 κείμενος,
570 3134 624 3202 καὶ
640 3135 673 3212 ἐς
686 3139 784 3200 τοῦτο
799 3130 835 3200 τό
850 3140 974 3224 χωρίον
983 3127 1094 3223 ήλθον
1104 3160 1192 3205 πυν-

191 3226 381 3321 θανόμενος
395 3232 471 3315 περὶ
490 3237 559 3299 τόν
578 3237 757 3319 πτεροποῖν
778 3227 896 3319 ὀφίων.
930 3229 1132 3320 ἀπικόμενος
1155 3233 1193 3304 66

192 3322 281 3395 εἶόον
306 3322 403 3395 ὀστέα
430 3322 537 3412 όφίαν
562 3334 619 3400 καί
642 3328 796 3410 ἀκάνθας
816 3329 941 3419 πλήθει
959 3331 1021 3418 μὲν
1041 3327 1192 3399 όόύυατα

190 3420 443 3515 ἀπηγήσασθαι,
458 3431 558 3517 σωροὶ
573 3430 609 3495 66
624 3421 710 3517 ἦσαν
725 3426 904 3498 όικανθέοον
915 3430 970 3497 καί
983 3425 1122 3516 μεγάλοι
1136 3431 1192 3499 καὶ
