<?xml version="1.0" encoding="UTF-8"?>
<!DOCTYPE html PUBLIC "-//W3C//DTD XHTML 1.0 Transitional//EN"
    "http://www.w3.org/TR/xhtml1/DTD/xhtml1-transitional.dtd">
<html xmlns="http://www.w3.org/1999/xhtml" xml:lang="en" lang="en">
 <head>
  <title>
</title>
<meta http-equiv="Content-Type" content="text/html;charset=utf-8" />
  <meta name='ocr-system' content='tesseract 3.04.00' />
  <meta name='ocr-capabilities' content='ocr_page ocr_carea ocr_par ocr_line ocrx_word'/>
</head>
<body>
  <div class='ocr_page' id='page_1' title='image "./historiarumlibr03herogoog_0416.png"; bbox 0 0 2622 3928; ppageno 0'>
   <div class='ocr_carea' id='block_1_1' title="bbox 566 159 1198 220">
    <p class='ocr_par' dir='ltr' id='par_1_1' title="bbox 566 159 1198 220">
     <span class='ocr_line' id='line_1_1' title="bbox 566 159 1198 220; baseline 0.013 -11"><span class='ocrx_word' id='word_1_1' title='bbox 566 159 796 211; x_wconf 78' lang='lat' dir='ltr'><strong>PRAEFATIO.</strong></span> <span class='ocrx_word' id='word_1_2' title='bbox 1166 186 1198 220; x_wconf 76' lang='lat' dir='ltr'>rr</span> 
     </span>
    </p>
   </div>
   <div class='ocr_carea' id='block_1_2' title="bbox 155 293 1201 375">
    <p class='ocr_par' dir='ltr' id='par_1_2' title="bbox 155 293 1201 375">
     <span class='ocr_line' id='line_1_2' title="bbox 155 293 1201 375; baseline 0.006 -23"><span class='ocrx_word' id='word_1_3' title='bbox 155 319 248 354; x_wconf 84' lang='lat' dir='ltr'>memor</span> <span class='ocrx_word' id='word_1_4' title='bbox 267 303 366 351; x_wconf 83' lang='lat' dir='ltr'>videtur</span> <span class='ocrx_word' id='word_1_5' title='bbox 385 300 464 350; x_wconf 86' lang='lat' dir='ltr'>fnisse</span> <span class='ocrx_word' id='word_1_6' title='bbox 483 300 532 350; x_wconf 86' lang='lat' dir='ltr'>loci</span> <span class='ocrx_word' id='word_1_7' title='bbox 551 300 582 357; x_wconf 87' lang='grc' dir='ltr'>ΙΙ,</span> <span class='ocrx_word' id='word_1_8' title='bbox 600 297 643 350; x_wconf 85' lang='grc'><strong>30.</strong></span> <span class='ocrx_word' id='word_1_9' title='bbox 681 297 718 347; x_wconf 91' lang='lat' dir='ltr'>De</span> <span class='ocrx_word' id='word_1_10' title='bbox 738 293 848 346; x_wconf 75' lang='grc' dir='ltr'><strong><em>δίκαιον</em></strong></span> <span class='ocrx_word' id='word_1_11' title='bbox 868 324 900 334; x_wconf 89' lang='lat'><em>-</em></span> <span class='ocrx_word' id='word_1_12' title='bbox 921 295 989 364; x_wconf 73' lang='grc' dir='ltr'><strong><em>ἤπερ</em></strong></span> <span class='ocrx_word' id='word_1_13' title='bbox 1012 303 1064 353; x_wconf 85' lang='lat' dir='ltr'>vid.</span> <span class='ocrx_word' id='word_1_14' title='bbox 1084 307 1157 358; x_wconf 83' lang='lat' dir='ltr'>Bred.</span> <span class='ocrx_word' id='word_1_15' title='bbox 1174 326 1201 375; x_wconf 89' lang='lat' dir='ltr'>p.</span> 
     </span>
    </p>
   </div>
   <div class='ocr_carea' id='block_1_3' title="bbox 152 367 1205 3399">
    <p class='ocr_par' dir='ltr' id='par_1_3' title="bbox 152 367 1205 3399">
     <span class='ocr_line' id='line_1_3' title="bbox 153 367 1202 433; baseline 0.003 -8"><span class='ocrx_word' id='word_1_16' title='bbox 153 374 195 433; x_wconf 79' lang='grc'>00,</span> <span class='ocrx_word' id='word_1_17' title='bbox 216 380 240 423; x_wconf 88' lang='lat' dir='ltr'>ct</span> <span class='ocrx_word' id='word_1_18' title='bbox 258 370 363 421; x_wconf 88' lang='lat' dir='ltr'>dubium</span> <span class='ocrx_word' id='word_1_19' title='bbox 378 376 424 428; x_wconf 86' lang='lat' dir='ltr'>est,</span> <span class='ocrx_word' id='word_1_20' title='bbox 443 383 525 419; x_wconf 80' lang='lat' dir='ltr'>annon</span> <span class='ocrx_word' id='word_1_21' title='bbox 543 370 568 417; x_wconf 89' lang='lat' dir='ltr'>in</span> <span class='ocrx_word' id='word_1_22' title='bbox 588 369 680 432; x_wconf 87' lang='lat' dir='ltr'>cupite,</span> <span class='ocrx_word' id='word_1_23' title='bbox 702 367 771 430; x_wconf 79' lang='lat' dir='ltr'>qnod</span> <span class='ocrx_word' id='word_1_24' title='bbox 786 368 907 429; x_wconf 85' lang='lat' dir='ltr'>sequitur,</span> <span class='ocrx_word' id='word_1_25' title='bbox 924 367 1027 431; x_wconf 76' lang='grc' dir='ltr'><strong><em>μᾶλλον</em></strong></span> <span class='ocrx_word' id='word_1_26' title='bbox 1045 389 1103 424; x_wconf 89' lang='lat' dir='ltr'>eum</span> <span class='ocrx_word' id='word_1_27' title='bbox 1123 374 1140 425; x_wconf 88' lang='lat' dir='ltr'>S</span> <span class='ocrx_word' id='word_1_28' title='bbox 1158 380 1202 428; x_wconf 90' lang='lat' dir='ltr'>eii-</span> 
     </span>
     <span class='ocr_line' id='line_1_4' title="bbox 153 429 1202 504; baseline 0.003 -12"><span class='ocrx_word' id='word_1_29' title='bbox 153 442 270 492; x_wconf 89' lang='lat' dir='ltr'>ciendum</span> <span class='ocrx_word' id='word_1_30' title='bbox 288 441 330 493; x_wconf 90' lang='lat' dir='ltr'>sit.</span> <span class='ocrx_word' id='word_1_31' title='bbox 359 464 392 475; x_wconf 90' lang='lat'><em>-</em></span> <span class='ocrx_word' id='word_1_32' title='bbox 417 453 438 487; x_wconf 89' lang='lat' dir='ltr'>c.</span> <span class='ocrx_word' id='word_1_33' title='bbox 457 440 498 488; x_wconf 81' lang='lat'>27.</span> <span class='ocrx_word' id='word_1_34' title='bbox 522 429 685 499; x_wconf 68' lang='grc' dir='ltr'><strong><em>τοῦτομὲν,</em></strong></span> <span class='ocrx_word' id='word_1_35' title='bbox 703 449 768 498; x_wconf 78' lang='grc' dir='ltr'><strong><em>ροσε</em></strong></span> <span class='ocrx_word' id='word_1_36' title='bbox 787 435 863 485; x_wconf 82' lang='lat' dir='ltr'>verbe</span> <span class='ocrx_word' id='word_1_37' title='bbox 881 437 907 485; x_wconf 93' lang='lat' dir='ltr'>in</span> <span class='ocrx_word' id='word_1_38' title='bbox 927 437 997 488; x_wconf 82' lang='lat' dir='ltr'>libris</span> <span class='ocrx_word' id='word_1_39' title='bbox 1016 452 1073 492; x_wconf 79' lang='lat' dir='ltr'>unte</span> <span class='ocrx_word' id='word_1_40' title='bbox 1087 436 1202 504; x_wconf 74' lang='grc' dir='ltr'><strong><em>τούτους</em></strong></span> 
     </span>
     <span class='ocr_line' id='line_1_5' title="bbox 153 501 1201 583; baseline 0.006 -23"><span class='ocrx_word' id='word_1_41' title='bbox 153 501 290 574; x_wconf 83' lang='grc' dir='ltr'><strong><em>πρότερον</em></strong></span> <span class='ocrx_word' id='word_1_42' title='bbox 308 508 390 572; x_wconf 83' lang='lat' dir='ltr'>posite</span> <span class='ocrx_word' id='word_1_43' title='bbox 406 515 472 566; x_wconf 89' lang='lat' dir='ltr'>sunt,</span> <span class='ocrx_word' id='word_1_44' title='bbox 491 517 557 557; x_wconf 89' lang='lat' dir='ltr'>recte</span> <span class='ocrx_word' id='word_1_45' title='bbox 572 506 647 554; x_wconf 90' lang='lat' dir='ltr'>unius</span> <span class='ocrx_word' id='word_1_46' title='bbox 663 502 680 553; x_wconf 89' lang='lat' dir='ltr'>S</span> <span class='ocrx_word' id='word_1_47' title='bbox 698 506 848 583; x_wconf 67' lang='lat' dir='ltr'>auctopitete</span> <span class='ocrx_word' id='word_1_48' title='bbox 866 506 946 556; x_wconf 81' lang='lat' dir='ltr'>eiecta</span> <span class='ocrx_word' id='word_1_49' title='bbox 963 517 1029 558; x_wconf 88' lang='lat' dir='ltr'>sunt.</span> <span class='ocrx_word' id='word_1_50' title='bbox 1056 511 1115 563; x_wconf 84' lang='lat' dir='ltr'><strong>Post</strong></span> <span class='ocrx_word' id='word_1_51' title='bbox 1127 506 1201 580; x_wconf 82' lang='grc' dir='ltr'><strong><em>Ἀμα-</em></strong></span> 
     </span>
     <span class='ocr_line' id='line_1_6' title="bbox 152 568 1200 648; baseline 0.001 -19"><span class='ocrx_word' id='word_1_52' title='bbox 152 576 264 640; x_wconf 65' lang='lat' dir='ltr'>rostrae</span> <span class='ocrx_word' id='word_1_53' title='bbox 282 577 341 627; x_wconf 79' lang='lat' dir='ltr'>Ald.</span> <span class='ocrx_word' id='word_1_54' title='bbox 360 578 451 626; x_wconf 88' lang='lat' dir='ltr'>mirum</span> <span class='ocrx_word' id='word_1_55' title='bbox 469 577 594 643; x_wconf 80' lang='lat' dir='ltr'>glossema</span> <span class='ocrx_word' id='word_1_56' title='bbox 611 574 686 623; x_wconf 88' lang='lat' dir='ltr'>habet</span> <span class='ocrx_word' id='word_1_57' title='bbox 700 586 749 629; x_wconf 84' lang='grc' dir='ltr'><strong><em>τας</em></strong></span> <span class='ocrx_word' id='word_1_58' title='bbox 763 568 924 637; x_wconf 53' lang='lat' dir='ltr'>nundinae.</span> <span class='ocrx_word' id='word_1_59' title='bbox 949 577 1007 632; x_wconf 85' lang='lat' dir='ltr'>Vid.</span> <span class='ocrx_word' id='word_1_60' title='bbox 1023 577 1095 630; x_wconf 88' lang='lat' dir='ltr'>Bred.</span> <span class='ocrx_word' id='word_1_61' title='bbox 1111 598 1137 648; x_wconf 77' lang='lat' dir='ltr'>p,</span> <span class='ocrx_word' id='word_1_62' title='bbox 1157 585 1200 640; x_wconf 81' lang='grc'>64,</span> 
     </span>
     <span class='ocr_line' id='line_1_7' title="bbox 152 634 1202 713; baseline 0.005 -16"><span class='ocrx_word' id='word_1_63' title='bbox 152 679 186 689; x_wconf 93' lang='grc'>-</span> <span class='ocrx_word' id='word_1_64' title='bbox 205 665 226 702; x_wconf 87' lang='lat' dir='ltr'>c.</span> <span class='ocrx_word' id='word_1_65' title='bbox 244 647 288 699; x_wconf 88' lang='grc'>34.</span> <span class='ocrx_word' id='word_1_66' title='bbox 310 645 372 700; x_wconf 79' lang='lat' dir='ltr'>Eltz.</span> <span class='ocrx_word' id='word_1_67' title='bbox 393 660 421 711; x_wconf 79' lang='lat' dir='ltr'>p.</span> <span class='ocrx_word' id='word_1_68' title='bbox 446 645 497 697; x_wconf 81' lang='lat'>120</span> <span class='ocrx_word' id='word_1_69' title='bbox 513 634 670 709; x_wconf 81' lang='grc' dir='ltr'><strong><em>αἰτεόμενος</em></strong></span> <span class='ocrx_word' id='word_1_70' title='bbox 688 645 808 706; x_wconf 81' lang='lat' dir='ltr'>quonism</span> <span class='ocrx_word' id='word_1_71' title='bbox 827 644 853 693; x_wconf 90' lang='lat' dir='ltr'>in</span> <span class='ocrx_word' id='word_1_72' title='bbox 874 644 944 696; x_wconf 89' lang='lat' dir='ltr'>libris</span> <span class='ocrx_word' id='word_1_73' title='bbox 963 648 1085 713; x_wconf 88' lang='lat' dir='ltr'>scriptum</span> <span class='ocrx_word' id='word_1_74' title='bbox 1104 654 1150 713; x_wconf 89' lang='lat' dir='ltr'>sit,</span> <span class='ocrx_word' id='word_1_75' title='bbox 1169 657 1202 704; x_wconf 83' lang='lat' dir='ltr'>ito</span> 
     </span>
     <span class='ocr_line' id='line_1_8' title="bbox 153 703 1189 800; baseline 0 -32"><span class='ocrx_word' id='word_1_76' title='bbox 153 716 339 794; x_wconf 72' lang='lat' dir='ltr'>defendendum</span> <span class='ocrx_word' id='word_1_77' title='bbox 356 720 442 780; x_wconf 79' lang='lat' dir='ltr'>putet,</span> <span class='ocrx_word' id='word_1_78' title='bbox 466 722 495 764; x_wconf 91' lang='lat' dir='ltr'>ut</span> <span class='ocrx_word' id='word_1_79' title='bbox 512 716 648 778; x_wconf 80' lang='lat' dir='ltr'>coniungat</span> <span class='ocrx_word' id='word_1_80' title='bbox 666 703 704 770; x_wconf 76' lang='grc' dir='ltr'>ὡς</span> <span class='ocrx_word' id='word_1_81' title='bbox 722 703 828 761; x_wconf 78' lang='grc' dir='ltr'><strong><em>εἰκάσαι</em></strong></span> <span class='ocrx_word' id='word_1_82' title='bbox 844 710 1040 797; x_wconf 28' lang='grc' dir='ltr'><strong><em>βιασιίηΐηνητε</em></strong></span> <span class='ocrx_word' id='word_1_83' title='bbox 1057 714 1106 800; x_wconf 71' lang='grc' dir='ltr'><strong><em>καὶ</em></strong></span> <span class='ocrx_word' id='word_1_84' title='bbox 1124 721 1189 771; x_wconf 72' lang='grc' dir='ltr'><strong><em>πολι</em></strong></span> 
     </span>
     <span class='ocr_line' id='line_1_9' title="bbox 152 777 1203 920; baseline 0.004 -15"><span class='ocrx_word' id='word_1_85' title='bbox 152 777 1203 920; x_wconf 52' lang='lat' dir='ltr'>ilfflhollillltmllltiligilltdsslllllllhlll?lilibet</span> 
     </span>
     <span class='ocr_line' id='line_1_10' title="bbox 153 921 1190 988; baseline 0.004 -13"><span class='ocrx_word' id='word_1_86' title='bbox 153 925 275 975; x_wconf 86' lang='lat' dir='ltr'>orationis</span> <span class='ocrx_word' id='word_1_87' title='bbox 293 921 411 988; x_wconf 79' lang='lat' dir='ltr'><strong>facilitas,</strong></span> <span class='ocrx_word' id='word_1_88' title='bbox 429 937 504 985; x_wconf 81' lang='lat' dir='ltr'>quem</span> <span class='ocrx_word' id='word_1_89' title='bbox 523 922 642 972; x_wconf 87' lang='lat' dir='ltr'>librorum</span> <span class='ocrx_word' id='word_1_90' title='bbox 657 921 793 969; x_wconf 82' lang='lat' dir='ltr'>auctoritas</span> <span class='ocrx_word' id='word_1_91' title='bbox 811 921 969 988; x_wconf 76' lang='lat' dir='ltr'>infringitur,</span> <span class='ocrx_word' id='word_1_92' title='bbox 993 927 1016 974; x_wconf 87' lang='lat' dir='ltr'>si</span> <span class='ocrx_word' id='word_1_93' title='bbox 1037 942 1093 976; x_wconf 89' lang='lat' dir='ltr'>cnm</span> <span class='ocrx_word' id='word_1_94' title='bbox 1109 927 1190 979; x_wconf 84' lang='lat' dir='ltr'>Schae</span> 
     </span>
     <span class='ocr_line' id='line_1_11' title="bbox 155 983 1203 1063; baseline 0.003 -20"><span class='ocrx_word' id='word_1_95' title='bbox 155 995 208 1045; x_wconf 85' lang='lat' dir='ltr'>loro</span> <span class='ocrx_word' id='word_1_96' title='bbox 226 983 385 1056; x_wconf 77' lang='grc' dir='ltr'><strong><em>αἰτεόμενον</em></strong></span> <span class='ocrx_word' id='word_1_97' title='bbox 405 991 517 1041; x_wconf 83' lang='lat' dir='ltr'>scribosl</span> <span class='ocrx_word' id='word_1_98' title='bbox 553 991 618 1039; x_wconf 88' lang='lat' dir='ltr'>Tum</span> <span class='ocrx_word' id='word_1_99' title='bbox 637 985 728 1056; x_wconf 76' lang='grc' dir='ltr'><strong><em>πολλῷ</em></strong></span> <span class='ocrx_word' id='word_1_100' title='bbox 746 1004 797 1039; x_wconf 90' lang='lat' dir='ltr'>om.</span> <span class='ocrx_word' id='word_1_101' title='bbox 813 990 930 1044; x_wconf 81' lang='lat' dir='ltr'>PKFcbc.</span> <span class='ocrx_word' id='word_1_102' title='bbox 948 1019 983 1030; x_wconf 86' lang='lat'><em>-</em></span> <span class='ocrx_word' id='word_1_103' title='bbox 999 1009 1021 1048; x_wconf 91' lang='grc' dir='ltr'>ο.</span> <span class='ocrx_word' id='word_1_104' title='bbox 1043 994 1084 1049; x_wconf 80' lang='grc'><strong>35.</strong></span> <span class='ocrx_word' id='word_1_105' title='bbox 1099 989 1203 1063; x_wconf 70' lang='grc' dir='ltr'><strong><em>Ἰθώμη</em></strong></span> 
     </span>
     <span class='ocr_line' id='line_1_12' title="bbox 154 1048 1202 1128; baseline 0.006 -17"><span class='ocrx_word' id='word_1_106' title='bbox 154 1063 281 1128; x_wconf 79' lang='lat' dir='ltr'>praeclare</span> <span class='ocrx_word' id='word_1_107' title='bbox 296 1060 443 1120; x_wconf 81' lang='lat' dir='ltr'>Polmerius‚</span> <span class='ocrx_word' id='word_1_108' title='bbox 463 1059 520 1108; x_wconf 84' lang='lat' dir='ltr'>libri</span> <span class='ocrx_word' id='word_1_109' title='bbox 534 1048 646 1125; x_wconf 74' lang='grc' dir='ltr'>Ἰσθμῷ.</span> <span class='ocrx_word' id='word_1_110' title='bbox 664 1085 697 1096; x_wconf 91' lang='lat'><em>-</em></span> <span class='ocrx_word' id='word_1_111' title='bbox 717 1074 739 1108; x_wconf 90' lang='lat' dir='ltr'>c.</span> <span class='ocrx_word' id='word_1_112' title='bbox 754 1056 795 1108; x_wconf 88' lang='grc'>37.</span> <span class='ocrx_word' id='word_1_113' title='bbox 814 1059 908 1125; x_wconf 82' lang='lat' dir='ltr'>Recepi</span> <span class='ocrx_word' id='word_1_114' title='bbox 925 1061 997 1113; x_wconf 79' lang='lat' dir='ltr'>Eltzii</span> <span class='ocrx_word' id='word_1_115' title='bbox 1013 1078 1038 1127; x_wconf 87' lang='lat' dir='ltr'>p.</span> <span class='ocrx_word' id='word_1_116' title='bbox 1055 1064 1104 1116; x_wconf 85' lang='grc'>343</span> <span class='ocrx_word' id='word_1_117' title='bbox 1119 1082 1202 1116; x_wconf 90' lang='lat' dir='ltr'>emen·</span> 
     </span>
     <span class='ocr_line' id='line_1_13' title="bbox 155 1123 1201 1199; baseline -0.001 -18"><span class='ocrx_word' id='word_1_118' title='bbox 155 1133 280 1181; x_wconf 67' lang='lat' dir='ltr'>lotionem</span> <span class='ocrx_word' id='word_1_119' title='bbox 299 1123 529 1193; x_wconf 73' lang='grc' dir='ltr'><strong><em>συμκεκρημένον.</em></strong></span> <span class='ocrx_word' id='word_1_120' title='bbox 559 1128 629 1178; x_wconf 87' lang='lat' dir='ltr'>Libri</span> <span class='ocrx_word' id='word_1_121' title='bbox 646 1123 893 1191; x_wconf 75' lang='grc' dir='ltr'><strong><em>συγκεκυρημένον,</em></strong></span> <span class='ocrx_word' id='word_1_122' title='bbox 912 1129 929 1179; x_wconf 89' lang='lat' dir='ltr'>S</span> <span class='ocrx_word' id='word_1_123' title='bbox 948 1130 1201 1199; x_wconf 78' lang='grc' dir='ltr'><strong><em>συγκεχωρημένον,</em></strong></span> 
     </span>
     <span class='ocr_line' id='line_1_14' title="bbox 154 1188 1201 1263; baseline 0.002 -13"><span class='ocrx_word' id='word_1_124' title='bbox 154 1228 187 1239; x_wconf 83' lang='lat'>-</span> <span class='ocrx_word' id='word_1_125' title='bbox 203 1216 225 1249; x_wconf 86' lang='lat' dir='ltr'>c.</span> <span class='ocrx_word' id='word_1_126' title='bbox 236 1201 279 1252; x_wconf 82' lang='lat'>45.</span> <span class='ocrx_word' id='word_1_127' title='bbox 299 1188 443 1263; x_wconf 77' lang='grc' dir='ltr'><strong><em>ἐξαίφνης,</em></strong></span> <span class='ocrx_word' id='word_1_128' title='bbox 462 1198 529 1260; x_wconf 89' lang='lat' dir='ltr'>quod</span> <span class='ocrx_word' id='word_1_129' title='bbox 546 1199 620 1247; x_wconf 83' lang='lat' dir='ltr'>uncis</span> <span class='ocrx_word' id='word_1_130' title='bbox 638 1196 807 1257; x_wconf 89' lang='lat' dir='ltr'>circumclusi,</span> <span class='ocrx_word' id='word_1_131' title='bbox 825 1198 896 1248; x_wconf 84' lang='lat' dir='ltr'>obest</span> <span class='ocrx_word' id='word_1_132' title='bbox 911 1200 942 1249; x_wconf 83' lang='lat' dir='ltr'>nb</span> <span class='ocrx_word' id='word_1_133' title='bbox 953 1199 995 1250; x_wconf 88' lang='lat' dir='ltr'>SV</span> <span class='ocrx_word' id='word_1_134' title='bbox 1007 1202 1148 1257; x_wconf 55' lang='lat' dir='ltr'>„vall-o.</span> <span class='ocrx_word' id='word_1_135' title='bbox 1158 1203 1201 1257; x_wconf 87' lang='grc'>49,</span> 
     </span>
     <span class='ocr_line' id='line_1_15' title="bbox 155 1256 1199 1332; baseline 0.006 -14"><span class='ocrx_word' id='word_1_136' title='bbox 155 1262 249 1332; x_wconf 80' lang='grc' dir='ltr'><strong><em>πρόσω</em></strong></span> <span class='ocrx_word' id='word_1_137' title='bbox 275 1257 380 1332; x_wconf 69' lang='grc' dir='ltr'><strong><em>ἐγίνετο</em></strong></span> <span class='ocrx_word' id='word_1_138' title='bbox 402 1269 483 1327; x_wconf 83' lang='lat' dir='ltr'>Febc,</span> <span class='ocrx_word' id='word_1_139' title='bbox 504 1256 610 1329; x_wconf 73' lang='grc' dir='ltr'><strong><em>ἐγένετο</em></strong></span> <span class='ocrx_word' id='word_1_140' title='bbox 632 1266 686 1320; x_wconf 82' lang='lat' dir='ltr'>alii.</span> <span class='ocrx_word' id='word_1_141' title='bbox 711 1295 746 1305; x_wconf 90' lang='lat'><em>-</em></span> <span class='ocrx_word' id='word_1_142' title='bbox 778 1282 800 1318; x_wconf 91' lang='grc' dir='ltr'>ο.</span> <span class='ocrx_word' id='word_1_143' title='bbox 817 1267 858 1318; x_wconf 81' lang='grc'><strong>50.</strong></span> <span class='ocrx_word' id='word_1_144' title='bbox 879 1268 1046 1320; x_wconf 81' lang='lat' dir='ltr'>Vehementer</span> <span class='ocrx_word' id='word_1_145' title='bbox 1065 1273 1151 1322; x_wconf 89' lang='lat' dir='ltr'>dubito</span> <span class='ocrx_word' id='word_1_146' title='bbox 1171 1288 1199 1325; x_wconf 85' lang='lat' dir='ltr'>cn</span> 
     </span>
     <span class='ocr_line' id='line_1_16' title="bbox 154 1330 1196 1403; baseline 0.005 -16"><span class='ocrx_word' id='word_1_147' title='bbox 154 1330 339 1387; x_wconf 77' lang='grc' dir='ltr'><strong><em>οἶτοκεκλὲατο</em></strong></span> <span class='ocrx_word' id='word_1_148' title='bbox 357 1344 424 1387; x_wconf 88' lang='lat' dir='ltr'>recte</span> <span class='ocrx_word' id='word_1_149' title='bbox 443 1336 578 1398; x_wconf 84' lang='lat' dir='ltr'>scribetur,</span> <span class='ocrx_word' id='word_1_150' title='bbox 597 1350 749 1398; x_wconf 82' lang='lat' dir='ltr'>quamquam</span> <span class='ocrx_word' id='word_1_151' title='bbox 768 1337 885 1400; x_wconf 83' lang='lat' dir='ltr'>probavit</span> <span class='ocrx_word' id='word_1_152' title='bbox 904 1337 978 1393; x_wconf 84' lang='lat' dir='ltr'>Bred.</span> <span class='ocrx_word' id='word_1_153' title='bbox 1001 1353 1026 1403; x_wconf 90' lang='lat' dir='ltr'>p.</span> <span class='ocrx_word' id='word_1_154' title='bbox 1043 1339 1101 1391; x_wconf 82' lang='lat'>329.</span> <span class='ocrx_word' id='word_1_155' title='bbox 1120 1367 1155 1378; x_wconf 92' lang='lat'>—</span> <span class='ocrx_word' id='word_1_156' title='bbox 1179 1357 1196 1403; x_wconf 80' lang='grc' dir='ltr'>ο,</span> 
     </span>
     <span class='ocr_line' id='line_1_17' title="bbox 155 1404 1202 1471; baseline 0 -12"><span class='ocrx_word' id='word_1_157' title='bbox 155 1407 195 1459; x_wconf 84' lang='grc'><strong>53.</strong></span> <span class='ocrx_word' id='word_1_158' title='bbox 226 1406 288 1457; x_wconf 80' lang='lat' dir='ltr'>Cum</span> <span class='ocrx_word' id='word_1_159' title='bbox 312 1409 338 1456; x_wconf 87' lang='lat' dir='ltr'>in</span> <span class='ocrx_word' id='word_1_160' title='bbox 363 1406 454 1455; x_wconf 81' lang='lat' dir='ltr'>talibus</span> <span class='ocrx_word' id='word_1_161' title='bbox 481 1405 531 1455; x_wconf 90' lang='lat' dir='ltr'>sibi</span> <span class='ocrx_word' id='word_1_162' title='bbox 549 1412 663 1454; x_wconf 83' lang='lat' dir='ltr'>constare</span> <span class='ocrx_word' id='word_1_163' title='bbox 680 1404 767 1454; x_wconf 80' lang='lat' dir='ltr'>deceat</span> <span class='ocrx_word' id='word_1_164' title='bbox 784 1405 876 1454; x_wconf 89' lang='lat' dir='ltr'>bonum</span> <span class='ocrx_word' id='word_1_165' title='bbox 899 1407 1046 1471; x_wconf 81' lang='lat' dir='ltr'>scriptorem</span> <span class='ocrx_word' id='word_1_166' title='bbox 1064 1417 1089 1458; x_wconf 93' lang='lat' dir='ltr'>et</span> <span class='ocrx_word' id='word_1_167' title='bbox 1107 1410 1202 1459; x_wconf 81' lang='lat' dir='ltr'>librarii</span> 
     </span>
     <span class='ocr_line' id='line_1_18' title="bbox 154 1473 1199 1540; baseline 0.003 -15"><span class='ocrx_word' id='word_1_168' title='bbox 154 1492 229 1539; x_wconf 84' lang='lat' dir='ltr'>quam</span> <span class='ocrx_word' id='word_1_169' title='bbox 242 1491 319 1540; x_wconf 80' lang='lat' dir='ltr'>saepe</span> <span class='ocrx_word' id='word_1_170' title='bbox 331 1476 357 1524; x_wconf 89' lang='lat' dir='ltr'>in</span> <span class='ocrx_word' id='word_1_171' title='bbox 372 1474 589 1524; x_wconf 81' lang='lat' dir='ltr'>terminationibus</span> <span class='ocrx_word' id='word_1_172' title='bbox 608 1473 753 1532; x_wconf 82' lang='lat' dir='ltr'>erraverint,</span> <span class='ocrx_word' id='word_1_173' title='bbox 773 1473 824 1522; x_wconf 89' lang='lat' dir='ltr'>dici</span> <span class='ocrx_word' id='word_1_174' title='bbox 843 1475 887 1523; x_wconf 88' lang='lat' dir='ltr'>vix</span> <span class='ocrx_word' id='word_1_175' title='bbox 903 1476 996 1538; x_wconf 87' lang='lat' dir='ltr'>possit,</span> <span class='ocrx_word' id='word_1_176' title='bbox 1016 1479 1134 1539; x_wconf 88' lang='lat' dir='ltr'>equidem</span> <span class='ocrx_word' id='word_1_177' title='bbox 1151 1480 1199 1528; x_wconf 84' lang='lat' dir='ltr'>dis·</span> 
     </span>
     <span class='ocr_line' id='line_1_19' title="bbox 155 1540 1203 1611; baseline 0.001 -16"><span class='ocrx_word' id='word_1_178' title='bbox 155 1545 216 1595; x_wconf 88' lang='lat' dir='ltr'>cedo</span> <span class='ocrx_word' id='word_1_179' title='bbox 240 1547 266 1594; x_wconf 91' lang='lat' dir='ltr'>in</span> <span class='ocrx_word' id='word_1_180' title='bbox 288 1545 379 1594; x_wconf 86' lang='lat' dir='ltr'>Koeuii</span> <span class='ocrx_word' id='word_1_181' title='bbox 403 1543 436 1592; x_wconf 85' lang='lat' dir='ltr'>cd</span> <span class='ocrx_word' id='word_1_182' title='bbox 463 1541 509 1592; x_wconf 84' lang='lat' dir='ltr'>Gre</span> <span class='ocrx_word' id='word_1_183' title='bbox 530 1583 536 1596; x_wconf 88' lang='lat'>.</span> <span class='ocrx_word' id='word_1_184' title='bbox 559 1540 616 1592; x_wconf 78' lang='lat' dir='ltr'>Gor.</span> <span class='ocrx_word' id='word_1_185' title='bbox 637 1557 663 1606; x_wconf 88' lang='lat' dir='ltr'>p.</span> <span class='ocrx_word' id='word_1_186' title='bbox 685 1541 917 1606; x_wconf 67' lang='lat' dir='ltr'>mesenensem,</span> <span class='ocrx_word' id='word_1_187' title='bbox 949 1558 995 1608; x_wconf 89' lang='lat' dir='ltr'>pro</span> <span class='ocrx_word' id='word_1_188' title='bbox 1024 1544 1203 1611; x_wconf 80' lang='grc' dir='ltr'><strong><em>Πιτανητέων</em></strong></span> 
     </span>
     <span class='ocr_line' id='line_1_20' title="bbox 154 1606 1202 1688; baseline 0.001 -25"><span class='ocrx_word' id='word_1_189' title='bbox 154 1615 316 1664; x_wconf 88' lang='lat' dir='ltr'>scribendum</span> <span class='ocrx_word' id='word_1_190' title='bbox 335 1627 390 1663; x_wconf 85' lang='lat' dir='ltr'>esso</span> <span class='ocrx_word' id='word_1_191' title='bbox 408 1611 580 1675; x_wconf 84' lang='grc' dir='ltr'><strong><em>Πιτανησεω,</em></strong></span> <span class='ocrx_word' id='word_1_192' title='bbox 597 1638 632 1648; x_wconf 84' lang='lat'><em>-</em></span> <span class='ocrx_word' id='word_1_193' title='bbox 652 1627 673 1688; x_wconf 75' lang='lat' dir='ltr'>p.</span> <span class='ocrx_word' id='word_1_194' title='bbox 692 1610 734 1661; x_wconf 77' lang='lat' dir='ltr'>nb.</span> <span class='ocrx_word' id='word_1_195' title='bbox 754 1610 917 1661; x_wconf 81' lang='lat' dir='ltr'>Valckenarii</span> <span class='ocrx_word' id='word_1_196' title='bbox 935 1615 1118 1678; x_wconf 80' lang='lat' dir='ltr'>suspicionem,</span> <span class='ocrx_word' id='word_1_197' title='bbox 1137 1606 1202 1664; x_wconf 76' lang='grc' dir='ltr'><strong><em>α’νοῖ·</em></strong></span> 
     </span>
     <span class='ocr_line' id='line_1_21' title="bbox 155 1671 1199 1750; baseline 0.004 -20"><span class='ocrx_word' id='word_1_198' title='bbox 155 1696 264 1747; x_wconf 85' lang='grc' dir='ltr'><strong><em>κτορον,</em></strong></span> <span class='ocrx_word' id='word_1_199' title='bbox 279 1697 324 1747; x_wconf 89' lang='lat' dir='ltr'>pro</span> <span class='ocrx_word' id='word_1_200' title='bbox 340 1697 390 1744; x_wconf 88' lang='lat' dir='ltr'>qno</span> <span class='ocrx_word' id='word_1_201' title='bbox 403 1681 494 1731; x_wconf 80' lang='lat' dir='ltr'>SVacrl</span> <span class='ocrx_word' id='word_1_202' title='bbox 512 1680 630 1730; x_wconf 85' lang='lat' dir='ltr'>exhibent</span> <span class='ocrx_word' id='word_1_203' title='bbox 645 1671 822 1742; x_wconf 88' lang='grc' dir='ltr'><strong><em>ανακτόριον,</em></strong></span> <span class='ocrx_word' id='word_1_204' title='bbox 842 1680 969 1746; x_wconf 76' lang='lat' dir='ltr'>glossema</span> <span class='ocrx_word' id='word_1_205' title='bbox 990 1698 1055 1744; x_wconf 89' lang='lat' dir='ltr'>esse,</span> <span class='ocrx_word' id='word_1_206' title='bbox 1070 1700 1199 1750; x_wconf 80' lang='lat' dir='ltr'>argumen·</span> 
     </span>
     <span class='ocr_line' id='line_1_22' title="bbox 156 1744 1201 1817; baseline 0.001 -16"><span class='ocrx_word' id='word_1_207' title='bbox 156 1754 188 1801; x_wconf 88' lang='lat' dir='ltr'>tis</span> <span class='ocrx_word' id='word_1_208' title='bbox 208 1751 364 1801; x_wconf 81' lang='lat' dir='ltr'>confirmavit</span> <span class='ocrx_word' id='word_1_209' title='bbox 377 1750 452 1805; x_wconf 86' lang='lat' dir='ltr'>Bred.</span> <span class='ocrx_word' id='word_1_210' title='bbox 471 1765 497 1814; x_wconf 86' lang='lat' dir='ltr'>p.</span> <span class='ocrx_word' id='word_1_211' title='bbox 517 1750 551 1801; x_wconf 85' lang='grc'>30</span> <span class='ocrx_word' id='word_1_212' title='bbox 569 1764 608 1811; x_wconf 86' lang='lat' dir='ltr'>sq.</span> <span class='ocrx_word' id='word_1_213' title='bbox 632 1775 666 1786; x_wconf 91' lang='lat'><em>-</em></span> <span class='ocrx_word' id='word_1_214' title='bbox 687 1765 709 1802; x_wconf 86' lang='lat' dir='ltr'>c.</span> <span class='ocrx_word' id='word_1_215' title='bbox 728 1750 770 1802; x_wconf 89' lang='grc'><strong>70.</strong></span> <span class='ocrx_word' id='word_1_216' title='bbox 796 1751 824 1797; x_wconf 90' lang='lat' dir='ltr'>ln</span> <span class='ocrx_word' id='word_1_217' title='bbox 843 1751 926 1801; x_wconf 86' lang='lat' dir='ltr'>verbis</span> <span class='ocrx_word' id='word_1_218' title='bbox 949 1762 1000 1813; x_wconf 82' lang='grc' dir='ltr'>σφι</span> <span class='ocrx_word' id='word_1_219' title='bbox 1017 1744 1047 1800; x_wconf 83' lang='grc' dir='ltr'>οἰ</span> <span class='ocrx_word' id='word_1_220' title='bbox 1062 1745 1201 1817; x_wconf 75' lang='grc' dir='ltr'><strong><em>Ἀθηναῖοι</em></strong></span> 
     </span>
     <span class='ocr_line' id='line_1_23' title="bbox 155 1811 1204 1888; baseline 0.001 -18"><span class='ocrx_word' id='word_1_221' title='bbox 155 1821 220 1870; x_wconf 88' lang='lat' dir='ltr'>male</span> <span class='ocrx_word' id='word_1_222' title='bbox 239 1820 372 1870; x_wconf 83' lang='lat' dir='ltr'>articulum</span> <span class='ocrx_word' id='word_1_223' title='bbox 390 1835 439 1869; x_wconf 89' lang='lat' dir='ltr'>om.</span> <span class='ocrx_word' id='word_1_224' title='bbox 460 1817 548 1869; x_wconf 77' lang='lat' dir='ltr'>svm.</span> <span class='ocrx_word' id='word_1_225' title='bbox 584 1820 676 1868; x_wconf 80' lang='lat' dir='ltr'>Postea</span> <span class='ocrx_word' id='word_1_226' title='bbox 696 1811 750 1880; x_wconf 82' lang='grc' dir='ltr'><strong><em>τὴν</em></strong></span> <span class='ocrx_word' id='word_1_227' title='bbox 772 1815 942 1880; x_wconf 74' lang='grc' dir='ltr'><strong><em>Μαρδονίου</em></strong></span> <span class='ocrx_word' id='word_1_228' title='bbox 965 1829 1030 1870; x_wconf 89' lang='lat' dir='ltr'>recte</span> <span class='ocrx_word' id='word_1_229' title='bbox 1052 1821 1084 1888; x_wconf 69' lang='lat' dir='ltr'>ll,</span> <span class='ocrx_word' id='word_1_230' title='bbox 1114 1822 1204 1884; x_wconf 87' lang='lat' dir='ltr'>reliqui</span> 
     </span>
     <span class='ocr_line' id='line_1_24' title="bbox 155 1876 1204 1953; baseline 0.003 -16"><span class='ocrx_word' id='word_1_231' title='bbox 155 1887 204 1937; x_wconf 83' lang='grc' dir='ltr'><strong><em>τοῦ</em></strong></span> <span class='ocrx_word' id='word_1_232' title='bbox 222 1889 264 1938; x_wconf 89' lang='grc' dir='ltr'>Μ.</span> <span class='ocrx_word' id='word_1_233' title='bbox 286 1917 319 1927; x_wconf 86' lang='grc'>-</span> <span class='ocrx_word' id='word_1_234' title='bbox 340 1905 363 1942; x_wconf 85' lang='grc' dir='ltr'>ο.</span> <span class='ocrx_word' id='word_1_235' title='bbox 384 1889 427 1939; x_wconf 89' lang='grc'><strong>71.</strong></span> <span class='ocrx_word' id='word_1_236' title='bbox 445 1887 500 1937; x_wconf 88' lang='lat' dir='ltr'>Non</span> <span class='ocrx_word' id='word_1_237' title='bbox 521 1888 635 1937; x_wconf 77' lang='lat' dir='ltr'>dubitavi</span> <span class='ocrx_word' id='word_1_238' title='bbox 658 1886 771 1951; x_wconf 86' lang='lat' dir='ltr'>recipere</span> <span class='ocrx_word' id='word_1_239' title='bbox 792 1888 849 1937; x_wconf 85' lang='lat' dir='ltr'>cod.</span> <span class='ocrx_word' id='word_1_240' title='bbox 872 1887 889 1937; x_wconf 89' lang='lat' dir='ltr'>S</span> <span class='ocrx_word' id='word_1_241' title='bbox 912 1891 1060 1953; x_wconf 79' lang='lat' dir='ltr'>scripturam</span> <span class='ocrx_word' id='word_1_242' title='bbox 1079 1876 1155 1940; x_wconf 74' lang='grc' dir='ltr'><strong><em>οὗτοι</em></strong></span> <span class='ocrx_word' id='word_1_243' title='bbox 1173 1884 1204 1940; x_wconf 73' lang='grc' dir='ltr'>δὲ</span> 
     </span>
     <span class='ocr_line' id='line_1_25' title="bbox 155 1950 1204 2024; baseline 0.001 -18"><span class='ocrx_word' id='word_1_244' title='bbox 155 1952 220 2014; x_wconf 78' lang='grc' dir='ltr'><strong><em>τοὺς</em></strong></span> <span class='ocrx_word' id='word_1_245' title='bbox 240 1952 369 2018; x_wconf 73' lang='grc' dir='ltr'><strong><em>κατέλεξα</em></strong></span> <span class='ocrx_word' id='word_1_246' title='bbox 387 1950 502 2018; x_wconf 77' lang='grc' dir='ltr'><strong><em>πάντες,</em></strong></span> <span class='ocrx_word' id='word_1_247' title='bbox 520 1969 672 2020; x_wconf 80' lang='lat' dir='ltr'>quemquem</span> <span class='ocrx_word' id='word_1_248' title='bbox 686 1955 740 2004; x_wconf 87' lang='lat' dir='ltr'>vidi</span> <span class='ocrx_word' id='word_1_249' title='bbox 758 1970 828 2015; x_wconf 82' lang='lat' dir='ltr'>esse,</span> <span class='ocrx_word' id='word_1_250' title='bbox 852 1959 894 2018; x_wconf 90' lang='lat' dir='ltr'>qui</span> <span class='ocrx_word' id='word_1_251' title='bbox 913 1955 961 2006; x_wconf 92' lang='lat' dir='ltr'>hoc</span> <span class='ocrx_word' id='word_1_252' title='bbox 978 1962 1141 2024; x_wconf 76' lang='lat' dir='ltr'>grammatico</span> <span class='ocrx_word' id='word_1_253' title='bbox 1159 1961 1204 2010; x_wconf 89' lang='lat' dir='ltr'>tri-</span> 
     </span>
     <span class='ocr_line' id='line_1_26' title="bbox 157 2017 1201 2094; baseline 0 -18"><span class='ocrx_word' id='word_1_254' title='bbox 157 2029 266 2087; x_wconf 85' lang='lat' dir='ltr'>buerent,</span> <span class='ocrx_word' id='word_1_255' title='bbox 284 2026 431 2092; x_wconf 84' lang='lat' dir='ltr'>impeditius</span> <span class='ocrx_word' id='word_1_256' title='bbox 449 2041 529 2093; x_wconf 87' lang='lat' dir='ltr'>genus</span> <span class='ocrx_word' id='word_1_257' title='bbox 547 2025 668 2089; x_wconf 89' lang='lat' dir='ltr'>loquendi</span> <span class='ocrx_word' id='word_1_258' title='bbox 682 2017 789 2081; x_wconf 77' lang='grc' dir='ltr'><strong><em>πάντας</em></strong></span> <span class='ocrx_word' id='word_1_259' title='bbox 798 2024 923 2075; x_wconf 86' lang='lat' dir='ltr'>Herodoto</span> <span class='ocrx_word' id='word_1_260' title='bbox 932 2026 1089 2077; x_wconf 76' lang='lat' dir='ltr'>vindicarent</span> <span class='ocrx_word' id='word_1_261' title='bbox 1099 2029 1201 2094; x_wconf 77' lang='lat' dir='ltr'>(Motth,</span> 
     </span>
     <span class='ocr_line' id='line_1_27' title="bbox 156 2084 1202 2162; baseline 0.003 -17"><span class='ocrx_word' id='word_1_262' title='bbox 156 2095 197 2145; x_wconf 89' lang='lat' dir='ltr'>Gr.</span> <span class='ocrx_word' id='word_1_263' title='bbox 218 2095 260 2145; x_wconf 87' lang='lat' dir='ltr'>Gr.</span> <span class='ocrx_word' id='word_1_264' title='bbox 279 2098 301 2145; x_wconf 91' lang='lat' dir='ltr'>ll</span> <span class='ocrx_word' id='word_1_265' title='bbox 319 2112 345 2161; x_wconf 88' lang='lat' dir='ltr'>p.</span> <span class='ocrx_word' id='word_1_266' title='bbox 363 2094 438 2159; x_wconf 84' lang='grc'><strong>887).</strong></span> <span class='ocrx_word' id='word_1_267' title='bbox 462 2121 498 2132; x_wconf 91' lang='grc'><strong>-</strong></span> <span class='ocrx_word' id='word_1_268' title='bbox 513 2111 536 2148; x_wconf 87' lang='grc' dir='ltr'>ο.</span> <span class='ocrx_word' id='word_1_269' title='bbox 556 2093 599 2145; x_wconf 88' lang='grc'><strong>70.</strong></span> <span class='ocrx_word' id='word_1_270' title='bbox 620 2087 668 2141; x_wconf 77' lang='grc' dir='ltr'><strong><em>καὶ</em></strong></span> <span class='ocrx_word' id='word_1_271' title='bbox 693 2084 726 2140; x_wconf 76' lang='grc' dir='ltr'>αἱ</span> <span class='ocrx_word' id='word_1_272' title='bbox 749 2084 906 2157; x_wconf 74' lang='grc' dir='ltr'><strong><em>ἀμφίπολοι</em></strong></span> <span class='ocrx_word' id='word_1_273' title='bbox 924 2102 991 2144; x_wconf 89' lang='lat' dir='ltr'>recte</span> <span class='ocrx_word' id='word_1_274' title='bbox 1008 2095 1112 2157; x_wconf 75' lang='lat' dir='ltr'>Reish,</span> <span class='ocrx_word' id='word_1_275' title='bbox 1131 2098 1202 2162; x_wconf 87' lang='lat' dir='ltr'>prob.</span> 
     </span>
     <span class='ocr_line' id='line_1_28' title="bbox 156 2154 1201 2229; baseline 0.001 -15"><span class='ocrx_word' id='word_1_276' title='bbox 156 2173 255 2229; x_wconf 82' lang='lat' dir='ltr'>praeter</span> <span class='ocrx_word' id='word_1_277' title='bbox 273 2165 336 2215; x_wconf 83' lang='lat' dir='ltr'>elios</span> <span class='ocrx_word' id='word_1_278' title='bbox 352 2164 451 2217; x_wconf 75' lang='lat' dir='ltr'>herold.</span> <span class='ocrx_word' id='word_1_279' title='bbox 470 2179 495 2228; x_wconf 92' lang='lat' dir='ltr'>p.</span> <span class='ocrx_word' id='word_1_280' title='bbox 517 2162 558 2217; x_wconf 83' lang='lat'>16.</span> <span class='ocrx_word' id='word_1_281' title='bbox 595 2163 666 2212; x_wconf 91' lang='lat' dir='ltr'>Libri</span> <span class='ocrx_word' id='word_1_282' title='bbox 685 2154 718 2211; x_wconf 85' lang='grc' dir='ltr'>αἰ</span> <span class='ocrx_word' id='word_1_283' title='bbox 731 2178 782 2215; x_wconf 88' lang='lat' dir='ltr'>cm.</span> <span class='ocrx_word' id='word_1_284' title='bbox 816 2163 844 2212; x_wconf 90' lang='lat' dir='ltr'>In</span> <span class='ocrx_word' id='word_1_285' title='bbox 859 2164 977 2213; x_wconf 85' lang='lat' dir='ltr'>extremis</span> <span class='ocrx_word' id='word_1_286' title='bbox 995 2166 1079 2214; x_wconf 87' lang='lat' dir='ltr'>verbis</span> <span class='ocrx_word' id='word_1_287' title='bbox 1096 2166 1201 2216; x_wconf 83' lang='lat' dir='ltr'>Belrlreri</span> 
     </span>
     <span class='ocr_line' id='line_1_29' title="bbox 155 2222 1203 2297; baseline 0.002 -14"><span class='ocrx_word' id='word_1_288' title='bbox 155 2236 316 2293; x_wconf 85' lang='lat' dir='ltr'>coniectum,</span> <span class='ocrx_word' id='word_1_289' title='bbox 338 2229 400 2282; x_wconf 86' lang='grc' dir='ltr'><strong><em>τότε</em></strong></span> <span class='ocrx_word' id='word_1_290' title='bbox 419 2227 469 2296; x_wconf 75' lang='grc' dir='ltr'>μέν</span> <span class='ocrx_word' id='word_1_291' title='bbox 488 2247 537 2297; x_wconf 82' lang='grc' dir='ltr'>μιν</span> <span class='ocrx_word' id='word_1_292' title='bbox 555 2222 707 2295; x_wconf 72' lang='grc' dir='ltr'><strong><em>ἀπέτρεψε,</em></strong></span> <span class='ocrx_word' id='word_1_293' title='bbox 725 2232 857 2296; x_wconf 83' lang='lat' dir='ltr'>ingeniose</span> <span class='ocrx_word' id='word_1_294' title='bbox 875 2232 978 2294; x_wconf 86' lang='lat' dir='ltr'>quidem</span> <span class='ocrx_word' id='word_1_295' title='bbox 997 2248 1043 2284; x_wconf 87' lang='lat' dir='ltr'>uec</span> <span class='ocrx_word' id='word_1_296' title='bbox 1059 2241 1143 2285; x_wconf 80' lang='lat' dir='ltr'>tumen</span> <span class='ocrx_word' id='word_1_297' title='bbox 1161 2251 1203 2284; x_wconf 85' lang='lat' dir='ltr'>ne·</span> 
     </span>
     <span class='ocr_line' id='line_1_30' title="bbox 156 2290 1203 2367; baseline 0.001 -16"><span class='ocrx_word' id='word_1_298' title='bbox 156 2305 265 2353; x_wconf 81' lang='lat' dir='ltr'>cessarie</span> <span class='ocrx_word' id='word_1_299' title='bbox 283 2310 329 2357; x_wconf 88' lang='lat' dir='ltr'>est.</span> <span class='ocrx_word' id='word_1_300' title='bbox 348 2330 383 2341; x_wconf 90' lang='lat'><em>-</em></span> <span class='ocrx_word' id='word_1_301' title='bbox 401 2319 422 2352; x_wconf 90' lang='lat' dir='ltr'>c.</span> <span class='ocrx_word' id='word_1_302' title='bbox 442 2303 475 2351; x_wconf 91' lang='grc'>77</span> <span class='ocrx_word' id='word_1_303' title='bbox 489 2317 534 2366; x_wconf 89' lang='lat' dir='ltr'>pro</span> <span class='ocrx_word' id='word_1_304' title='bbox 553 2290 662 2364; x_wconf 78' lang='grc' dir='ltr'><strong><em>ὕστερον</em></strong></span> <span class='ocrx_word' id='word_1_305' title='bbox 680 2298 776 2350; x_wconf 74' lang='lat' dir='ltr'>svera</span> <span class='ocrx_word' id='word_1_306' title='bbox 792 2308 847 2349; x_wconf 84' lang='lat' dir='ltr'>etc</span> <span class='ocrx_word' id='word_1_307' title='bbox 868 2316 901 2350; x_wconf 89' lang='lat' dir='ltr'>ex</span> <span class='ocrx_word' id='word_1_308' title='bbox 918 2317 982 2351; x_wconf 82' lang='lat' dir='ltr'>corr.</span> <span class='ocrx_word' id='word_1_309' title='bbox 1000 2291 1116 2367; x_wconf 73' lang='grc' dir='ltr'><strong><em>ὕστερον</em></strong></span> <span class='ocrx_word' id='word_1_310' title='bbox 1132 2305 1203 2354; x_wconf 85' lang='lat' dir='ltr'>exhi-</span> 
     </span>
     <span class='ocr_line' id='line_1_31' title="bbox 157 2363 1204 2432; baseline -0.001 -11"><span class='ocrx_word' id='word_1_311' title='bbox 157 2374 223 2421; x_wconf 88' lang='lat' dir='ltr'>bent.</span> <span class='ocrx_word' id='word_1_312' title='bbox 241 2398 275 2410; x_wconf 95' lang='lat'><em>-</em></span> <span class='ocrx_word' id='word_1_313' title='bbox 294 2387 315 2422; x_wconf 87' lang='lat' dir='ltr'>c.</span> <span class='ocrx_word' id='word_1_314' title='bbox 336 2370 377 2421; x_wconf 84' lang='lat'>78.</span> <span class='ocrx_word' id='word_1_315' title='bbox 396 2371 443 2420; x_wconf 91' lang='lat' dir='ltr'>Pro</span> <span class='ocrx_word' id='word_1_316' title='bbox 462 2371 554 2421; x_wconf 87' lang='lat' dir='ltr'>vitioso</span> <span class='ocrx_word' id='word_1_317' title='bbox 568 2363 761 2432; x_wconf 69' lang='grc' dir='ltr'><strong><em>τετιμώρησαι,</em></strong></span> <span class='ocrx_word' id='word_1_318' title='bbox 778 2370 846 2432; x_wconf 89' lang='lat' dir='ltr'>quod</span> <span class='ocrx_word' id='word_1_319' title='bbox 865 2372 891 2419; x_wconf 89' lang='lat' dir='ltr'>in</span> <span class='ocrx_word' id='word_1_320' title='bbox 911 2371 981 2420; x_wconf 87' lang='lat' dir='ltr'>libris</span> <span class='ocrx_word' id='word_1_321' title='bbox 1002 2381 1054 2431; x_wconf 83' lang='lat' dir='ltr'>est,</span> <span class='ocrx_word' id='word_1_322' title='bbox 1072 2381 1139 2422; x_wconf 90' lang='lat' dir='ltr'>recte</span> <span class='ocrx_word' id='word_1_323' title='bbox 1157 2373 1204 2423; x_wconf 88' lang='lat' dir='ltr'>Sii-</span> 
     </span>
     <span class='ocr_line' id='line_1_32' title="bbox 157 2435 1204 2506; baseline 0.003 -19"><span class='ocrx_word' id='word_1_324' title='bbox 157 2441 257 2490; x_wconf 90' lang='lat' dir='ltr'>vernius</span> <span class='ocrx_word' id='word_1_325' title='bbox 273 2437 470 2504; x_wconf 79' lang='grc' dir='ltr'><strong><em>τετιμωρήσεαι</em></strong></span> <span class='ocrx_word' id='word_1_326' title='bbox 487 2441 552 2489; x_wconf 84' lang='lat' dir='ltr'>coni.</span> <span class='ocrx_word' id='word_1_327' title='bbox 593 2439 652 2491; x_wconf 89' lang='lat' dir='ltr'>Vid.</span> <span class='ocrx_word' id='word_1_328' title='bbox 675 2438 748 2490; x_wconf 90' lang='lat' dir='ltr'>Bred.</span> <span class='ocrx_word' id='word_1_329' title='bbox 769 2453 794 2502; x_wconf 90' lang='lat' dir='ltr'>p.</span> <span class='ocrx_word' id='word_1_330' title='bbox 814 2437 872 2488; x_wconf 77' lang='lat'>322.</span> <span class='ocrx_word' id='word_1_331' title='bbox 890 2465 925 2476; x_wconf 93' lang='lat'><strong>—</strong></span> <span class='ocrx_word' id='word_1_332' title='bbox 943 2455 965 2490; x_wconf 84' lang='lat' dir='ltr'>c.</span> <span class='ocrx_word' id='word_1_333' title='bbox 984 2440 1019 2490; x_wconf 82' lang='lat'>82</span> <span class='ocrx_word' id='word_1_334' title='bbox 1035 2456 1082 2506; x_wconf 88' lang='lat' dir='ltr'>pro</span> <span class='ocrx_word' id='word_1_335' title='bbox 1099 2435 1204 2499; x_wconf 69' lang='grc' dir='ltr'><strong><em>καθώς,</em></strong></span> 
     </span>
     <span class='ocr_line' id='line_1_33' title="bbox 157 2500 1203 2569; baseline 0.003 -13"><span class='ocrx_word' id='word_1_336' title='bbox 157 2509 225 2569; x_wconf 89' lang='lat' dir='ltr'>qnod</span> <span class='ocrx_word' id='word_1_337' title='bbox 242 2506 283 2557; x_wconf 87' lang='lat' dir='ltr'>SV</span> <span class='ocrx_word' id='word_1_338' title='bbox 303 2508 435 2569; x_wconf 82' lang='lat' dir='ltr'>exhibent,</span> <span class='ocrx_word' id='word_1_339' title='bbox 464 2516 507 2558; x_wconf 77' lang='lat' dir='ltr'>ortt</span> <span class='ocrx_word' id='word_1_340' title='bbox 525 2505 575 2556; x_wconf 89' lang='grc' dir='ltr'><strong><em>καί</em></strong></span> <span class='ocrx_word' id='word_1_341' title='bbox 590 2522 647 2556; x_wconf 90' lang='lat' dir='ltr'>cum</span> <span class='ocrx_word' id='word_1_342' title='bbox 670 2506 775 2569; x_wconf 86' lang='lat' dir='ltr'>reliquis</span> <span class='ocrx_word' id='word_1_343' title='bbox 794 2506 865 2557; x_wconf 89' lang='lat' dir='ltr'>libris</span> <span class='ocrx_word' id='word_1_344' title='bbox 891 2516 934 2558; x_wconf 78' lang='lat' dir='ltr'>cut</span> <span class='ocrx_word' id='word_1_345' title='bbox 956 2500 1026 2558; x_wconf 82' lang='grc' dir='ltr'><strong><em>κατοί</em></strong></span> <span class='ocrx_word' id='word_1_346' title='bbox 1044 2510 1203 2561; x_wconf 88' lang='lat' dir='ltr'>scribendum</span> 
     </span>
     <span class='ocr_line' id='line_1_34' title="bbox 156 2570 1201 2641; baseline 0.003 -16"><span class='ocrx_word' id='word_1_347' title='bbox 156 2585 201 2629; x_wconf 89' lang='lat' dir='ltr'>est.</span> <span class='ocrx_word' id='word_1_348' title='bbox 236 2576 296 2628; x_wconf 86' lang='lat' dir='ltr'>Vid.</span> <span class='ocrx_word' id='word_1_349' title='bbox 313 2576 387 2630; x_wconf 84' lang='lat' dir='ltr'>Bred.</span> <span class='ocrx_word' id='word_1_350' title='bbox 407 2592 434 2641; x_wconf 89' lang='lat' dir='ltr'>p.</span> <span class='ocrx_word' id='word_1_351' title='bbox 451 2576 485 2628; x_wconf 82' lang='grc'>93</span> <span class='ocrx_word' id='word_1_352' title='bbox 503 2577 575 2627; x_wconf 80' lang='lat' dir='ltr'>etad</span> <span class='ocrx_word' id='word_1_353' title='bbox 591 2577 621 2635; x_wconf 89' lang='grc' dir='ltr'>ΙΙ,</span> <span class='ocrx_word' id='word_1_354' title='bbox 639 2575 682 2628; x_wconf 87' lang='grc'><strong>99.</strong></span> <span class='ocrx_word' id='word_1_355' title='bbox 697 2600 732 2611; x_wconf 83' lang='grc'><strong>-</strong></span> <span class='ocrx_word' id='word_1_356' title='bbox 747 2591 768 2625; x_wconf 87' lang='grc' dir='ltr'>ο.</span> <span class='ocrx_word' id='word_1_357' title='bbox 788 2574 822 2625; x_wconf 81' lang='grc'>85</span> <span class='ocrx_word' id='word_1_358' title='bbox 839 2590 885 2641; x_wconf 90' lang='lat' dir='ltr'>pro</span> <span class='ocrx_word' id='word_1_359' title='bbox 905 2570 981 2640; x_wconf 75' lang='grc' dir='ltr'><strong><em>ἱρέας</em></strong></span> <span class='ocrx_word' id='word_1_360' title='bbox 998 2586 1021 2627; x_wconf 88' lang='lat' dir='ltr'>et</span> <span class='ocrx_word' id='word_1_361' title='bbox 1040 2571 1119 2641; x_wconf 76' lang='grc' dir='ltr'><strong><em>ἰρεες,</em></strong></span> <span class='ocrx_word' id='word_1_362' title='bbox 1137 2577 1201 2641; x_wconf 68' lang='lat' dir='ltr'>otro&lt;</span> 
     </span>
     <span class='ocr_line' id='line_1_35' title="bbox 155 2637 1202 2708; baseline 0.005 -17"><span class='ocrx_word' id='word_1_363' title='bbox 155 2644 213 2694; x_wconf 89' lang='lat' dir='ltr'>libri</span> <span class='ocrx_word' id='word_1_364' title='bbox 233 2643 367 2705; x_wconf 85' lang='lat' dir='ltr'>exhibent,</span> <span class='ocrx_word' id='word_1_365' title='bbox 392 2647 531 2694; x_wconf 78' lang='lat' dir='ltr'>rectissime</span> <span class='ocrx_word' id='word_1_366' title='bbox 548 2643 636 2694; x_wconf 79' lang='lat' dir='ltr'>Velclr.</span> <span class='ocrx_word' id='word_1_367' title='bbox 657 2637 751 2708; x_wconf 81' lang='grc' dir='ltr'><strong><em>ἰρένας</em></strong></span> <span class='ocrx_word' id='word_1_368' title='bbox 775 2651 799 2693; x_wconf 87' lang='lat' dir='ltr'>et</span> <span class='ocrx_word' id='word_1_369' title='bbox 820 2637 909 2708; x_wconf 79' lang='grc' dir='ltr'><strong><em>ἰρένες</em></strong></span> <span class='ocrx_word' id='word_1_370' title='bbox 926 2647 1042 2699; x_wconf 84' lang='lat' dir='ltr'>coniecit.</span> <span class='ocrx_word' id='word_1_371' title='bbox 1060 2677 1095 2687; x_wconf 89' lang='grc'><strong>-</strong></span> <span class='ocrx_word' id='word_1_372' title='bbox 1119 2664 1140 2698; x_wconf 86' lang='lat' dir='ltr'>c.</span> <span class='ocrx_word' id='word_1_373' title='bbox 1159 2645 1202 2701; x_wconf 91' lang='grc'><strong>90.</strong></span> 
     </span>
     <span class='ocr_line' id='line_1_36' title="bbox 156 2703 1204 2780; baseline 0.005 -20"><span class='ocrx_word' id='word_1_374' title='bbox 156 2703 253 2774; x_wconf 70' lang='grc' dir='ltr'><strong><em>ἐπειδὴ</em></strong></span> <span class='ocrx_word' id='word_1_375' title='bbox 273 2704 324 2775; x_wconf 78' lang='grc' dir='ltr'>γάρ</span> <span class='ocrx_word' id='word_1_376' title='bbox 342 2715 432 2778; x_wconf 79' lang='lat' dir='ltr'>scripsi</span> <span class='ocrx_word' id='word_1_377' title='bbox 451 2730 507 2763; x_wconf 90' lang='lat' dir='ltr'>cum</span> <span class='ocrx_word' id='word_1_378' title='bbox 525 2712 542 2762; x_wconf 85' lang='lat' dir='ltr'>S</span> <span class='ocrx_word' id='word_1_379' title='bbox 560 2715 608 2773; x_wconf 84' lang='lat' dir='ltr'>el,</span> <span class='ocrx_word' id='word_1_380' title='bbox 633 2716 715 2780; x_wconf 82' lang='lat' dir='ltr'>magis</span> <span class='ocrx_word' id='word_1_381' title='bbox 731 2714 877 2763; x_wconf 76' lang='lat' dir='ltr'>anctoritate</span> <span class='ocrx_word' id='word_1_382' title='bbox 894 2714 962 2764; x_wconf 88' lang='lat' dir='ltr'>illins</span> <span class='ocrx_word' id='word_1_383' title='bbox 980 2716 1077 2765; x_wconf 90' lang='lat' dir='ltr'>codicis</span> <span class='ocrx_word' id='word_1_384' title='bbox 1095 2731 1204 2765; x_wconf 86' lang='lat' dir='ltr'>commo·</span> 
     </span>
     <span class='ocr_line' id='line_1_37' title="bbox 157 2774 1204 2849; baseline 0.004 -19"><span class='ocrx_word' id='word_1_385' title='bbox 157 2790 206 2841; x_wconf 88' lang='lat' dir='ltr'>tus,</span> <span class='ocrx_word' id='word_1_386' title='bbox 225 2796 301 2843; x_wconf 80' lang='lat' dir='ltr'>quum</span> <span class='ocrx_word' id='word_1_387' title='bbox 319 2780 369 2829; x_wconf 82' lang='lat' dir='ltr'>alia</span> <span class='ocrx_word' id='word_1_388' title='bbox 382 2796 485 2838; x_wconf 63' lang='lat' dir='ltr'>oensem</span> <span class='ocrx_word' id='word_1_389' title='bbox 502 2782 552 2832; x_wconf 78' lang='lat' dir='ltr'>PF:</span> <span class='ocrx_word' id='word_1_390' title='bbox 567 2774 626 2830; x_wconf 75' lang='grc' dir='ltr'><strong><em>ἐπεὶ</em></strong></span> <span class='ocrx_word' id='word_1_391' title='bbox 644 2777 696 2847; x_wconf 80' lang='grc' dir='ltr'>γὰρ</span> <span class='ocrx_word' id='word_1_392' title='bbox 715 2774 760 2846; x_wconf 69' lang='grc' dir='ltr'>δή,</span> <span class='ocrx_word' id='word_1_393' title='bbox 788 2809 822 2820; x_wconf 88' lang='lat'>-·</span> <span class='ocrx_word' id='word_1_394' title='bbox 844 2798 866 2831; x_wconf 88' lang='lat' dir='ltr'>c.</span> <span class='ocrx_word' id='word_1_395' title='bbox 891 2781 926 2833; x_wconf 82' lang='lat'>92</span> <span class='ocrx_word' id='word_1_396' title='bbox 948 2799 994 2849; x_wconf 86' lang='lat' dir='ltr'>pro</span> <span class='ocrx_word' id='word_1_397' title='bbox 1019 2777 1050 2833; x_wconf 75' lang='lat' dir='ltr'>oi</span> <span class='ocrx_word' id='word_1_398' title='bbox 1070 2777 1121 2849; x_wconf 71' lang='grc' dir='ltr'>μὲν</span> <span class='ocrx_word' id='word_1_399' title='bbox 1139 2775 1204 2834; x_wconf 75' lang='grc' dir='ltr'><strong><em>οἰκιέ-</em></strong></span> 
     </span>
     <span class='ocr_line' id='line_1_38' title="bbox 157 2841 1205 2932; baseline 0.004 -34"><span class='ocrx_word' id='word_1_400' title='bbox 157 2849 252 2898; x_wconf 79' lang='grc' dir='ltr'><strong><em>τιλωον</em></strong></span> <span class='ocrx_word' id='word_1_401' title='bbox 270 2850 401 2932; x_wconf 79' lang='lat' dir='ltr'>ingeniose</span> <span class='ocrx_word' id='word_1_402' title='bbox 419 2850 498 2900; x_wconf 78' lang='lat' dir='ltr'>Belrlr.</span> <span class='ocrx_word' id='word_1_403' title='bbox 519 2852 625 2900; x_wconf 86' lang='lat' dir='ltr'>coniecit</span> <span class='ocrx_word' id='word_1_404' title='bbox 642 2844 672 2901; x_wconf 83' lang='grc' dir='ltr'>οἰ</span> <span class='ocrx_word' id='word_1_405' title='bbox 686 2843 736 2916; x_wconf 73' lang='grc' dir='ltr'>μὲν</span> <span class='ocrx_word' id='word_1_406' title='bbox 755 2843 805 2899; x_wconf 77' lang='grc' dir='ltr'>δυσ</span> <span class='ocrx_word' id='word_1_407' title='bbox 823 2841 979 2902; x_wconf 71' lang='grc' dir='ltr'><strong><em>ἀπέπλωον.</em></strong></span> <span class='ocrx_word' id='word_1_408' title='bbox 999 2880 1032 2890; x_wconf 91' lang='grc'><strong>-</strong></span> <span class='ocrx_word' id='word_1_409' title='bbox 1049 2870 1072 2907; x_wconf 92' lang='lat' dir='ltr'>c.</span> <span class='ocrx_word' id='word_1_410' title='bbox 1086 2854 1129 2906; x_wconf 86' lang='grc'><strong>93.</strong></span> <span class='ocrx_word' id='word_1_411' title='bbox 1144 2845 1205 2902; x_wconf 77' lang='grc' dir='ltr'><strong><em>ἐπεί</em></strong></span> 
     </span>
     <span class='ocr_line' id='line_1_39' title="bbox 155 2911 1204 2988; baseline 0.003 -21"><span class='ocrx_word' id='word_1_412' title='bbox 155 2933 184 2968; x_wconf 83' lang='grc' dir='ltr'><strong><em>τε</em></strong></span> <span class='ocrx_word' id='word_1_413' title='bbox 202 2912 366 2982; x_wconf 79' lang='grc' dir='ltr'><strong><em>ἔτειρωτεον</em></strong></span> <span class='ocrx_word' id='word_1_414' title='bbox 384 2918 470 2969; x_wconf 82' lang='lat' dir='ltr'>Reislr.</span> <span class='ocrx_word' id='word_1_415' title='bbox 497 2919 565 2970; x_wconf 88' lang='lat' dir='ltr'>Libri</span> <span class='ocrx_word' id='word_1_416' title='bbox 584 2912 678 2969; x_wconf 78' lang='grc' dir='ltr'><strong><em>ἔπειτα</em></strong></span> <span class='ocrx_word' id='word_1_417' title='bbox 691 2921 731 2970; x_wconf 85' lang='lat' dir='ltr'>rel</span> <span class='ocrx_word' id='word_1_418' title='bbox 749 2911 809 2970; x_wconf 73' lang='grc' dir='ltr'>ἐπεὶ</span> <span class='ocrx_word' id='word_1_419' title='bbox 824 2912 885 2984; x_wconf 79' lang='grc' dir='ltr'>γάρ.</span> <span class='ocrx_word' id='word_1_420' title='bbox 902 2947 937 2958; x_wconf 93' lang='lat'>—-</span> <span class='ocrx_word' id='word_1_421' title='bbox 951 2939 972 2971; x_wconf 91' lang='lat' dir='ltr'>c.</span> <span class='ocrx_word' id='word_1_422' title='bbox 988 2920 1031 2974; x_wconf 86' lang='grc'><strong>98.</strong></span> <span class='ocrx_word' id='word_1_423' title='bbox 1051 2915 1118 2988; x_wconf 79' lang='grc' dir='ltr'>ὁμὴ</span> <span class='ocrx_word' id='word_1_424' title='bbox 1137 2913 1204 2973; x_wconf 77' lang='grc' dir='ltr'><strong><em>ἰτα-</em></strong></span> 
     </span>
     <span class='ocr_line' id='line_1_40' title="bbox 155 2977 1205 3054; baseline 0.003 -18"><span class='ocrx_word' id='word_1_425' title='bbox 155 2980 258 3046; x_wconf 77' lang='grc' dir='ltr'><strong><em>καύσας</em></strong></span> <span class='ocrx_word' id='word_1_426' title='bbox 275 2988 364 3049; x_wconf 84' lang='lat' dir='ltr'>Belrlr.,</span> <span class='ocrx_word' id='word_1_427' title='bbox 383 2977 535 3045; x_wconf 74' lang='grc' dir='ltr'><strong><em>ἐσακούσας</em></strong></span> <span class='ocrx_word' id='word_1_428' title='bbox 551 2989 597 3048; x_wconf 77' lang='lat' dir='ltr'>PF,</span> <span class='ocrx_word' id='word_1_429' title='bbox 620 2980 740 3046; x_wconf 69' lang='grc' dir='ltr'><strong><em>οἰκούσας</em></strong></span> <span class='ocrx_word' id='word_1_430' title='bbox 758 2989 784 3039; x_wconf 88' lang='lat' dir='ltr'>S.</span> <span class='ocrx_word' id='word_1_431' title='bbox 805 3016 840 3026; x_wconf 93' lang='lat'><em>-</em></span> <span class='ocrx_word' id='word_1_432' title='bbox 859 3006 882 3040; x_wconf 87' lang='lat' dir='ltr'>c.</span> <span class='ocrx_word' id='word_1_433' title='bbox 903 2991 953 3042; x_wconf 88' lang='lat'>100</span> <span class='ocrx_word' id='word_1_434' title='bbox 966 2991 1030 3041; x_wconf 89' lang='lat' dir='ltr'>libri</span> <span class='ocrx_word' id='word_1_435' title='bbox 1048 2985 1085 3048; x_wconf 77' lang='grc' dir='ltr'>ὥς</span> <span class='ocrx_word' id='word_1_436' title='bbox 1102 2985 1132 3041; x_wconf 68' lang='grc' dir='ltr'>δὲ</span> <span class='ocrx_word' id='word_1_437' title='bbox 1150 2983 1205 3054; x_wconf 87' lang='grc' dir='ltr'>ἄρα</span> 
     </span>
     <span class='ocr_line' id='line_1_41' title="bbox 156 3050 1205 3125; baseline 0.003 -19"><span class='ocrx_word' id='word_1_438' title='bbox 156 3050 392 3123; x_wconf 77' lang='grc' dir='ltr'><strong><em>παρεσκευάδατο,</em></strong></span> <span class='ocrx_word' id='word_1_439' title='bbox 433 3059 581 3109; x_wconf 79' lang='lat' dir='ltr'>Emendavit</span> <span class='ocrx_word' id='word_1_440' title='bbox 608 3057 686 3113; x_wconf 80' lang='lat' dir='ltr'>Beklr.</span> <span class='ocrx_word' id='word_1_441' title='bbox 734 3057 798 3108; x_wconf 80' lang='lat' dir='ltr'>Tum</span> <span class='ocrx_word' id='word_1_442' title='bbox 825 3057 1032 3124; x_wconf 82' lang='grc' dir='ltr'><strong><em>συμπίπτοντος</em></strong></span> <span class='ocrx_word' id='word_1_443' title='bbox 1058 3062 1148 3125; x_wconf 90' lang='lat' dir='ltr'>scripsi</span> <span class='ocrx_word' id='word_1_444' title='bbox 1174 3061 1205 3109; x_wconf 86' lang='lat' dir='ltr'>de</span> 
     </span>
     <span class='ocr_line' id='line_1_42' title="bbox 156 3118 1204 3193; baseline -0.001 -16"><span class='ocrx_word' id='word_1_445' title='bbox 156 3129 228 3178; x_wconf 73' lang='lat' dir='ltr'>mcii</span> <span class='ocrx_word' id='word_1_446' title='bbox 245 3144 272 3193; x_wconf 85' lang='lat' dir='ltr'>p.</span> <span class='ocrx_word' id='word_1_447' title='bbox 291 3128 341 3179; x_wconf 83' lang='grc'>344</span> <span class='ocrx_word' id='word_1_448' title='bbox 356 3129 487 3177; x_wconf 82' lang='lat' dir='ltr'>sententie.</span> <span class='ocrx_word' id='word_1_449' title='bbox 503 3154 536 3165; x_wconf 89' lang='lat'><strong>—</strong></span> <span class='ocrx_word' id='word_1_450' title='bbox 555 3145 577 3178; x_wconf 90' lang='lat' dir='ltr'>c.</span> <span class='ocrx_word' id='word_1_451' title='bbox 594 3126 642 3178; x_wconf 85' lang='lat'>102</span> <span class='ocrx_word' id='word_1_452' title='bbox 660 3120 700 3176; x_wconf 76' lang='grc' dir='ltr'><strong><em>ἔτι</em></strong></span> <span class='ocrx_word' id='word_1_453' title='bbox 717 3122 765 3176; x_wconf 82' lang='grc' dir='ltr'><strong><em>καί</em></strong></span> <span class='ocrx_word' id='word_1_454' title='bbox 782 3118 819 3190; x_wconf 81' lang='grc' dir='ltr'>δή</span> <span class='ocrx_word' id='word_1_455' title='bbox 836 3129 981 3179; x_wconf 79' lang='lat' dir='ltr'>alterutrum</span> <span class='ocrx_word' id='word_1_456' title='bbox 995 3129 1122 3193; x_wconf 79' lang='lat' dir='ltr'>glossema</span> <span class='ocrx_word' id='word_1_457' title='bbox 1139 3143 1204 3188; x_wconf 89' lang='lat' dir='ltr'>esse,</span> 
     </span>
     <span class='ocr_line' id='line_1_43' title="bbox 156 3190 1205 3262; baseline -0.001 -16"><span class='ocrx_word' id='word_1_458' title='bbox 156 3200 212 3260; x_wconf 91' lang='lat' dir='ltr'>quis</span> <span class='ocrx_word' id='word_1_459' title='bbox 229 3212 279 3247; x_wconf 88' lang='lat' dir='ltr'>non</span> <span class='ocrx_word' id='word_1_460' title='bbox 296 3197 434 3262; x_wconf 71' lang='lat' dir='ltr'>intelligit?</span> <span class='ocrx_word' id='word_1_461' title='bbox 463 3197 556 3246; x_wconf 82' lang='lat' dir='ltr'>Eltzius</span> <span class='ocrx_word' id='word_1_462' title='bbox 574 3205 657 3246; x_wconf 82' lang='lat' dir='ltr'>tamen</span> <span class='ocrx_word' id='word_1_463' title='bbox 675 3212 702 3262; x_wconf 91' lang='lat' dir='ltr'>p.</span> <span class='ocrx_word' id='word_1_464' title='bbox 724 3195 776 3247; x_wconf 80' lang='lat'>344</span> <span class='ocrx_word' id='word_1_465' title='bbox 798 3190 844 3245; x_wconf 67' lang='grc' dir='ltr'>ἔπι</span> <span class='ocrx_word' id='word_1_466' title='bbox 860 3198 1019 3249; x_wconf 90' lang='lat' dir='ltr'>scribendum</span> <span class='ocrx_word' id='word_1_467' title='bbox 1038 3198 1153 3246; x_wconf 88' lang='lat' dir='ltr'>coniecit.</span> <span class='ocrx_word' id='word_1_468' title='bbox 1170 3221 1205 3231; x_wconf 98' lang='lat'><em>-</em></span> 
     </span>
     <span class='ocr_line' id='line_1_44' title="bbox 156 3255 1200 3329; baseline -0.003 -16"><span class='ocrx_word' id='word_1_469' title='bbox 156 3281 178 3313; x_wconf 89' lang='lat' dir='ltr'>c.</span> <span class='ocrx_word' id='word_1_470' title='bbox 197 3265 248 3316; x_wconf 77' lang='lat'>120</span> <span class='ocrx_word' id='word_1_471' title='bbox 272 3255 417 3313; x_wconf 72' lang='grc' dir='ltr'><strong><em>ἐπιθεῖναι</em></strong></span> <span class='ocrx_word' id='word_1_472' title='bbox 441 3281 473 3314; x_wconf 82' lang='lat' dir='ltr'>sn</span> <span class='ocrx_word' id='word_1_473' title='bbox 498 3267 529 3315; x_wconf 80' lang='lat' dir='ltr'>ab</span> <span class='ocrx_word' id='word_1_474' title='bbox 549 3265 674 3314; x_wconf 87' lang='lat' dir='ltr'>Herodoto</span> <span class='ocrx_word' id='word_1_475' title='bbox 695 3267 829 3329; x_wconf 57' lang='lat' dir='ltr'>scriptum*</span> <span class='ocrx_word' id='word_1_476' title='bbox 842 3268 887 3325; x_wconf 87' lang='lat' dir='ltr'>sit,</span> <span class='ocrx_word' id='word_1_477' title='bbox 912 3267 1075 3316; x_wconf 85' lang='lat' dir='ltr'>vehementer</span> <span class='ocrx_word' id='word_1_478' title='bbox 1093 3280 1140 3329; x_wconf 82' lang='lat' dir='ltr'>ego</span> <span class='ocrx_word' id='word_1_479' title='bbox 1159 3265 1200 3312; x_wconf 85' lang='lat' dir='ltr'>du·</span> 
     </span>
     <span class='ocr_line' id='line_1_45' title="bbox 157 3323 1029 3399; baseline -0.005 -17"><span class='ocrx_word' id='word_1_480' title='bbox 157 3335 219 3383; x_wconf 91' lang='lat' dir='ltr'>bito.</span> <span class='ocrx_word' id='word_1_481' title='bbox 257 3334 323 3386; x_wconf 84' lang='lat' dir='ltr'>nnz.</span> <span class='ocrx_word' id='word_1_482' title='bbox 341 3349 365 3399; x_wconf 92' lang='lat' dir='ltr'>p.</span> <span class='ocrx_word' id='word_1_483' title='bbox 386 3333 437 3384; x_wconf 79' lang='lat'>345</span> <span class='ocrx_word' id='word_1_484' title='bbox 456 3348 505 3399; x_wconf 24' lang='lat' dir='ltr'>eust</span> <span class='ocrx_word' id='word_1_485' title='bbox 538 3334 577 3382; x_wconf 86' lang='lat' dir='ltr'>ins</span> <span class='ocrx_word' id='word_1_486' title='bbox 593 3323 758 3394; x_wconf 75' lang='grc' dir='ltr'><strong><em>ὑποστῆναι.</em></strong></span> <span class='ocrx_word' id='word_1_487' title='bbox 795 3336 833 3382; x_wconf 74' lang='lat' dir='ltr'>An</span> <span class='ocrx_word' id='word_1_488' title='bbox 852 3325 1029 3382; x_wconf 72' lang='grc' dir='ltr'><strong><em>α’ντιθεῖναιῖ</em></strong></span> 
     </span>
    </p>
   </div>
   <div class='ocr_carea' id='block_1_4' title="bbox 0 0 1321 3928">
    <p class='ocr_par' dir='ltr' id='par_1_4' title="bbox 0 0 1321 3928">
     <span class='ocr_line' id='line_1_46' title="bbox 0 0 1321 3928; baseline 0 0"><span class='ocrx_word' id='word_1_489' title='bbox 0 0 1321 3928; x_wconf 95' lang='lat' dir='ltr'> </span> 
     </span>
    </p>
   </div>
  </div>
 </body>
</html>
