2566 3934
312 214 397 275 ιῐε.
428 214 462 277 11.
496 215 596 277 σαν.
631 220 806 278 τοι-ιω
998 207 1060 277 167

90 369 119 440 δέ
130 368 265 467 ἀριστερῇ
278 375 373 464 τόξα,
395 380 450 448 καλ
463 373 526 465 την
540 373 646 464 ἀλλην
660 372 786 464 σκευὴν
807 373 981 458 ὡσαύτως·
1004 378 1059 447 καὶ

89 472 323 566 λέσαίηυπτέην
342 481 397 549 καὶ
410 483 596 550 Αέθιοπίύα
616 482 699 564 ἔχει·
721 480 758 546 ἐκ
778 478 815 546 δέ
834 484 895 547 τοῦ
910 476 1003 566 ύμου
1024 480 1058 558 ἐς

88 572 133 644 τάν
151 580 254 667 ἕτερον
277 573 370 668 ύμον
393 578 449 650 ἐιά
469 586 536 648 τῶν
553 580 707 667 στηθέων
725 574 901 666 μράμματα
921 573 977 666 έρά
994 583 1057 646 Αί-

84 674 184 760 γύπτια
208 679 313 770 διήκει
346 680 631 769 ἐγκεκολαμμένα,
663 679 803 765 λέγοντα
828 674 923 745 τάσε·
962 673 1057 746 'Em

86 779 220 850 THNAE
239 788 339 851 ΤΗΝ
353 786 517 850 ΧΩΡΗΝ
536 775 721 846 ΏΜΟΙΣΙ
740 782 871 845 ΤΟΙΣΙ
882 771 1061 844 ἘΜΟΙΣΙ

79 868 361 949 ἘΚΤΗΣΑΜΗΝ
394 876 485 960 ὅστις
508 877 545 946 δέ
570 878 625 945 καλ
644 872 876 963 ὁκόθενέστλ,
908 877 1057 945 ἐνθαῦτα

79 968 176 1056 μὲνού
191 979 300 1064 δηλοῖ,
322 977 461 1065 ἑτέρωθι
481 974 518 1044 δέ
535 973 711 1062 δεδήλωκε.
743 971 784 1041 τά
800 970 840 1061 66
858 974 912 1043 καὶ
927 975 1058 1061 μετεξέ-

79 1094 151 1158 τεροι
163 1081 224 1143 τῶν
235 1080 462 1198 θηησαμέηωυ
479 1076 711 1161 Μέμνονοςί
680 1071 845 1142 είίκόυα
814 1072 983 1156 εἰκάζουσί
999 1099 1058 1160 μιν

79 1164 161 1258 εἶναι,
180 1172 306 1244 πολλὸν
319 1182 377 1262 τῆς
393 1171 552 1260 ἀληθείης
567 1168 851 1258 ἀπολελειμμένοι.

147 1278 270 1343 Τούτου
287 1270 376 1363 δη
342 1299 403 1342 τον
415 1273 604 1394 Αίηύηιτιον
619 1273 812 1358 Σέσωστριν
826 1268 1058 1361 ἀναχωρέοντα
1073 1292 1119 1350 101

77 1365 149 1437 σιτί’
131 1371 293 1461 ανάμοντα
306 1368 453 1451 πολλούς
463 1368 669 1458 ἀνθρώπους
679 1375 748 1436 τῶν
758 1370 904 1454 ἐθνέων,
921 1367 1059 1450 τῶντὰς

77 1465 165 1553 λύρας
181 1473 440 1559 κατεστρέψατο,
462 1476 579 1557 ἔλεγον
599 1494 630 1537 οι
623 1471 753 1556 ἱρέες,
789 1469 898 1537 ἐπείτε
927 1471 1058 1557 ἐγένετο

76 1559 335 1686 ἀνακομιζόμενος
349 1572 387 1640 ἐν
397 1570 559 1659 Δάφνησι
570 1576 645 1658 τῇσι
654 1564 921 1689 Πηλουσίησι,
886 1591 947 1637 τον
959 1564 1058 1637 ἀδελ-

77 1662 143 1746 φεάν
154 1665 367 1761 [ἑωυτού],
334 1694 381 1738 τω
368 1672 555 1756 ἐπέτρεψε
574 1670 764 1756 Σέσωστρις
788 1691 851 1753 την
871 1673 1056 1788 Αίγυπτοη,

74 1768 174 1835 τοῦτον
190 1771 242 1838 ἐπὶ
257 1775 363 1851 ξείνια
384 1764 488 1837 αύτὸν
505 1771 690 1837 καλέσαντα
704 1768 758 1834 καὶ
772 1763 857 1855 πρὸς
871 1761 961 1856 αύτῷ
979 1760 1057 1843 τούς

75 1867 187 1953 τσίλλοις,
217 1876 397 1957 περινῆσαι
426 1872 553 1950 ἔξωθεν
577 1890 648 1987 την
665 1871 774 1953 οἰκίην
802 1864 884 1956 ύλη,
917 1862 1058 1989 περινή-

73 1976 158 2031 σαντα
176 1964 250 2035 66‘
232 1974 436 2053 υποπρησαι.
459 1964 520 2035 τόν
541 1962 614 2035 δέ
592 1992 637 2045 ως
657 1975 781 2052 μαθεῖν
800 1974 916 2054 τοῦτο,
938 1960 1057 2033 αὐτίκα

73 2064 347 2148 συμβουλεύεσθαι
361 2072 400 2154 τῇ
414 2072 554 2153 γυναικί
558 2091 565 2104 ·
581 2067 636 2134 καὶ
646 2062 711 2152 μάρ
723 2060 763 2151 66
775 2066 828 2133 καλ
841 2062 903 2150 τὴν
913 2077 1057 2151 γυναῖκα

71 2154 157 2229 αάτὸν
169 2162 237 2253 ἅμα
252 2162 407 2253 ἄρεσθαι.
437 2162 500 2253 τὴν
522 2166 561 2233 δέ
577 2170 612 2234 oc
625 2169 875 2252 συμβουλεῦσαι
894 2167 963 2230 τῶν
978 2165 1057 2227 παί-

71 2263 126 2329 δων
139 2266 264 2338 ἐόντων
287 2272 320 2350 ἐξ
336 2265 416 2348 τοάς
436 2268 500 2338 δύο
515 2269 569 2337 ἐπὶ
588 2263 652 2354 τὴν
663 2261 778 2353 πυρὴν
793 2266 984 2333 ἐκτείναντα
999 2287 1058 2350 με·

69 2369 206 2450 φυρῶσαι
224 2366 264 2436 τὸ
281 2368 479 2455 καιόμενον,
501 2364 625 2446 αύτούς
643 2362 674 2434 6’
697 2362 750 2434 ἐπ’
773 2367 911 2435 ἐκείνων
926 2366 1057 2453 ἐπιβαί-

69 2484 170 2545 νοντας
184 2469 400 2550 ἐκσώζεσθαι
428 2477 532 2540 ταύτα
547 2475 683 2556 ποιῆσαι
696 2466 757 2537 τὸν
770 2470 980 2558 Σέσωστριν,
1001 2469 1057 2536 καὶ

66 2562 188 2652 θύομέν
205 2595 279 2638 των
300 2573 430 2641 παίδων
445 2576 651 2657 κατακαῆναι
670 2568 783 2661 τράπρι
798 2567 956 2660 τοιούτω,
977 2563 1057 2645 τούς

66 2662 95 2731 ἀέ
105 2666 240 2752 λοιπούς
256 2667 518 2762 ἀποσωθῆναι“
494 2699 609 2762 αμα
577 2697 623 2740 τω
609 2675 746 2757 πατρί.
790 2668 967 2758 Νοστησας
986 2658 1053 2735 δὲ’
1039 2692 1057 2735 ο
1071 2677 1121 2735 108

64 2767 240 2857 Σέσωστρις
255 2769 340 2853 ἐς
304 2799 366 2896 τηη
376 2784 551 2862 Αλρυπτον
562 2740 617 2841 κύλ
628 2769 808 2892 τισάηενος
817 2765 879 2837 τάν
892 2761 1089 2855 ἀδελφεὸν

62 2888 100 2955 τρι
87 2867 200 2955 μὴ’
184 2879 312 2966 ομίλρι,
333 2870 393 2942 τάν
408 2873 591 2962 ἐπημύμετο
606 2897 676 2940 των
688 2866 747 2950 τάς
760 2869 869 2960 χώρας
883 2872 1059 2958 κατεστρέ-

60 2974 150 3053 ἐστο,
163 2971 279 3064 τούτῳ
292 2974 355 3059 μὲν
371 2972 451 3043 τάύε
464 2972 641 3060 ἐχρήσατο·
662 2969 742 3050 τούς
755 2973 794 3040 τέ
802 2974 837 3040 οἱ
846 2975 965 3051 λίθους
978 2965 1058 3049 τούς

59 3062 104 3132 ἐπὶ
118 3069 245 3139 τούτου
265 3097 327 3141 του
313 3075 497 3161 ’.βασιλέος
511 3072 734 3160 κομισθέντας
755 3073 788 3151 ἐς
801 3077 863 3140 τοῦ
872 3067 1059 3160 Ηφαίστου

57 3185 89 3227 το
78 3158 193 3255 ίράν,
217 3168 338 3251 ἐόντας
352 3172 497 3259 μεμάθελ
508 3170 725 3294 περιμηκεας,
748 3163 842 3241 οὗτοι
855 3162 942 3260 ησαν
956 3178 992 3242 oc
1003 3174 1058 3241 ἐλ-

57 3259 229 3359 κύσαντες,
253 3270 362 3340 καὶ
324 3298 384 3352 τας
406 3270 628 3363 διώρυχας
592 3298 651 3352 τας
670 3277 737 3340 νῦν
757 3271 876 3352 ἐούσας
897 3274 935 3339 έν
948 3270 1056 3358 Αίγύ-

57 3385 118 3485 τηρι
139 3368 255 3450 πάσας
274 3360 370 3441 ούτοι
394 3367 657 3461 ἀναγκαζόμενοι
680 3368 844 3460 ύρυσσον.
872 3373 1008 3438 ἐποίευν
1020 3392 1057 3435 τε

57 3458 113 3536 οὖα
130 3467 269 3554 ἐνόντες
281 3480 474 3564 Αἴγυπτον,
494 3499 532 3543 το
520 3469 630 3566 πρὶν
652 3475 776 3544 έοῦσαν
796 3474 981 3560 ίππασίμην
1001 3471 1057 3555 καλ
