2588 3926
361 313 445 365 ΗΒ.
479 311 525 365 IX.
561 309 659 366 CAP.
696 315 865 369 [δέ-108.
1054 306 1117 370 339

111 478 212 541 κίοισι
225 474 396 558 ἐμμενέειν
406 494 442 535 τε
453 470 508 534 καὶ
520 465 564 551 μη
577 464 833 549 ἀποστήσεσθαι,
854 492 994 547 τοντους
1006 471 1041 538 δέ
1053 498 1116 540 κα-

111 571 311 659 ταλαβόντες
326 565 469 657 ὁρκίοισι
485 570 615 633 ἔπλωον
628 561 686 640 τάς
705 564 854 650 γεφύρας
871 564 1045 644 λύσοντες·
1067 573 1115 634 ἔτι

111 668 176 756 γάρ
198 667 333 736 ἐδόκεον
355 665 570 749 ἐντεταμένας
592 658 757 748 εὑρήσειν.
795 653 898 727 Οὗτοι
919 660 981 747 μὲν
1002 660 1042 746 δη
1064 658 1114 729 ἐπ’
1135 678 1183 740 107

105 764 352 850 Ἑλλησπόντου
371 768 517 845 ἔπλωον,
531 766 600 828 τῶν
617 760 653 826 δέ
669 756 918 844 ἀποφυγόντων
934 758 1116 846 βαρβάρων

112 870 144 942 ἐς
165 861 204 931 τά
221 860 306 947 άκρα
323 887 358 929 τε
375 868 432 946 τῆς
446 857 613 943 Μνκάλης
630 861 912 943 κατειληθέντων,
934 855 1059 924 ἐόντων
1074 854 1116 923 οὐ

113 968 257 1045 πολλῶν,
273 962 398 1044 έγίνετο
410 953 529 1043 κομιδὴ
543 957 575 1033 ές
585 956 723 1043 Σάρδις.
745 955 982 1040 πορευομένων
994 954 1031 1021 δέ
1041 949 1113 1023 κατ’

112 1056 196 1127 ὁδόν
210 1064 384 1142 Μασίστης
400 1052 417 1123 ὁ
432 1060 582 1139 Δαρείου
597 1051 798 1141 παρατυχόν
818 1060 864 1145 τῷ
878 1053 986 1122 πάθει·
999 1058 1044 1143 τῷ
1057 1077 1116 1136 γε·

112 1155 226 1242 γονότι
249 1152 310 1223 τόν
331 1149 516 1240 στρατηγόν
536 1148 741 1238 Ἀρταΰντην
763 1159 859 1249 ἔλεγε,
871 1153 982 1223 πολλά
1005 1152 1116 1219 τεκαὶ

114 1254 216 1343 κακά,
232 1252 316 1323 άλλα
329 1279 365 1321 τε
380 1255 435 1320 καί
446 1248 608 1338 γυναικός
621 1258 726 1320 κακίω
741 1249 808 1339 φάς
825 1250 928 1320 αὐτόν
947 1250 1031 1319 εἶναι
1044 1275 1116 1316 τοι-

113 1363 197 1424 αῦτα
214 1353 501 1442 στρατηγήσαντα,
516 1354 572 1419 καί
586 1350 682 1431 άξιον
697 1351 782 1421 εἶναι
795 1353 920 1434 παντός
935 1350 1041 1422 κακοῦ
1055 1349 1115 1420 τόν

113 1459 265 1543 βασιλέος
280 1453 373 1521 οἷκον
394 1452 601 1521 κακώσαντα.
629 1449 719 1539 παρά
735 1452 771 1519 δὲ
789 1466 873 1519 τοῖσι
887 1458 1034 1539 Πέρσησι
1051 1476 1114 1537 γν-

112 1551 229 1633 ναικός
248 1559 352 1620 κακίω
366 1548 509 1620 ἀκοῦσαι
531 1553 648 1628 δέννος
667 1549 820 1637 μέγιστός
840 1552 918 1618 έστι.
953 1547 971 1618 ὁ
994 1553 1030 1618 δὲ
1043 1552 1114 1619 ἐπεὶ

112 1652 218 1725 πολλοὶ
232 1653 373 1741 ἤκουσε,
392 1648 486 1718 δεινά
503 1649 702 1734 ποιεόμενος
723 1653 843 1715 σπᾶται
858 1649 909 1715 ἐπὶ
926 1645 986 1715 τὸν
999 1654 1114 1715 Μασί-
1231 1710 1236 1721 ,

116 1775 195 1839 στην
205 1750 265 1819 τόν
276 1748 437 1817 ἀκινάκεα
454 1744 646 1815 ἀποκτείναι
661 1749 798 1815 έθέλων.
821 1754 880 1814 καί
887 1772 945 1831 μιν
957 1749 1114 1813 ἐπιθέον-

111 1877 151 1916 τα
176 1848 339 1935 φρασθεὶς
357 1845 561 1930 Ξειναγόρης
581 1842 787 1930 ὁΠρηξίλεω
809 1840 895 1931 άνηρ
916 1840 1113 1929 Ἁλικαρνη-

113 1945 208 2031 σεύς,
232 1944 354 2014 ὄπισθε
372 1942 490 2022 ἑστεώς
504 1942 610 2013 αὐτοῦ
620 1943 843 2032 Ἀρταΰντεω,
859 1942 996 2034 ἁρπάζει
1012 1949 1114 2030 μέσον

13 2088 16 2093 »
113 2045 168 2112 καί
179 2045 325 2127 ἐξαείρας
335 2049 424 2110 παίει
436 2045 468 2121 ές
478 2040 540 2129 την
549 2049 630 2130 γῆν·
649 2046 704 2111 καὶ
716 2047 753 2111 έν
764 2043 872 2134 τοάτφ
883 2048 918 2112 ολ
927 2041 1113 2130 δορυφόροι

113 2146 147 2208 οί
159 2145 339 2207 Μασίστεω
353 2143 570 2227 προέστησαν.
594 2140 612 2209 ὁ
631 2144 667 2209 δέ
678 2141 881 2229 Ξειναγόρης
895 2147 998 2230 ταῦτα
1014 2140 1115 2227 έργά-

112 2257 191 2306 σατο
208 2237 325 2324 χάριτα
339 2235 429 2327 αὐτῷ
443 2265 479 2306 τε
492 2246 649 2329 Μασίστη
662 2240 836 2326 πυθόμενος
850 2243 906 2310 καί
917 2243 1039 2328 Ξέρξη,
1059 2241 1115 2305 έιι-

113 2337 227 2418 στάζων
240 2334 300 2425 τόν
317 2335 483 2425 ἀδελφεὸν
497 2336 558 2407 τόν
571 2340 718 2407 ἐκείνου·
747 2341 807 2407 καί
816 2335 873 2406 διά
888 2345 987 2407 τοῦτο
1001 2334 1038 2404 τό
1058 2341 1113 2419 έρ-

7 2458 8 2465 “
111 2463 174 2523 γον
193 2434 398 2521 Ξειναγόρης
414 2443 565 2525 Κιλικίης
585 2437 693 2524 πάσης
711 2429 791 2525 ἦρξε
811 2438 928 2516 δόντος
949 2439 1111 2525 βασιλέος.

112 2543 179 2604 τῶν
195 2537 230 2602 δέ
247 2532 321 2632 κατ’,
337 2533 420 2603 ὁδόν
434 2540 673 2625 πορευομένων
688 2532 788 2604 οὐδέν
803 2541 850 2604 ἔτι
865 2538 969 2604 πλέον
984 2535 1113 2622 ἐγένετο

111 2633 257 2717 τούτων,
278 2630 352 2701 ἀλλ’
369 2631 583 2704 άπικνέονται
604 2637 636 2713 ές
650 2635 786 2719 Σάρδις.
816 2635 853 2701 έν
872 2632 910 2702 δὲ
928 2640 1001 2722 τῇσι
1019 2631 1115 2717 Σάρ-
1190 2652 1196 2664 ’

113 2736 180 2800 δισι
195 2733 354 2817 ἐτύγχανε
368 2730 433 2800 έοδν
447 2730 605 2821 βασιλευς
620 2735 653 2814 ἐξ
668 2734 799 2800 ἐκείνου
813 2737 875 2799 τοῦ
891 2730 1027 2817 χρόνου,
1045 2732 1118 2798 έπεί

36 2876 39 2883 1
111 2855 147 2897 τε
158 2833 191 2909 ἐξ
201 2828 372 2915 Ἀθηνέων
381 2838 606 2918 προσπταίσας
615 2837 828 2920 τῇνανμαγίη
837 2828 958 2915 φυγάν
967 2827 1112 2899 ἀπίκετο.

201 2932 321 2994 ΤΟΤΕ
334 2926 374 3014 δη
389 2930 426 2996 έν
436 2938 512 3018 τῇσι
524 2930 669 3017 Σάρδισι
689 2926 755 2998 έάν
771 2927 837 3016 άρα
850 2927 915 3017 ἤρα
928 2936 986 3018 τῆς
1000 2937 1115 2999 Μασί-
1131 2946 1180 3000 108

113 3043 196 3090 στεω
211 3020 387 3111 γυναικός,
413 3029 532 3114 έοόσης
552 3032 607 3096 καί
626 3028 748 3114 ταύτης
768 3029 925 3097 ένθαότα.
961 3027 1005 3109 ὡς
1025 3033 1065 3097 δέ
1082 3033 1115 3097 οἱ

111 3119 362 3207 προσπέμποντι
383 3120 446 3190 οὐκ
466 3123 607 3192 έδόνατο
623 3131 908 3213 κατεργασθῆναι,
939 3123 1018 3194 οὐδὲ
1036 3132 1115 3213 βίην

111 3221 298 3307 προσέφερε
306 3222 581 3310 προμηθεόμενος
591 3220 652 3291 τόν
660 3218 1113 3313 άδελφεῖινΜασίστην(τάν-

111 3317 148 3387 τό
165 3321 201 3388 δὲ
215 3326 314 3386 τοῦτο
330 3316 394 3406 εἶχε
406 3324 463 3390 καί
475 3318 538 3408 τὴν
551 3335 712 3408 γυναῖκα·
734 3314 774 3388 εὖ
788 3318 853 3408 γὰρ
867 3319 1025 3409 ἠπίστατο
1040 3327 1114 3409 βίης

113 3414 154 3483 οὐ
168 3419 381 3505 τευξομένη),
405 3422 555 3489 ἐνθαῦτα
575 3419 616 3508 δὴ
632 3420 754 3506 Ξέρξης
774 3417 952 3505 ἐργόμενος
971 3424 1039 3485 τάν
1053 3414 1114 3484 άλ-

111 3521 182 3582 λων
195 3515 335 3602 πρήσσει
348 3514 409 3586 τόν
422 3516 533 3605 γάμον
545 3525 666 3587 τοῦτον
678 3523 724 3610 τῷ
738 3518 832 3585 παιδί
841 3522 887 3607 τῷ
902 3517 1028 3645 έωνροῦ
1039 3521 1113 3581 Δα-

922 3615 957 3666 22
