2622 3928
141 262 158 295 x
555 244 780 295 PRAEl'li'l’lO.

142 385 280 441 adiectum,
304 381 346 431 SV
367 396 418 431 om.
456 380 527 439 Quod
546 382 651 430 coniecit
675 382 770 437 Briclrh.
789 374 855 447 μήτι
875 396 904 447 γε
924 373 963 447 μὴ
981 369 1032 446 (μή
1047 378 1094 430 τοί
1107 393 1137 445 γε
1153 382 1186 432 IV

141 451 196 517 76),
217 452 243 503 id
259 452 371 516 recipere
389 464 439 499 non
459 464 534 500 aruns
551 465 617 512 snm,
639 459 664 499 at
680 454 851 502 necessarium
870 453 1012 510 videbatur,
1029 458 1058 499 ut
1076 467 1098 500 c.
1114 451 1194 505 Belrlr.

141 538 186 587 pro
204 511 343 586 χρήσομαι
362 519 515 569 scriberetur
532 512 687 583 χρήσομαι.
700 538 768 574 -ο,
786 520 836 572 103
853 537 900 587 pro
918 512 1050 585 περ11να
1068 511 1195 581 ἕκαστον,

140 592 208 654 quod
226 605 275 641 nou
299 590 384 640 solum
400 588 459 639 libri
477 595 592 649 tuentur,
616 590 662 639 sed
680 591 755 640 etiam
770 590 886 642 Eustaih.
904 606 931 657 p.
952 589 1003 641 190
1019 609 1056 634 =
1075 591 1138 650 144,
1158 597 1195 640 at-

140 677 188 724 que
207 667 274 711 recte
291 657 429 739 explicarit
450 656 610 723 Schweigh.:
629 673 835 723 unumquemque
854 660 1084 720 circumstabimus,
1103 656 1193 714 Vniclr.

140 730 226 780 maluit
245 743 333 792 παρα.
362 755 396 765 -
422 742 444 780 c.
463 726 515 778 105
537 719 635 792 ἔτρεψε
653 727 775 778 exhibent
794 727 914 790 urunt,
938 728 1030 792 reliqui
1048 719 1194 792 ἐτρέψατο.

140 798 247 850 Difficile
263 799 297 849 ad
314 796 504 848 diiudicandum
523 804 570 857 est,
585 805 670 846 utrum
687 798 789 851 rectius.
812 797 876 846 Tum
895 797 991 848 codicis
1009 796 1027 847 S
1042 798 1195 863 scripturam

135 860 169 916 όν
186 866 224 936 τῷ
240 864 370 934 Δορίσκῳ
389 863 490 915 τοῦτον
507 866 693 916 commendavit
715 865 780 916 Eltn.
799 881 826 932 p,
849 866 907 921 132.
942 868 978 916 At
1006 866 1085 916 multo
1109 867 1194 915 minus

140 937 302 1003 intelligitur,
331 951 375 985 cur
397 935 540 985 Herodotus
566 936 604 985 sic
628 934 716 985 efferre
739 936 808 986 illins
828 934 939 985 hominis
963 949 1054 987 nomen
1078 935 1194 993 voluerit,

138 1023 215 1070 qnam
232 1007 324 1057 mirum
342 1012 380 1056 est
397 997 486 1072 τούτῳ
502 1004 535 1054 sd
552 1003 687 1055 Doriscum
705 1006 850 1071 appositum
869 1021 940 1066 esse,
960 1020 1017 1056 cum
1031 1006 1083 1055 iam
1100 1004 1160 1054 iude
1178 1020 1193 1054 a

138 1094 160 1126 c.
185 1075 219 1127 59
237 1091 302 1139 quae
324 1091 365 1125 eo·
378 1073 433 1124 loco
455 1073 523 1123 iactu
541 1074 606 1134 sint,
626 1089 744 1124 enarrare
760 1076 894 1140 inceperit.
926 1101 958 1112 -
989 1090 1010 1125 c.
1031 1063 1191 1126 1001σιεῖοι

138 1143 373 1211 Schweighaeuseri
390 1142 493 1210 iugenio
510 1142 628 1200 debetnr;
649 1143 708 1194 libri
723 1134 816 1198 iactos.
843 1173 879 1185 —
897 1161 918 1194 c.
939 1145 998 1198 114.
1022 1139 1193 1208 νηροῖσοισαν,

140 1231 186 1279 pro
211 1230 260 1278 quo
279 1214 446 1262 Buttmaunus
463 1211 572 1262 coniecit
590 1210 729 1276 γηρᾶσαι,
757 1214 871 1264 defendit
892 1214 966 1264 Bred.
991 1229 1018 1278 p.
1038 1213 1097 1265 340.
1115 1240 1149 1249 -
1168 1229 1190 1266 c.

140 1285 199 1336 115.
226 1282 307 1343 Quum
332 1284 437 1333 verbum
458 1270 631 1346 όπισπείρειν
652 1296 777 1347 nusquam
795 1283 856 1333 alibi
875 1297 903 1332 se
921 1282 1009 1350 legere
1027 1283 1192 1337 meminisset.

138 1354 203 1402 Eitz.
220 1367 247 1417 p.
268 1351 319 1404 330
338 1352 444 1401 coniecit
462 1340 525 1400 οὔτε
537 1366 565 1400 ιι
580 1347 735 1416 σπείρουσι.
770 1353 804 1402 At
824 1353 856 1402 de
879 1353 964 1419 agris,
989 1366 1036 1417 per
1060 1367 1124 1415 quos
1147 1353 1193 1401 ivit

137 1423 251 1481 Xerxes,
278 1437 328 1472 non
348 1422 452 1470 consitis
471 1421 532 1470 dicit
548 1420 701 1474 Herodotus.
727 1450 764 1461 —
783 1438 805 1472 c.
826 1421 887 1473 121,
906 1412 1061 1485 πιεζόμενοι
1078 1413 1094 1470 ὁ
1115 1417 1191 1481 circe,

138 1491 206 1554 qnod
230 1491 256 1540 in
284 1491 356 1540 libris
381 1490 485 1555 legitur,
512 1490 654 1540 emendavit
669 1490 796 1541 Reislrius.
831 1490 910 1541 Paulo
924 1498 983 1557 post
1000 1503 1086 1555 στρατ
1103 1505 1119 1539 ν
1139 1505 1190 1544 om.

138 1560 189 1610 SV.
201 1587 234 1596 -
250 1575 271 1609 c.
288 1557 347 1610 129.
368 1558 429 1608 Cum
448 1559 516 1609 inira
533 1573 555 1608 c.
575 1558 627 1610 100
645 1574 732 1610 omues
751 1558 809 1609 libri
823 1551 977 1618 Ἠπιδανός
992 1561 1146 1617 exhiberent,
1165 1559 1192 1608 id

138 1630 164 1682 b.
181 1629 198 1677 l.
218 1628 328 1678 scribere
344 1641 394 1677 nou
413 1628 536 1677 dubitavi.
546 1643 612 1677 —c⁴
624 1628 682 1680 130.
695 1628 765 1679 Libri
781 1617 839 1677 dtt'
856 1618 908 1694 ἥδε
923 1618 975 1679 orric
997 1667 1004 1690 ‚
1024 1628 1092 1694 quod
1107 1642 1191 1678 emen-

137 1697 207 1748 davit
225 1696 348 1747 Abreseh.
366 1696 426 1749 Dili.
446 1696 525 1746 Thac.
546 1711 573 1761 p.
588 1695 649 1757 003,
665 1696 753 1748 Matth.
772 1699 887 1764 scripsit:
906 1644 1000 1764 ἄλλ’11
1019 1687 1098 1763 αὕτη.
1115 1724 1150 1735 -
1167 1713 1191 1747 c.

140 1767 189 1819 130
207 1781 257 1817 non
275 1766 382 1817 debebat
399 1764 475 1817 Dind.
500 1764 663 1816 Valckenarii
681 1768 850 1818 coniecturam
875 1764 1040 1833 θυομένοισι
1064 1758 1116 1817 otiu
1137 1757 1191 1830 ἒγί·

138 1849 201 1886 νετο
220 1835 347 1901 recipere,
372 1851 429 1885 cum
451 1830 585 1900 ncttcpic
604 1836 806 1902 impersonaliter
820 1838 852 1889 ab
873 1840 999 1890 Herodoto
1020 1839 1115 1888 dictum
1135 1850 1192 1885 esse

138 1905 306 1957 ostendissent
324 1905 435 1957 Wessel.
452 1905 486 1955 ad
503 1905 548 1965 IX,
568 1904 602 1957 19
621 1914 645 1956 et
666 1905 767 1957 Schaei.
787 1907 821 1958 ad
836 1907 925 1959 Lamb.
946 1906 1004 1957 Bos.
1025 1922 1052 1972 p.
1074 1904 1135 1957 213.
1155 1932 1190 1942 -

140 1994 160 2026 e.
182 1975 231 2026 139
253 1976 337 2040 recepi
364 1973 493 2026 Schaeieri
517 1975 718 2026 emendationem
744 1967 882 2041 τό1ηο1οι
901 1978 934 2042 (F
953 1967 984 2025 τό
1005 1964 1126 2039 cliniis,
1146 1974 1190 2023 aiii

137 2037 287 2110 τάληθές),
319 2059 375 2095 cum
397 2034 569 2109 ἁμαρτάνειν
585 2060 626 2107 τι,
652 2045 767 2108 quamvis
786 2046 887 2097 delendi
905 2046 1001 2113 possit,
1033 2058 1060 2093 nt
1079 2043 1191 2094 defendit

139 2113 229 2166 Bernh.
249 2113 319 2181 Syut,
339 2128 366 2179 p,
386 2113 453 2175 132,
479 2115 534 2165 siue
557 2115 675 2180 exemplo
698 2117 743 2175 sit,
769 2128 815 2165 uec
838 2116 929 2166 mirum
953 2114 1071 2164 librarios
1091 2114 1190 2162 insueta

139 2185 203 2236 crasi
223 2182 284 2250 (cir.
303 2193 387 2235 temen
402 2185 432 2244 11,
453 2183 510 2243 121,
528 2183 554 2238 0.
573 2182 649 2237 Bred.
666 2199 694 2250 p.
713 2180 779 2249 201)
797 2184 823 2233 in
842 2199 952 2234 errorem
972 2184 1061 2234 ductos
1079 2196 1145 2232 esse.
1156 2211 1190 2221 -

141 2268 162 2305 ι.
183 2253 243 2308 lto,
262 2252 310 2302 Pro
328 2241 422 2316 ἄζηλοι,
441 2253 509 2315 quod
526 2268 600 2303 nemo
619 2254 752 2304 commode
768 2252 918 2371 explicavit,
936 2253 1020 2317 recepi
1037 2251 1190 2303 emendatio-

138 2336 194 2373 nem
209 2322 317 2373 Bloomi.
335 2319 420 2372 Gloss.
439 2321 472 2371 ad
490 2322 581 2372 Aesch.
598 2321 682 2373 Prom.
702 2321 752 2373 140
769 2314 804 2373 cit
821 2321 888 2389 η1σι,
906 2336 981 2385 quam
1004 2321 1122 2386 probavit
1141 2320 1189 2370 Lo-

138 2393 210 2442 beck.
229 2390 356 2456 Aglaoph.
377 2404 403 2456 p.
426 2388 501 2442 1353.
531 2382 678 2455 Ἀσιηγενές
696 2391 865 2456 praebuerunt
881 2390 931 2453 SV,
947 2390 1037 2453 reliqui
1056 2389 1190 2453 Σνριηρε·

139 2457 192 2516 vic.
228 2459 321 2510 Ultima
345 2459 439 2509 oraculi
460 2460 551 2519 rerba,
575 2475 641 2523 quae
659 2460 774 2512 nonnulli
800 2460 861 2511 lerri
885 2475 962 2526 posse
983 2470 1121 2526 negarunt,
1146 2473 1190 2508 ex·

138 2531 217 2596 plico:
242 2527 316 2577 malis
335 2530 446 2579 animum
469 2536 582 2579 vestrum
597 2529 630 2580 ud
648 2530 739 2581 altiora
757 2530 881 2596 cupienda
900 2529 989 2580 efferre
1008 2529 1099 2580 discite
1114 2526 1190 2592 (iasst

135 2613 197 2648 eurr
211 2597 275 2647 llere
294 2597 373 2648 durch
389 2597 431 2648 die
445 2597 539 2650 Leiden
558 2598 623 2650 ench
641 2597 798 2664 schwellen).
835 2597 956 2649 Similiter
967 2599 1060 2649 dictam
1071 2595 1189 2648 estilom.
1297 2614 1298 2667 ρ

138 2668 185 2719 tid.
204 2665 295 2729 XVIII,
314 2665 365 2720 105
383 2656 459 2724 ὅπως
476 2660 600 2717 πετάσειε
644 2660 731 2718 ’λιστα
746 2660 841 2732 θυμόν
854 2658 1030 2733 μνηστήρων.
1047 2692 1078 2707 -
1095 2681 1116 2716 e.
1129 2664 1188 2716 141.

139 2739 174 2787 lte
192 2738 276 2787 verbis
291 2728 331 2786 ἔτι
348 2734 395 2786 τοί
409 2750 477 2786 ποτε
494 2728 592 2795 clerice
623 2750 674 2805 σσῃ
692 2738 744 2789 vid.
763 2737 827 2791 Eltr.
841 2752 869 2803 p.
889 2736 950 2791 338.
971 2765 1000 2778 -
1018 2753 1041 2788 c.
1063 2734 1122 2787 143.
1141 2734 1188 2785 Su·

137 2806 306 2872 persedisset,
324 2808 417 2867 credo‚
444 2807 507 2860 Eltz.
528 2821 555 2872 p.
577 2805 628 2858 337
644 2822 691 2872 pro
709 2801 821 2870 παριόν
838 2806 1003 2858 coniectando
1021 2797 1149 2869 παρεόν,
1167 2805 1188 2854 si

136 2891 186 2939 qua
202 2875 300 2925 ratione
319 2875 387 2939 apud
400 2876 497 2925 Atticos
514 2870 646 2940 παριέναι
664 2867 692 2934 tc
706 2869 755 2925 τόν
774 2873 875 2941 δῆμον,
896 2868 927 2926 oi
942 2868 1100 2940 παριόντες,
1118 2874 1189 2924 sirni-

138 2947 180 3005 iin‚
197 2944 341 2995 dicerentur
358 2945 525 2997 meminisset.
561 2944 621 2995 Post
644 2945 765 2997 librorum
787 2946 879 2996 vitium
896 2934 944 2995 ἐόν
965 2958 1022 3002 erce
1040 2944 1189 2994 emendare·

137 3021 194 3064 runt
211 3012 331 3063 Reislrius
348 3020 373 3063 et
387 3011 551 3073 Abreschius‚
570 3014 616 3065 sed
634 3016 762 3079 quaer-itur
792 3028 876 3065 aunon
895 3014 977 3064 maior
995 3011 1138 3078 corruptela
1156 3012 1188 3061 sit

137 3084 163 3133 lt.
182 3083 209 3141 1.,
231 3096 288 3132 cum
313 3078 355 3131 SV
378 3094 425 3147 pro
443 3072 474 3130 τό
493 3074 561 3140 ἔπος
579 3083 715 3135 exhibeant
732 3080 837 3142 παθος.
868 3108 904 3121 -
930 3098 953 3134 c.
974 3083 1033 3134 lib.
1048 3081 1188 3133 Verborum

135 3144 340 3216 συ11ιιγομένον
358 3177 393 3187 -
412 3144 593 3214 φρονεόντων
623 3154 736 3205 ordinem
764 3154 935 3218 perturbatum
961 3166 1019 3204 esse
1043 3166 1117 3202 nemo
1140 3164 1188 3200 uon

135 3222 221 3275 sentit.
257 3219 381 3283 Equidem
400 3234 459 3270 cum
476 3221 590 3273 Bellero
612 3226 686 3274 uncis
709 3222 871 3274 circumclusi
889 3220 948 3284 iila,
969 3235 1035 3284 quse
1051 3235 1103 3270 non
1121 3226 1189 3269 recte

135 3288 381 3355 portenderentur,
399 3288 446 3339 sed
463 3305 539 3357 aegre
557 3292 647 3342 carebo
661 3293 763 3343 nomine
776 3281 923 3355 Ἑλλήνων.
944 3289 1097 3342 Schselerus
1109 3295 1189 3338 truns-

136 3359 221 3423 posnit
237 3354 294 3406 sein
302 3348 442 3423 Ἑ11ι1νον
458 3356 514 3408 τόν
531 3373 561 3413 π.
578 3374 603 3410 τ.
617 3351 656 3412 Ἑ.
680 3360 745 3411 Tum
760 3375 817 3411 eum
831 3350 1035 3426 ἔγνεχρημόνοι,
1054 3358 1123 3422 quod
1135 3371 1188 3407 om·

137 3440 182 3475 nes
200 3426 258 3476 iibri
280 3424 415 3486 exhibent,
443 3427 504 3478 ierri
526 3443 575 3479 non
597 3436 697 3493 posset,
724 3428 844 3481 facillima
864 3427 925 3480 milri
947 3431 1003 3480 risa
1028 3437 1067 3478 est
1091 3425 1188 3479 Reiskii

136 3493 235 3547 emend.
256 3486 450 3559 όγιιειιριιμόισι
469 3495 532 3560 (eir,
548 3497 591 3556 tv,
613 3497 676 3554 tom
696 3498 728 3556 V,
744 3498 807 3551 124:
822 3497 877 3558 Vll,
889 3496 962 3558 131).
983 3497 1057 3551 Bred.
1078 3512 1104 3563 p.
1123 3494 1188 3547 313·
