2622 3928
1138 12 1303 90 ἡ..

184 212 225 277 16
553 213 804 270 HERODOTI

182 372 328 461 σταγόρῃ
342 374 631 460 προσαναισίμωτο
645 365 770 456 πολλά,
791 374 852 436 τοῦ
868 369 1014 450 πλεῦνός
1027 396 1062 439 τε
1076 372 1184 439 έδέετο

180 471 201 560 ῆ
217 477 410 558 πολιορκίη,
430 472 580 539 ἐνθαῦτα
595 473 701 555 τείχεα
719 482 805 537 τοῖσι
820 467 950 555 φυγάσι
964 474 1034 537 τῶν
1046 470 1185 550 Ναξίων

181 569 459 657 οἰκοδομήσαντες
479 565 732 637 ἀπαλλάσσοντο
753 568 787 646 ἐς
805 564 868 653 τῆν
886 563 1045 653 ἤπειρον,
1073 572 1184 645 κακῶς

132 691 166 745 85
181 672 395 760 πρήσσοντες.
436 665 670 756 Ἀρισταγόρης
691 665 728 735 δέ
749 662 812 734 ούκ
835 664 900 752 εἶχε
919 664 982 754 τῆν
1001 664 1183 752 ὑπόσχεσιν

179 777 226 862 τῷ
237 766 688 856 Ἀρταφέρνειέκπληρῶσαι·
707 764 776 852 ἀμα
787 767 824 834 δέ
834 768 942 848 ἐπίεζέ
947 764 1037 853 μινῆ
1049 766 1182 855 δαπάνη

179 874 237 955 τῆς
247 874 401 953 στρατιῆς
411 863 648 953 ἀπαιτεομένη,
664 862 816 955 ἀρρύδεέ
824 892 860 934 τε
870 872 932 935 τοῦ
941 874 1085 954 στρατοῦ
1095 866 1182 954 πρή-

181 974 297 1050 ξαντος
310 971 420 1044 κακῶς
440 966 495 1033 καί
510 963 696 1054 Μεγαβάτῃ
717 967 993 1054 διαβεβλημένος,
1015 965 1131 1035 ἐδόκεέ
1145 989 1180 1032 τε

178 1068 241 1157 τῆν
253 1070 431 1156 βασιληίην
441 1072 499 1153 τῆς
508 1065 666 1153 Μιλήτου
677 1063 976 1153 ἀπαιρεθήσεσθαι.
1000 1061 1180 1153 ἀρρωδέων

181 1168 217 1250 δέ
227 1165 358 1235 τούτων
369 1168 491 1232 ἕκαστα
501 1165 698 1252 ἐβουλεύετο
709 1162 903 1233 ἀπόστασιν.
926 1163 1106 1233 συνέπιπτε
1116 1161 1180 1252 γάρ

179 1268 234 1333 καί
258 1259 319 1331 τόν
340 1263 533 1349 ἐστιγμένον
557 1259 620 1349 τῆν
643 1260 794 1351 κεφαλήν
819 1260 958 1350 ἀπῖχθαι
979 1265 1016 1332 ἐκ
1034 1262 1181 1332 Σούσων

179 1358 269 1446 παρά
279 1358 445 1446 Ἱστιαίου,
458 1366 662 1446 σημαίνοντα
672 1358 876 1430 ἀπίστασθαι
886 1358 1103 1448 Ἀρισταγόρῃ
1114 1354 1179 1426 ἀπδ

178 1459 339 1545 βασιλέος.
368 1455 387 1526 ὁ
412 1455 478 1545 γάρ
495 1456 645 1538 Ἰστιαίος
669 1458 876 1547 βουλόμενος
896 1466 943 1550 τῷ
963 1453 1179 1544 Ἀρισταγόρῃ

179 1561 323 1641 σημῆναι
341 1551 524 1642 ἀποστῆναι
547 1553 656 1635 άλλως
669 1554 732 1642 μέν
752 1553 906 1643 οὐδαμῶς
921 1554 986 1643 εἶχε
1005 1552 1180 1643 ἀσφαλέως

179 1660 324 1741 σημῆναι
339 1650 423 1721 εόστε
437 1657 720 1741 φυλασσομενέων
732 1660 801 1723 τόν
814 1652 921 1741 ὁδόν,
936 1650 955 1723 ὁ
968 1652 1005 1721 δέ
1014 1658 1083 1721 τῶν
1097 1650 1182 1720 δού-

178 1760 247 1821 λων
266 1746 328 1819 τάν
355 1752 553 1821 πιστότατον
577 1750 789 1842 ἀποξυρήσας
813 1751 876 1840 τήν
900 1751 1054 1842 κεφαλήν
1076 1756 1180 1832 δστιξε

177 1852 233 1918 καλ
248 1845 402 1935 ἀνέμεινε
418 1845 590 1935 ἀναφῦναι
604 1847 663 1930 τάς
676 1857 796 1938 τρίχας.
820 1849 866 1933 ἀς
878 1856 915 1922 δὲ
931 1850 1105 1941 ἀνέφυσαν
1118 1848 1180 1918 τά-

177 1970 289 2037 χιστα,
312 1947 483 2038 ἀπέπεμπε
503 1952 537 2031 ές
558 1957 715 2038 Μίλητον
737 1951 967 2039 ἐντειλάμενος
986 1948 1076 2040 αύτῷ
1098 1945 1178 2017 ἀλλο

178 2050 240 2135 μὲν
261 2045 378 2136 οὐδὲν,
406 2047 509 2120 έπεάν
535 2051 572 2119 δὲ
594 2048 750 2138 ἀπίκηται
775 2053 809 2131 ἐς
830 2057 1000 2137 Μίλητον,
1029 2046 1179 2117 κελεύειν

173 2145 412 2235 Ἀρισταγόρην
433 2149 624 2236 ξυρήσαντά
641 2174 701 2236 μιν
719 2146 778 2228 τάς
797 2156 909 2236 τρίχας
928 2149 1125 2225 ικατιδέσθαι
1146 2145 1179 2224 ἐς

176 2242 238 2332 τήν
252 2245 419 2334 κεφαλήν·
441 2242 482 2313 τά
499 2247 535 2314 δέ
551 2252 710 2333 στίγματα
727 2247 901 2336 ἐσήμαινε,
925 2242 969 2324 ὡς
990 2246 1045 2312 καὶ
1058 2240 1178 2330 πρότε-

177 2345 239 2430 ρόν
249 2369 309 2433 μοι
324 2354 466 2432 εἴρηται,
484 2342 677 2415 ἀπόστασιν.
700 2353 804 2417 ταῦτα
820 2347 856 2415 δέ
873 2343 1054 2423 ὁἹστιαίος
1068 2344 1177 2411 ἐποίεε

175 2439 355 2529 συμφορήν
368 2442 568 2529 ποιεύμενος
580 2445 730 2532 μεγάλην
743 2443 806 2534 τῆν
820 2447 948 2513 ἑωυτοῦ
958 2439 1102 2528 κατοχῆν
1115 2438 1178 2528 τήν

175 2541 213 2608 έν
227 2539 408 2608 Σούσοισι·
430 2536 631 2622 ἀποστάσιος
649 2535 698 2611 ἀν
711 2546 889 2631 γινομένης
903 2541 1029 2621 πολλάς
1043 2538 1107 2627 εἶχε
1122 2542 1178 2608 έλ-

174 2639 272 2716 πίδας
286 2636 487 2724 μετήσεσθαι
499 2640 552 2708 ἐπὶ
563 2640 757 2726 θάλασσαν,
771 2637 816 2728 μή
829 2640 866 2709 δὲ
875 2638 1041 2725 νεύτερόν
1055 2665 1085 2706 τι
1099 2660 1177 2704 ποι-

175 2738 275 2824 εύσης
286 2745 344 2826 τῆς
354 2739 511 2827 Μιλήτου
527 2737 658 2829 ούδαμά
672 2743 706 2821 ές
719 2736 827 2828 αύτήν
836 2737 929 2828 ήξειν
940 2744 988 2808 ἔτι
1004 2740 1174 2823 ἐλογίζετο.

126 2849 160 2904 36
251 2831 401 2913 Ἱστιαῖος
425 2842 487 2922 μέν
513 2863 580 2905 νυν
606 2844 711 2905 ταῦτα
740 2836 992 2922 διανοεύμενος·
1005 2833 1177 2920 ἀπέπεμπε

172 2925 232 2997 τόν
249 2925 409 3018 ἀγγελον,
427 2930 644 3025 Ἀρισταγόρῃ
655 2938 691 3005 δέ
703 2937 884 3004 συνέπιπτε
899 2940 961 3002 τοῦ
975 2930 1081 3001 αύτοῦ
1095 2928 1176 3017 χρό-

172 3056 237 3098 νου
249 3028 359 3097 πάντα
374 3037 477 3099 ταῦτα
492 3033 712 3103 συνελθόντα.
735 3032 931 3121 ἐβουλεύετο
949 3023 999 3100 ἀν
1012 3026 1093 3118 μετά
1108 3035 1176 3098 τῶν
1295 3060 1296 3089 1

172 3125 397 3212 στασιωτέων,
424 3129 571 3218 ἐκφήνας
593 3131 656 3218 τήν
682 3157 719 3199 τε
742 3135 870 3200 ἐωυτοῦ
893 3129 1034 3218 γνύμην
1055 3130 1110 3197 καλ
1134 3124 1174 3194 τά
1294 3198 1295 3221 η

171 3221 260 3311 παρά
280 3230 341 3292 τού
357 3220 512 3294 Ἱστιαίου
531 3226 705 3316 ἀπιγμένα.
735 3234 771 3298 οδ
790 3230 853 3317 μέν
875 3227 916 3317 δή
938 3227 1033 3299 ἄλλοι
1052 3228 1175 3306 πάντες
1294 3234 1295 3273 ί

170 3323 309 3411 γνώμην
333 3319 416 3389 κατά
444 3321 551 3394 τάυτδ
576 3330 789 3415 ἐξεφέροντο,
813 3325 1008 3408 κελεύοντες
1034 3325 1173 3396 ἀπίστα-

170 3429 268 3508 σθαι,
285 3417 453 3500 Ἑκαταῖος
464 3423 500 3490 δέ
512 3422 530 3491 ὁ
541 3422 718 3511 λογοποιὸς
732 3433 847 3514 πρῶτα
861 3427 924 3512 μὲν
937 3422 1002 3493 ούκ
1019 3429 1058 3494 ἐα
1070 3421 1173 3493 πόλε·
1265 3500 1277 3527 '
1292 3438 1294 3519 j
