2606 3930
405 238 489 297 ΗΒ.
516 238 564 296 Ν.
597 236 696 297 σεε.
729 244 866 299 ιι-ιο.
1068 230 1130 299 801

136 405 176 491 τῇ
189 406 284 490 νοτίη
298 397 454 486 θαλάσση
474 392 541 467 ὑπό
556 400 725 465 Σκυθίαν
740 396 953 483 πιεζομένους
968 396 1132 466 ἐκλείπειν

136 496 198 586 τήν
217 496 337 586 κόρην.
370 495 459 566 οὕτω
479 492 520 583 δή
539 491 619 565 οὐδὲ
639 486 737 576 οὗτος
759 496 963 584 συμφέρεται
976 497 1052 585 περὶ
1074 501 1132 584 τής

136 596 245 683 χοίρης
260 595 380 683 ταύτης
396 591 563 683 Σκύθησι.

176 777 181 784 ⁴
221 696 287 762 Καὶ
304 691 389 762 ὅθεν
402 694 464 780 μέν
477 684 523 780 ήν
536 688 702 781 Ἀριστέης
718 690 852 762 όταῦτα
864 691 1023 781 ποιήσας,
1039 698 1131 776 είρη-
1155 703 1183 759 14

134 807 192 861 κα·
228 788 288 860 τόν
308 790 345 860 δέ
363 793 439 875 περὶ
458 787 564 862 αὐτοῦ
580 787 707 878 ήκουον
729 786 832 878 λόγον
852 793 889 862 έν
902 789 1131 881 Προκοννήσῳ

136 892 193 961 καὶ
209 893 357 981 Κυζίκῳ,
378 891 470 972 λέξιν.
510 885 681 977 Ἀριστέην
695 887 761 978 γάρ
781 891 932 978 λέγουσι,
951 888 1048 959 έόντα
1064 892 1132 956 τῶν

136 988 248 1058 ἀστῶν
262 983 402 1069 οάδενδς
415 989 512 1076 γένος
525 984 783 1077 ὑποδεέστερον,
806 989 989 1061 ἐσελθόντα
1002 991 1036 1068 ές
1048 1013 1132 1058 κνα-

137 1087 242 1177 φήιον
251 1089 289 1158 έν
298 1085 527 1180 Προκοννήσῳ
539 1084 737 1177 ἀποθανεῖν,
754 1093 810 1158 καὶ
819 1086 881 1158 τάν
890 1091 1019 1177 κναφέα
1030 1113 1132 1158 κατα-

136 1193 318 1274 κληίσαντα
341 1181 380 1255 τὸ
407 1185 627 1275 ἐργαστήριον
648 1195 800 1275 οἴχεσθαι
824 1185 1023 1275 ἀγγελέοντα
1045 1197 1127 1255 τοῖσι

136 1284 345 1375 προσήκουσι
362 1290 408 1375 τῷ
422 1290 540 1376 νεκρῷ.
564 1286 809 1372 ἐσκεδασμένου
824 1283 937 1374 δέήδη
951 1284 1130 1371 τοῦλόγου

136 1383 202 1457 ἀνὰ
213 1381 388 1472 τήνπόλιν
416 1381 460 1465 ὡς
472 1382 618 1465 τεθνεός
633 1394 684 1472 είη
696 1382 715 1454 ὁ
727 1383 904 1474 Ἀριστέης,
918 1388 951 1465 ές
961 1383 1131 1474 ἀμφισβα-

136 1491 210 1564 σίας
225 1497 311 1552 τοίσι
327 1485 461 1570 λέγουσι
483 1480 662 1553 ἀπικέσθαι
678 1482 786 1573 ἀνδρα
799 1481 988 1572 Κυζικηνόν
1010 1481 1130 1571 ήκοντα

136 1584 171 1664 έξ
189 1577 348 1669 Ἀρτάκης
368 1581 501 1670 πόλιος,
528 1580 640 1670 φάντα
661 1596 838 1671 συντυχεῖν
861 1584 953 1652 τέοί
973 1581 1059 1652 ίόντι
1078 1582 1132 1651 έπλ

136 1686 284 1764 Κυζίκου
298 1681 353 1748 καί
367 1681 400 1760 ές
415 1679 538 1767 λόγους
552 1677 742 1751 ἀπικέσθαι.
764 1684 820 1750 καί
832 1688 953 1751 τοῦτον
963 1684 1026 1770 μέν
1040 1685 1132 1751 έντε-

136 1780 285 1868 ταμένιος
299 1775 553 1868 ἀμφισβατέειν,
574 1776 653 1859 τοάς
667 1781 704 1848 δὲ
723 1778 950 1868 προσήκοντας
963 1786 1010 1872 τῷ
1023 1783 1132 1868 νεκρῷ

135 1880 190 1949 &az
202 1875 240 1949 τό
251 1877 420 1968 κναφήιον
429 1891 583 1967 παρεῖναι
594 1876 728 1965 ἔχοντας
737 1873 778 1946 τά
790 1875 967 1965 πρόσφορα
979 1871 1132 1956 ὡςάναι-

137 1979 351 2066 ρησομένους.
374 1974 588 2065 ἀνοιχθέντος
601 1975 638 2045 δέ
653 1982 715 2045 τοῦ
730 1974 905 2062 οίκήματος
920 1971 998 2043 οὔτε
1011 1982 1130 2042 τεθνε-

136 2082 205 2144 οῐτα
218 2073 296 2144 οὔτε
313 2075 439 2158 ζοόοντα
452 2080 635 2162 φαίνεσθαι
646 2070 825 2161 Ἀριστέην.
848 2068 930 2160 μετὰ
949 2073 986 2141 δέ
1001 2068 1130 2160 ἑβδόμῳ

135 2178 203 2244 έτελ
222 2176 370 2261 φανέντα
397 2163 491 2253 αὖτις
517 2178 551 2254 ές
568 2171 812 2261 Προκόννησον
832 2177 966 2258 ποιήσαι
988 2168 1029 2238 τό
1051 2173 1130 2237 ἔπεα

135 2277 257 2357 ταῦτα,
271 2267 312 2339 τά
323 2277 389 2339 νῦν
399 2267 459 2340 ὑπ’
469 2269 639 2360 Ἑλλήνων
650 2269 850 2362 Ἀριμάσπεα
860 2273 1021 2359 καλέεται,
1033 2267 1132 2355 ποιή·

134 2391 241 2439 σαντα
253 2368 290 2439 δέ
300 2366 529 2459 ἀφανισθῆναι
541 2370 578 2442 τδ
593 2372 761 2463 δεότερον.
784 2378 887 2442 ταῦτα
897 2373 960 2460 μέν
970 2376 1006 2442 αί
1017 2371 1129 2449 πόλιες
1145 2393 1177 2445 ιε

135 2464 235 2541 αὗται
255 2472 405 2558 λέγουσι,
425 2472 505 2569 τάδε
524 2474 561 2543 δὲ
585 2467 658 2543 οἴδα
678 2479 962 2544 Μεταποντίνοισι
985 2486 1070 2543 τοῖσι
1093 2471 1130 2540 έν

130 2568 250 2658 Ἰταλίη
264 2568 521 2659 συγκυρήσαντα
534 2570 615 2661 μετά
634 2570 698 2661 τήν
712 2570 876 2661 ἀφάνισιν
890 2568 954 2661 τήν
970 2573 1130 2659 δευτέρην

130 2663 288 2750 Ἀριστέω
311 2670 396 2735 έτεσι
425 2666 668 2757 τεσσεράκοντα
691 2669 748 2739 καί
770 2674 983 2758 διηκοσίοισι,
1005 2663 1050 2748 ὥς
1065 2664 1127 2753 έγώ

134 2764 408 2854 συμβαλλόμενος
420 2769 458 2837 έν
471 2767 702 2860 Προκοννήσῳ
716 2770 822 2837 τεκαὶ
836 2773 1058 2859 Μεταποντίῳ
1072 2762 1130 2834 εό-

133 2883 261 2954 ρισκον.
305 2872 557 2937 Μεταποντῖνοί
570 2886 653 2954 φασι
673 2863 777 2935 αάτὸν
794 2862 964 2954 Ἀριστέην
982 2864 1129 2954 φανέντα

132 2985 194 3052 σφι
215 2966 248 3046 ές
267 2962 330 3054 τήν
348 2966 461 3056 χάρην
480 2973 634 3036 κελεῦσαι
653 2963 770 3056 βωμόν
786 2962 970 3035 Ἀπόλλωνι
990 2963 1130 3054 ίδράσα-

131 3074 216 3134 σθαι
224 3063 280 3132 καὶ
300 3057 456 3151 Ἀριστέω
471 3070 533 3134 τοῦ
542 3069 798 3153 Προκοννησίου
809 3066 1003 3153 ἐπωνυμίην
1013 3068 1129 3152 ἔχοντα

131 3159 316 3249 ἀνδριάντα
326 3159 401 3250 παρ’
413 3158 519 3232 αάτδν
528 3169 662 3251 στήσαι·
676 3162 782 3252 φάναι
792 3162 858 3253 γάρ
869 3183 931 3253 σφι
940 3159 1001 3232 τόν
1010 3160 1123 3230 Ἀπόλ·
1157 3170 1159 3175 ’

130 3273 221 3336 λανα
233 3260 446 3334 Ἰταλιωτέων
458 3261 615 3351 μούνοισι
629 3260 671 3353 δή
686 3261 867 3334 ἀπικέσθαι
881 3264 915 3343 ές
929 3258 993 3347 τήν
1004 3257 1128 3347 χοίρην,

129 3367 184 3435 καλ
196 3359 302 3442 αάτός
317 3365 352 3429 ολ
364 3363 505 3431 ἕπεσθαι
520 3358 540 3432 ὁ
554 3368 622 3431 νῦν
635 3361 702 3432 έάν
710 3361 884 3451 Ἀριστέης.
906 3356 981 3426 τότε
995 3358 1050 3443 δε,
1074 3351 1130 3423 ὅτε

128 3466 238 3545 εἵπετο
252 3467 302 3558 τςό
316 3467 404 3560 θεῷ,
426 3458 512 3536 εἶναι
525 3462 637 3557 κόραξ.
660 3465 716 3541 καί
728 3460 790 3541 τὸν
802 3463 865 3553 μέν
880 3463 1016 3530 εἴπαντα
1026 3459 1130 3531 ταῦτα
