2606 3930
386 190 471 251 ΗΒ.
502 193 551 252 Ν.
586 192 685 253 cm.
718 199 852 259 78—80.
1058 191 1123 261 ³29

113 361 223 473 σκηδε
237 348 343 440 βέλος.
366 351 423 422 καλ
434 347 510 440 ήμδ
510 379 532 421 υ
542 351 687 448 κατεκάη
701 360 808 443 πάσα,
826 354 961 446 Σκύλης
971 357 1008 426 δὲ
1019 352 1121 429 υύδέν

112 449 237 521 τούτου
252 453 383 520 εἵνεκεν
401 451 504 520 ἕσσον
524 438 748 523 ἐπετέλεσε
712 479 775 541 την
787 454 932 542 τελετήν.
979 455 1120 526 Σκύθαι

114 550 226 618 δδτον
210 549 434 638 βακχεύειν
432 549 509 636 πέρι
517 547 652 638 Ἕλλησι
666 548 883 635 ὀνειδίζουσι
905 550 948 624 ού
957 554 1023 643 γάρ
1036 574 1118 642 φασι
1136 606 1138 611 ·

113 622 204 726 οίκδς
225 644 311 716 εἶναι
327 643 414 716 θεὸν
434 649 638 733 ἐξευρίσκειν
658 655 796 739 τοῦτον,
825 647 916 731 ὅστις
938 658 1119 739 μαίνεσθαι

112 747 225 833 ἐνάγει
247 743 464 832 άνθράπυυς.
506 751 615 821 ἐπείτε
636 750 673 818 δὲ
693 753 851 837 ἐτελέσθη
870 777 917 843 τω
903 750 1114 871 ’Βακχείφ’
1099 778 1118 820 υ

112 844 257 932 Σκύλης,
271 846 386 931 διέδρη
399 844 566 924 πιστεύσας
582 850 1012 935 τῦντιςΒορνσθενελτέων
1033 845 1118 938 πρδς

112 939 190 1022 τούς
200 942 344 1024 Σκύθας
354 945 480 1031 λέγων·
506 941 607 1032 Ἡμῖν
618 943 692 1034 γάρ
696 940 953 1035 καταγελᾶτε,
926 974 951 1016 ω
966 951 1115 1036 Σκύθαι,

111 1039 163 1109 ῦτι
176 1043 387 1130 βακχεύομεν
406 1046 462 1113 καλ
475 1041 614 1133 ήμέας’
599 1070 618 1113 ο
635 1041 718 1126 θεὸς
733 1045 914 1135 λαμβάνει
935 1054 1002 1115 νῦν
1017 1040 1122 1128 οὗτος

110 1138 129 1210 6
144 1145 273 1230 δαίμων
289 1144 345 1212 καὶ
358 1140 419 1213 τδν
433 1141 596 1232 ὑμέτερον
609 1147 748 1234 βασιλέα
762 1146 941 1235 λελάβηκε,
963 1150 1018 1217 καὶ
1030 1155 1117 1236 βακ-

110 1238 200 1329 χεύει
214 1242 270 1310 καλ
285 1237 353 1310 ῦπδ
374 1248 436 1310 τοῦ
455 1248 543 1312 θεοῦ
557 1250 720 1331 μαίνεται.
754 1249 785 1314 εί
800 1246 840 1313 δέ
856 1269 913 1332 μοι
933 1241 1114 1332 άπιστέετε,

110 1341 251 1427 ἕπεσθε,
272 1339 328 1408 καὶ
341 1336 423 1428 ῦμῑν
437 1338 502 1427 έγεδ
519 1343 610 1423 δέξω
656 1344 805 1411 ιποντο
820 1349 889 1411 τοῦν
898 1345 1068 1411 Σκυθέων
1082 1347 1117 1412 οί

110 1446 348 1529 προεστεῶτες,
372 1443 429 1511 καλ
448 1437 573 1523 αύτοῦς
597 1439 779 1533 άναγαγοδν
802 1439 820 1511 6
845 1448 1114 1531 Βορυσθενεΐτης

109 1542 226 1632 λάθρη
246 1544 301 1612 ἐπὶ
321 1542 460 1638 πύργον
479 1557 603 1614 καττσε
650 1544 757 1615 ἐπείτε
783 1543 821 1614 δέ
840 1543 962 1633 παρήιε
981 1542 1047 1613 σύν
1067 1549 1134 1637 τῷΙ

108 1637 255 1733 θιάσῳ*
240 1640 411 1762 οΣκύλης
425 1632 482 1712 καὶ
503 1639 595 1713 εἶδόν
614 1669 674 1730 μιν
687 1643 896 1733 βακχεύοντα
917 1647 951 1712 ολ
962 1643 1112 1727 Σκύθαι,

107 1739 215 1825 κάρτα
235 1738 417 1829 συμφορήν
437 1740 588 1830 μεγάλην
611 1741 829 1830 ἐποιήσαντο,
857 1742 1050 1824 ἐξελθόντες
1075 1740 1112 1809 δέ

109 1838 292 1926 ἐσήμαινον
316 1838 407 1930 πάση
432 1846 473 1929 τῇ
498 1845 635 1929 στρατιῇ
656 1837 697 1907 τά
722 1843 837 1908 λδοιεν.
885 1839 943 1920 Ὡς
968 1842 1005 1908 δὲ
1029 1834 1111 1926 μετά
1126 1849 1161 1905 80

107 1945 212 2007 ταῦτα
227 1939 388 2030 ἐξήλαυνε
401 1937 420 2009 6
431 1938 570 2026 Σκύλης
582 1940 615 2018 ἐς
628 1935 715 2027 ήθεα
725 1936 766 2007 τά
778 1941 917 2028 ἑωυτοῦ,
932 1945 967 2010 oc
973 1938 1112 2010 Σκύθαι

105 2037 373 2126 προστησάμενοι
390 2035 451 2109 τδυ
467 2032 635 2124 άδελφεδν
649 2032 755 2105 αύτυῦ
766 2034 1037 2126 Ὀκταμασάδην,
1053 2063 1111 2125 γε·

105 2135 230 2224 γονότα
244 2140 280 2206 έκ
293 2144 352 2226 τής
366 2137 483 2226 Τήρεω
492 2133 683 2225 θυγατρὸς,
697 2138 911 2206 ἐπανιστέατο
922 2143 968 2229 τῷ
979 2138 1107 2226 Σκύλη.

104 2233 123 2304 6
139 2235 176 2305 δέ
189 2234 313 2324 μαθύν
325 2234 363 2306 τδ
380 2237 564 2325 γινόμενον
580 2233 634 2305 ἐπ’
653 2237 766 2328 ἑωυτῷ
780 2237 836 2304 καλ
846 2232 909 2322 τήν
924 2240 1044 2324 αἰτίην,
1060 2232 1108 2303 δι’

105 2333 147 2423 ἣν
162 2337 325 2422 ἐποιέετο,
346 2334 551 2454 καταφεύγει
573 2337 607 2415 ἐς
625 2331 689 2422 τήν
705 2339 866 2422 Θρηίκην.
912 2332 1110 2419 πυθόμενος

104 2432 175 2505 666
104 2388 435 2523 δὲὈκταμάσάδης
448 2441 553 2504 ταῦτα
568 2432 783 2522 ἐστρατεύετο
796 2426 900 2500 ἐπὶ
864 2456 927 2517 την
941 2436 1108 2517 θρηίκην

103 2537 211 2605 ἐπείτε
232 2532 268 2603 66
280 2536 333 2604 ἐπὶ
341 2560 387 2627 τω
394 2532 511 2626 Ιστρφ
521 2527 749 2621 ἐγένετο,ηντ
747 2528 835 2598 ασαν
845 2554 905 2615 μιν
915 2533 949 2597 ολ
954 2526 1107 2616 Θρήικες,

102 2630 297 2719 μελλόντων
310 2628 407 2701 66⁹
364 2638 478 2700 αυτῦν
498 2629 666 2713 συνάψειν
687 2633 813 2716 έπεμψε
827 2626 995 2744 Σιτάλκης
1015 2621 1104 2713 παρά

103 2727 165 2798 τὸν
175 2727 426 2818 Ὀκταμασάδην
439 2732 549 2816 λέγων
562 2727 692 2797 τοιάδε
717 2732 760 2795 Τι’
771 2729 824 2793 δελ
834 2721 936 2812 ἡμέας
951 2720 1106 2810 ἀλλήλων

102 2833 362 2916 πειρηθήναιςε
363 2826 393 2909 ς
347 2831 477 2916 μέν
491 2853 556 2916 μευ
575 2832 633 2916 τής
653 2822 817 2913 άδελφεής
841 2836 935 2909 παῖς,
962 2827 1046 2910 ἔχεις
1069 2823 1109 2890 δέ

101 2953 167 3014 μευ
182 2923 358 3014 ἀδελφεόν.
392 2925 436 2995 σύ
458 2921 489 2996 τ’
512 2926 585 3013 ἐμοὶ
601 2921 728 3004 άπύδος
741 2929 880 3011 τοῦτον,
902 2923 958 2989 καὶ
973 2917 1037 3007 ἐγω
1053 2919 1105 2988 σοὶ

99 3026 162 3095 τὸν
176 3023 240 3095 οόν
253 3026 396 3115 Σκύλην
408 3028 636 3113 παραδίδωμι·
665 3030 802 3113 στρατιή
816 3025 853 3092 δὲ
871 3022 952 3111 μήτε
969 3017 1013 3112 σν
1030 3045 1105 3089 κιν-

100 3123 268 3214 δυνεύσης
281 3124 347 3213 μήτ
349 3121 453 3214 '676
491 3122 637 3194 Ταῦτάο
639 3124 799 3211 ίπέμψας
813 3119 831 3190 6
844 3108 1013 3208 Σιτάλκης
1028 3121 1104 3187 έπε-

100 3221 322 3310 κηρυκεύετο·
353 3215 400 3311 ήν
420 3220 487 3312 γάρ
506 3218 597 3310 παρά
621 3226 667 3313 τῷ
685 3217 914 3309 Ὀκταμασάδη
941 3213 1105 3325 ἀδελφεὸς

100 3320 273 3390 Σιτάλκεω
283 3319 461 3408 πεφευγάις
483 3327 617 3390 τοῦτον
650 3317 721 3389 666
731 3317 1104 3438 Ὀκταμασάδηςκαται-

100 3425 168 3498 υέει
190 3427 312 3512 ταῦτα,
346 3418 464 3505 ἐκδούς
491 3423 528 3494 δέ
554 3419 615 3495 τδν
641 3424 769 3494 ἑωυτοῦ
794 3417 931 3509 μήτρων
938 3413 1103 3512 Σιτάλκη
