2568 3938
218 237 282 312 ’κω
594 253 844 313 οπεοοοτι

219 413 365 501 νομέυον
384 408 566 501 ἀργυρίου,
587 409 627 480 τὰ
641 415 767 498 ἐγίνετο
783 415 820 482 ἐκ
839 419 907 480 τάν
927 410 1074 499 ίχθύων·
1095 410 1223 481 τούτου

219 537 255 580 τε
269 510 310 597 δὴ
324 514 422 597 χωρὶς
435 518 504 580 τού
512 508 675 598 ἀργυρίου
690 513 745 580 καλ
755 518 819 580 τού
830 513 1111 599 ἐπιμετρουμένου
1124 518 1222 580 σίτου

219 613 359 700 προσήιε
374 612 553 681 ἑπτακόσια
567 614 728 682 τάλαντα·
751 618 846 680 σίτου
858 609 924 700 γάρ
939 616 1139 681 δυοκαίδεκα
1153 638 1220 698 μυ-

219 711 335 799 ριάδας
345 713 504 797 Περσέων
514 736 549 779 τε
560 724 648 779 τοῖσι
657 714 695 779 ἐν
704 717 750 802 τῷ
761 718 879 802 Λευκῷ
890 717 989 796 τείχει·
997 717 1042 801 τῷ
1055 714 1091 778 έν
1098 712 1220 796 Μέμφι

218 812 486 899 κατοικημένοισι
503 813 761 899 καταμετρέουσι
776 813 831 879 καλ
841 826 926 879 τοῖσι
938 811 1069 880 τούτων
1081 810 1218 879 ἐπικού-

219 933 323 1001 ροισι·
346 907 449 998 νομδς
463 912 556 989 ἕκτος
571 903 678 990 οὗτος.
723 909 936 997 Σατταγύδαι
957 907 993 977 δὲ
1014 910 1069 977 καὶ
1083 906 1218 977 Γανδά-

219 1038 286 1096 ριοι
301 1014 356 1079 καλ
369 1013 515 1080 Δαδίκαι
530 1035 565 1078 τε
582 1009 637 1078 καλ
648 1006 827 1095 Ἀπαρύται
851 1010 884 1088 ές
901 1004 1007 1076 τάυτδ
1024 1008 1217 1093 τεταγμένοι

219 1106 446 1197 ἑβδομήκοντα
469 1111 524 1178 καλ
544 1105 664 1177 ἑκατόν
685 1109 830 1177 τάλαντα
855 1109 1082 1194 προσέφερον·
1112 1103 1218 1193 νομὸς

219 1200 318 1286 οὗτος
333 1209 481 1294 ἕβδομος.
510 1203 575 1275 άπδ
593 1205 739 1276 Σούσων
760 1210 796 1276 δέ
812 1210 867 1275 καλ
879 1214 937 1294 της
953 1204 1054 1292 άλλης
1068 1213 1218 1274 Κισσίων

171 1323 205 1377 92
218 1304 326 1395 χάρης
338 1307 530 1393 τριηκόσια·
551 1302 654 1392 νομδς
669 1303 788 1393 ὄγδοος
803 1298 909 1384 οὗτος.
933 1302 999 1373 άπδ
1014 1310 1218 1391 Βαβυλῶνος

218 1407 254 1476 δέ
277 1406 406 1493 καὶτῆς
425 1411 541 1493 λοιπῆς
558 1402 732 1493 Ἀσσυρίης
747 1406 837 1494 χίλιά
858 1408 892 1473 οί
913 1401 1052 1492 προσήιε
1071 1402 1218 1472 τάλαντα

219 1502 383 1592 άργυρίον
398 1506 453 1575 καλ
466 1507 580 1584 παῖδες
595 1505 741 1590 ἐκτομίαι
757 1503 985 1573 πεντακόσιοι·
1008 1499 1111 1590 νομός
1125 1510 1218 1570 είνα-

219 1635 273 1687 τος
288 1598 394 1685 οὗτος.
423 1602 489 1675 άπδ
507 1607 544 1675 δὲ
554 1603 768 1694 Ἀγβατάνων
782 1609 837 1674 καλ
857 1612 915 1694 τῆς
929 1608 1046 1689 λοιπῆς
1059 1605 1217 1689 Μηδικῆς

218 1707 273 1774 καὶ
290 1713 505 1792 Παρικανίων
525 1708 580 1777 καλ
598 1704 933 1794 Ὀρθοκορυβαντίων
953 1700 1161 1793 πεντήκοντά
1180 1728 1217 1769 τε

218 1803 272 1872 καλ
286 1803 481 1890 τετρακόσια
495 1804 656 1873 τάλαντα·
678 1798 782 1887 νομός
795 1804 930 1881 δέκατος
942 1794 1047 1880 οὗτος.
1069 1802 1216 1869 Κάσπιοι
1280 1890 1281 1893 ¹

218 1902 254 1969 δὲ
268 1900 323 1969 καλ
336 1900 467 1968 Παυοολ
482 1902 536 1968 καί
546 1906 762 1988 Παντίμαθοί
772 1926 807 1971 τε
821 1902 876 1968 καί
887 1909 1047 1987 Δαρεῖται
1062 1901 1094 1979 ές
1107 1895 1215 1967 τάυτό
1280 1920 1281 1929 ’

217 2000 444 2085 συμφέροντες
458 1998 612 2091 διηκόσια
625 1999 771 2068 τάλαντα
784 1995 982 2086 ἀπαγίνεον
1004 1994 1106 2084 νομός
1122 1996 1216 2064 ἑνδέ-

216 2089 432 2177 κατοςοῦτος.
456 2093 522 2165 άπδ
533 2104 751 2186 Βακτριανῶν
763 2101 799 2167 δέ
810 2101 1046 2185 μέχριΑίγλοίν
1057 2096 1216 2183 ἑξήκοντα

216 2199 271 2267 καὶ
292 2195 464 2285 τριηκόσια
486 2195 630 2269 τάλαντα
651 2196 757 2283 φόρος
781 2189 844 2283 ἦν·
879 2194 982 2283 νομός
1007 2196 1216 2273 δυωδέκατος

169 2312 203 2369 93
217 2293 324 2376 οὗτος.
351 2292 417 2369 άπό
431 2302 621 2382 Πακτυϊκῆς
640 2297 676 2364 δὲ
691 2298 747 2365 καλ
757 2294 937 2383 Ἀρμενίων
954 2297 1008 2364 καλ
1026 2301 1095 2363 τῶν
1108 2315 1216 2379 προσ·

217 2401 318 2485 εχέων
337 2397 431 2482 μέχρι
452 2400 512 2461 τοῦ
533 2392 660 2461 πόντον
684 2400 743 2461 τοῦ
760 2391 924 2479 Εύξείνον
944 2390 1138 2481 τετρακόσια
1154 2391 1214 2460 τά-

215 2503 335 2563 λαντα·
356 2489 459 2578 νομός
474 2496 581 2576 τρίτος
597 2493 651 2558 καλ
666 2493 802 2570 δέκατος
817 2484 923 2571 ούτος.
946 2488 1011 2559 άπδ
1027 2490 1063 2559 δέ
1076 2498 1215 2576 Σαγαρ-

215 2601 295 2662 τίων
316 2592 370 2665 καλ
390 2593 596 2676 Σαραγγέων
621 2592 676 2658 καλ
696 2598 899 2677 Θαμαναίων
924 2593 978 2659 καλ
1002 2588 1134 2659 Ούτίων
1158 2594 1214 2658 καὶ

217 2692 349 2767 Μύκων
364 2693 419 2760 καλ
437 2696 507 2757 τῶν
526 2692 563 2757 έν
582 2696 656 2779 τῇσι
677 2691 809 2778 κη’σοισι
830 2692 1014 2760 οἰκεόντων
1030 2699 1099 2759 τάν
1120 2693 1157 2759 έν
1172 2700 1213 2781 τῇ

212 2788 357 2879 Ἐρυθρῇ
371 2788 543 2876 θαλάσση,
566 2790 603 2856 έν
619 2796 694 2877 τῇσι
710 2785 789 2870 τούς
804 2787 1038 2870 ἀνασπάστους
1053 2792 1213 2876 καλεομέ-

215 2914 295 2966 νους
310 2891 484 2968 κατοικίζει
498 2884 671 2975 βασιλεύς,
688 2883 753 2956 άπδ
766 2890 897 2957 τούτων
908 2888 1045 2958 πάντων
1060 2889 1213 2971 ἑξακόσια

214 2984 358 3055 τάλαντα
386 2988 511 3070 έγίνετο
537 2984 658 3076 φόρος·
691 2984 795 3073 νομὸς
821 2991 974 3074 τέταρτος
998 2992 1053 3056 καὶ
1078 2991 1213 3065 δέκατος

214 3078 321 3164 οὗτος.
365 3084 477 3152 Σάκαι
492 3085 528 3153 δέ
542 3086 596 3153 καλ
607 3085 754 3154 Κάσπιοι
770 3086 977 3174 πεντήκοντα
994 3089 1048 3155 καλ
1060 3086 1213 3173 διηκόσια

214 3178 349 3268 άγίνεον
370 3181 532 3249 τάλαντα·
565 3180 668 3269 νομός
692 3187 839 3269 πέμπτος
863 3186 919 3252 καί
943 3186 1079 3263 δέκατος
1103 3174 1211 3262 οὗτος.

212 3281 348 3367 Πάρθοι
362 3281 398 3349 δέ
412 3284 467 3351 καλ
476 3283 663 3370 Χοράσμιοι
678 3287 733 3353 καὶ
744 3285 872 3372 Σόγδοι
885 3312 921 3355 τε
932 3284 1103 3372 καλἍριοι
1117 3309 1213 3371 τριη-

165 3396 200 3450 94
214 3381 310 3449 κόσια
325 3379 487 3449 τάλαντα·
509 3379 613 3469 νομός
627 3385 721 3465 ἕκτος
736 3387 791 3456 καὶ
805 3387 940 3464 δέκατος
956 3377 1062 3463 οὗτος.
1102 3391 1213 3470 Παρι-

212 3478 323 3550 κάνιοι
338 3480 374 3550 δὲ
389 3482 444 3553 καὶ
459 3488 621 3567 Αίθίοπες
635 3490 670 3555 οί
684 3490 720 3556 ἐκ
740 3494 797 3577 τῆς
810 3485 918 3577 Ἀσίης
939 3484 1135 3575 τετρακόσια
1151 3482 1211 3555 τά·
