2622 3928
372 240 457 295 LIB.
493 242 536 294 VI.
571 239 671 296 GAP.
703 243 844 298 24-30.
1024 286 1027 291 .
1071 239 1109 303 71

109 406 225 488 ἐβαλε,
244 401 298 468 ἐπὶ
315 400 351 467 δὲ
364 405 405 487 τῇ
420 403 587 485 ναυμαχίη
601 399 773 483 ἐπεγένετο
785 396 935 478 Ἱστιαῖος
948 407 1112 488 Λεσβίους

109 499 217 586 ἀγων·
232 497 476 583 κεκακωμένων
491 496 528 562 δὲ
544 501 612 562 τῶν
625 502 735 581 Χίων,
756 498 991 586 καταστροφήν
1012 498 1112 569 εὐπε·

108 599 189 675 τέως
203 592 316 663 αὐτῶν
329 592 515 681 ἐποιήσατο.
556 589 733 661 Ἰδνθεῦτευ
748 596 785 662 δέ
802 590 979 677 ὁἹστιαίος
994 600 1111 684 έστρα-
1126 613 1162 666 28

107 696 221 764 τεύετο
234 692 410 764 ἐπὶΘάσον
420 688 643 778 ἀγωυΊάνων
654 695 866 762 καὶΛίολέων
878 695 1031 782 συχνούς.
1053 719 1114 763 πε-

109 797 318 886 ρικατημένῳ
336 796 376 862 δέ
393 797 427 861 οί
442 791 557 862 Θάσον
573 785 660 879 ἦλθε
676 789 828 880 ἀγγελίη,
853 792 897 874 ὡς
914 800 948 863 οί
960 801 1114 874 Φοίνικες

108 894 325 966 ἀναπλώουσι
340 894 377 960 ἐκ
391 898 449 979 τῆς
460 890 618 979 Μιλήτου
629 892 681 960 ἐπὶ
695 890 758 979 τήν
768 890 874 979 ἀλλην
884 891 1021 981 Ἰωνίην.
1047 918 1113 961 πυ-

108 997 257 1082 θόμενος
272 991 308 1060 δδ
326 997 431 1061 ταῦτα
444 991 561 1059 Θάσον
574 989 638 1077 μὲν
656 987 854 1078 ἀπόρθητον
870 998 992 1080 λείπει,
1013 988 1114 1070 αὐτὸς

108 1097 146 1164 δέ
156 1096 190 1172 ές
199 1089 261 1179 τήν
272 1092 403 1178 Λέσβον
416 1086 569 1178 ήπείγετο
582 1086 676 1175 ἀγων
688 1087 800 1157 πάσαν
809 1087 872 1177 τὴν
886 1090 1054 1179 στρατιήν.
1077 1093 1113 1157 ἐκ

8 1232 10 1279 ;
113 1192 242 1277 Λέσβου
258 1188 294 1256 δέ
310 1188 529 1277 λιμαινούσης
545 1192 579 1256 οί
589 1194 648 1274 τῆς
662 1194 815 1275 στρατιῆς
828 1192 935 1276 πέρην
949 1194 1114 1276 διαβαίνει

8 1358 10 1361 .
110 1295 143 1372 ές
161 1295 222 1357 τοῦ
232 1285 406 1372 Ἀταρνέος
422 1284 466 1366 ως
481 1284 621 1374 ἀμήσων
634 1284 695 1355 τὸν
710 1300 820 1374 σῖτον,
836 1288 896 1357 τόν
905 1314 942 1356 τε
952 1293 1114 1356 ἐνθεῦτεν

8 1446 10 1457 ,
49 1432 53 1438 ·
109 1390 165 1456 καὶ
180 1382 242 1454 τὸν
255 1387 292 1453 ἐκ
306 1391 437 1453 Καΐκου
450 1387 590 1473 πεδίου,
606 1382 666 1455 τὸν
677 1391 746 1452 τῶν
756 1393 898 1455 Μυσῶν.
928 1388 966 1455 έν
981 1385 1016 1454 δὲ
1033 1385 1114 1452 τού·

108 1504 194 1557 τοισι
205 1497 288 1555 τοίσι
300 1491 450 1571 χωρίοισι
461 1484 622 1570 ἐτύγχανε
630 1482 696 1553 ἐνδυ
705 1482 1112 1573 ἍρπαγοςάνήρΠέρσης,

8 1585 21 1591 ”
108 1580 292 1675 στρατηγὸς
302 1589 464 1671 στρατιῆς
478 1579 542 1651 οὐκ
556 1578 686 1670 ὀλίγης,
703 1581 740 1662 ὅς
755 1589 789 1652 οί
803 1581 968 1671 ἀποβάντι
982 1590 1114 1670 συμβα-

8 1720 9 1723 ’
37 1750 46 1760 ,
109 1685 178 1757 λοδυ
192 1683 297 1755 αὐτόν
311 1711 347 1753 τε
353 1682 509 1754 Ἰστιαίου
520 1691 641 1774 ζωγρίῃ
652 1691 749 1773 ἔλαβε
761 1688 816 1755 καί
826 1684 887 1754 τὸν
897 1684 1040 1774 στρατὸν
1051 1683 1115 1753 αά-

8 1800 10 1881 ξ
110 1786 245 1858 τοῦτὸν
260 1790 350 1856 πλέω
366 1788 549 1873 διέφθειρε.
582 1783 773 1882 Ἐζωγρήθη
789 1786 825 1855 δὲ
840 1785 1020 1865 ὁἹστιατος
1031 1779 1112 1854 ὦδε·
1128 1799 1163 1854 29

8 1928 15 1981 ἰ

8 1894 10 1901 “
109 1888 154 1967 ὡς
165 1886 326 1974 ἐμάχοντο
338 1890 372 1954 οί
378 1883 534 1972 Ἕλληνες
545 1886 789 1975 τοίσιΠέρσησι
801 1888 838 1954 ἐν
848 1892 888 1974 τῇ
900 1884 1047 1973 Μαλήνη
1058 1889 1115 1970 τῆς

8 1982 17 2059 λ
105 1977 345 2069 Ἀταρνείτιδος
354 1981 479 2069 χάρης,
495 1986 529 2050 oc
538 1984 601 2067 μὲν
613 1987 821 2051 συνέστασαν
831 1982 956 2070 χρόνον
967 1983 1020 2049 ἐπὶ
1031 1990 1115 2048 πολ-

8 2072 10 2151 ἶ
108 2082 188 2169 λόν,
205 2079 227 2170 ή
244 2080 281 2150 δέ
294 2084 394 2160 ἵππος
408 2081 551 2169 ὕστερον
565 2080 752 2173 ὁρμηθεῖσα
767 2086 932 2152 ἐπιπίπτει
946 2096 1031 2151 τοῖσι
1038 2079 1115 2149 Ἕλ-
1149 2138 1150 2141 ,

8 2176 10 2205 ³
112 2191 202 2270 λησι·
230 2178 270 2250 τό
282 2206 318 2249 τε
334 2177 373 2268 δὴ
392 2186 492 2269 ἔργον
512 2187 569 2269 τής
584 2185 689 2251 ἵππου
704 2190 803 2252 τοῦτο
819 2185 964 2271 ἐγένετο,
986 2184 1043 2250 καὶ
1060 2208 1114 2249 τε·

109 2277 558 2382 τραμμένωντοῐυἘλλήυων
570 2278 587 2350 ὁ
598 2278 748 2362 Ἱστιαίας
755 2284 894 2364 ἐλπίζων
905 2277 1114 2350 οάκάπολέε-

8 2396 24 2409 “’
108 2389 191 2448 σθαι
211 2375 278 2446 ὑπὸ
297 2382 449 2467 βασιλέος
464 2379 519 2451 διά
538 2377 600 2469 τήν
614 2387 808 2471 παρεοῦσαν
827 2379 1000 2470 ἁμαρτάδα
1016 2390 1114 2468 φιλο-

8 2500 10 2581 j
110 2483 232 2564 ψυχίην
242 2477 376 2566 τοιήνδε
386 2477 462 2550 τινά
474 2477 664 2568 ἀναιρέεται
669 2458 747 2589 spe
756 2480 894 2567 φεύγων
904 2502 940 2546 τε
950 2487 1115 2564 κατελαμ-

108 2575 230 2664 βάνετο
251 2572 310 2642 ὑπ’
336 2574 462 2665 ἀνδρὸς
475 2581 614 2666 Πέρσεω
637 2580 693 2648 καί
715 2575 759 2658 ὥς
776 2578 1033 2666 καταιρεόμενος
1052 2574 1112 2645 ὑπ’

110 2671 702 2840 αωψήβρχρπηῆσεσθαι,
713 2679 861 2762 Περσίδα
871 2681 1026 2763 γλῶσσαν
1037 2699 1115 2759 μετ·

8 2792 10 2799 ’
110 2775 157 2849 εὶς
172 2794 236 2838 κατ
257 2766 380 2858 μηνυει
413 2769 541 2860 ωυτὸν,
559 2770 604 2851 ὥς
619 2770 856 2859 είηἹστιαϊοςὸ
869 2771 1045 2860 Μιλήσιος.
1071 2776 1115 2839 El
1128 2789 1165 2843 30

8 2906 10 2911 v
109 2870 172 2956 μέν
185 2893 268 2958 νυν,
285 2865 330 2948 ὡς
343 2870 534 2959 ἐζωγρήθη,
550 2868 682 2966 ἀνήχθη
697 2869 862 2959 ἀγόμενος
876 2870 967 2960 παρά
978 2873 1115 2962 βασιλέα

109 2980 274 3057 Δαρείου,
293 2966 311 3038 ὁ
326 2965 450 3040 ’δέοῦτ’
466 2966 511 3059 ἀν
527 2976 634 3040 έπαθε
643 2970 757 3065 ,κακὸν
771 2969 873 3051 ρῦδέυ
888 2977 1018 3044 δοκέειν
1032 2977 1114 3062 ἐμοὶ,

9 3080 10 3085 ’
109 3064 217 3153 ἀπῆκέ
228 3063 259 3139 τ’
273 3062 318 3136 ἀν
334 3064 425 3161 αὐτῷ
438 3064 641 3158 τήναίτίην·
663 3078 729 3139 νῦν
743 3074 783 3141 δέ
790 3099 850 3159 μιν
862 3069 975 3142 αὐτῶν
989 3099 1025 3142 τε
1035 3072 1116 3141 τού-

108 3190 176 3232 των
188 3167 327 3255 εἵνεκεν,
343 3169 399 3238 καί
412 3169 470 3237 ίνα
480 3167 525 3257 μή
537 3168 715 3258 διαφυγων
729 3163 824 3250 αὖτις
834 3174 937 3258 μέγας
948 3169 1037 3256 παρὰ
1052 3177 1116 3257 βα-

109 3263 194 3331 σιλέϊ
205 3262 358 3352 γένηται,
371 3261 596 3356 Ἀρταφέρνης
610 3294 647 3336 τε
661 3265 679 3336 ὁ
692 3272 852 3354 Σαρδίων
862 3267 1012 3354 ὕπαρχος
1025 3268 1081 3334 καὶ
1097 3263 1115 3328 ὸ

109 3357 414 3452 λαβοδνἍρπαγος,
427 3362 472 3445 ὡς
482 3362 618 3436 ἀπίκετο
629 3364 795 3455 ἀγόμενος
806 3369 839 3447 ἐς
849 3367 988 3452 Σάρδις,
1003 3361 1115 3447 τὸμὲν

109 3454 215 3525 αὐτοῦ
226 3467 320 3547 σῶμα
331 3458 437 3532 αὐτοῦ
446 3465 552 3555 ταύτῃ
562 3462 836 3552 ἀνεσταύρωσαν,
842 3461 905 3550 τήν
917 3460 953 3530 δέ
964 3457 1115 3545 κεφαλήν
