2618 3928
363 255 446 318 [113.
474 262 531 318 VII.
566 262 663 319 GAP.
698 269 873 326 139—143.
1059 263 1120 329 181

156 424 233 489 Τῶν
250 417 363 488 ἀλλων
379 416 445 504 γάρ
456 416 704 507 ἁλισκομένων,
720 419 783 490 ὅσα
793 429 966 513 Κέκροπος
978 420 1079 514 οὖρος

150 513 260 595 Ἐντὸς
278 523 343 603 ἔχει
357 519 520 604 κευθμών
534 545 570 587 τε
583 527 799 608 Κιθαιρῶνος
813 528 961 613 ζαθέοιο,

156 622 269 702 Τεῖχος
287 621 481 702 Τριτογενεῖ
492 617 631 696 ξύλινον
645 621 733 686 διδοῖ
747 616 896 703 εὐρύοπα
910 620 995 703 Ζεύς

152 722 299 784 Μοῦνον
314 711 514 801 ἀπόρθητον
526 716 694 801 τελέθειν,
708 712 745 783 τὸ
760 715 798 784 σδ
812 718 912 786 τέκνα
926 719 957 787 τ’
974 720 1096 811 ὀνήσει.

152 813 252 899 Μηδὲ
269 812 313 881 σύ
326 812 360 898 γ’
380 813 574 900 ἱπποσύνην
587 838 624 882 τε
637 818 752 900 μένειν
766 818 822 883 καὶ
835 815 936 897 πεζόν
952 820 1046 889 ίόντα

152 908 288 980 Πολλδν
299 908 358 979 ἀπ’
371 908 513 1000 ἠπείρου
524 909 669 998 στρατόν
679 911 811 999 ἥσυχος,
819 911 893 984 ἀλλ’
906 914 1094 1008 ὑποχωρεῖν

151 1017 274 1079 Νάτον
291 1011 506 1098 ἐπιστρέψας·
528 1014 578 1078 ἐτι
593 1016 648 1077 τοί
659 1034 739 1078 ποτε
754 1007 888 1092 κάντίος
902 1019 991 1105 ἐσση.

11 1166 13 1181 .
147 1104 187 1178 Ὦ
201 1115 280 1195 θείη
293 1110 461 1195 Σαλαμίς,
475 1105 612 1186 ἀπολεῖς
627 1107 664 1175 δὲ
677 1104 720 1174 σύ
735 1111 834 1176 τέκνα
849 1122 1021 1196 γυναικῶν

11 1270 13 1301 ,
141 1210 190 1279 Ἥ
199 1233 267 1279 που
282 1209 506 1295 σκιδναμένης
519 1208 716 1296 Δημήτερος
730 1203 752 1295 ἦ
767 1210 958 1300 συνιούσης.

11 1308 13 1329 ’
197 1310 310 1378 Ταῦτά
325 1329 387 1395 σφι
401 1306 571 1396 ἠπιώτερα
586 1307 652 1394 γάρ
666 1315 736 1375 τῶν
749 1312 923 1397 προτέρων
938 1308 1121 1402 καὶῆνκαδ
1136 1336 1185 1390 149

11 1440 13 1497 γ
109 1411 224 1481 ἐδόκεε
235 1407 334 1492 εἶναι,
351 1411 627 1497 συγγραψάμενοι
638 1406 891 1483 ἀπαλλάσσοντο
904 1414 937 1491 ἐς
948 1412 1006 1494 τάς
1019 1415 1120 1504 Ἀθή-

107 1536 178 1589 νας.
203 1505 248 1588 ὡς
262 1510 298 1576 δὲ
313 1505 519 1587 ἀπελθόντες
533 1512 568 1577 ot
581 1508 771 1594 θεοπρόποι
785 1505 997 1596 ἀπήγγελλον
1011 1517 1044 1593 ἐς
1057 1515 1119 1584 τὸν

108 1614 231 1697 δῆμον,
253 1613 384 1694 γνῶμαι
398 1611 454 1676 καί
468 1606 567 1677 ἀλλαι
583 1608 704 1675 πολλαὶ
719 1610 869 1692 ἐγίνοντο
883 1612 1067 1698 διζημένων
1080 1609 1117 1681 τό

107 1707 271 1793 μαντήϊον
290 1707 346 1773 καὶ
360 1708 434 1773 αἵδε
449 1719 687 1790 συνεστηκυῖαι
702 1704 860 1790 μάλιστα·
887 1714 955 1775 τῶν
970 1718 1120 1798 πρεσβυ-

11 1890 13 1895 ,
107 1809 212 1890 τέρων
222 1811 339 1889 ἔλεγον
350 1807 552 1890 μετεξέτεροι
563 1804 695 1871 δοκέειν
705 1821 766 1889 σφι
777 1800 838 1871 τόν
848 1802 1003 1894 θεδντὴν
1013 1804 1117 1893 ἀκρό-

11 1906 13 1953 ἕ
107 1912 207 1971 πολιν
227 1909 346 1991 χρῆσαι
366 1905 597 1990 περιέσεσθαι·
625 1899 646 1989 ἡ
667 1899 733 1989 γάρ
753 1899 935 1989 ἀκρόπολις
955 1901 991 1972 τό
1013 1906 1117 1973 πάλαι

106 2009 175 2070 των
185 2000 357 2087 Ἀθηνέων
371 2004 460 2090 ῥηχῷ
476 2002 672 2087 ἐπέφρακτο.
690 2005 723 2069 οί
731 2001 794 2086 μὲν
805 1998 845 2087 δὴ
858 1999 941 2069 κατὰ
955 1999 1016 2069 τόν
1028 2028 1116 2090 φρα-

46 2156 49 2162 .
105 2099 193 2190 γμδν
207 2099 454 2188 συνεβάλλοντο
469 2105 570 2167 τοῦτο
589 2097 626 2166 τὸ
643 2098 781 2191 ξύλινον
793 2113 899 2185 τεῖχος
914 2097 998 2167 εἶναι
1007 2149 1016 2184 ,
1035 2105 1070 2169 οῖ
1081 2104 1114 2167 δ’

105 2192 151 2267 αύ
162 2206 278 2285 ἐλεγον
288 2196 347 2277 τάς
357 2200 436 2275 νέας
446 2203 622 2284 σημαίνειν
637 2194 696 2265 τδν
708 2194 805 2282 θεὸν,
823 2200 878 2266 καί
891 2197 1013 2278 ταύτας
1029 2223 1117 2285 παρ-
1161 2264 1166 2267 „

105 2299 284 2380 αρτέεσθαι
301 2296 458 2365 ἐκέλευον
479 2292 521 2362 τά
541 2293 626 2364 ἀλλα
649 2292 802 2375 ἀπέντας.
831 2293 910 2374 τούς
930 2288 980 2365 όν
1000 2294 1041 2384 δὴ
1057 2294 1118 2377 τὰς

104 2399 182 2474 νέας
198 2396 356 2481 λέγοντας
368 2391 454 2461 εἶναι
468 2389 506 2461 τό
520 2392 658 2473 ξύλινον
668 2409 774 2480 τεῖχος
788 2400 932 2482 ἔσφαλλε
946 2391 986 2462 τά
1002 2395 1064 2463 δύο
1074 2391 1115 2463 τά

103 2502 275 2560 τελευταῖα
289 2493 438 2579 ρηθέντα
451 2488 519 2559 ὑπὸ
534 2499 592 2578 τῆς
605 2499 759 2578 Πυθίης,

149 2584 188 2657 Ὦ
201 2595 279 2676 θείη
294 2591 462 2675 Σαλαμὶς,
477 2586 612 2669 ἀπολεῖς
628 2592 665 2658 δὲ
680 2589 724 2659 σύ
738 2593 838 2659 τέκνα
852 2598 1025 2677 γυναικῶν

142 2680 192 2756 ’Ἠ
200 2711 269 2755 που
286 2690 508 2774 σκιδναμένης
521 2684 755 2776 Δημήτεροςῆ
772 2689 964 2776 συνιούσης.

103 2783 188 2855 κατά
205 2790 309 2852 ταῦτα
321 2780 365 2851 τά
379 2789 460 2852 ἔπεα
472 2791 669 2871 συνεχέοντο
680 2792 717 2856 αί
727 2795 859 2874 γνῶμαι
870 2793 939 2855 τῶν
952 2789 1114 2873 φαμένων
1157 2786 1192 2879 ξ

12 2968 13 2977 χ
102 2881 162 2961 τάς
182 2882 261 2961 νέας
282 2877 321 2949 τό
342 2881 482 2963 ξύλινον
502 2898 609 2971 τεῖχος
628 2884 722 2955 εἶναι.
756 2893 792 2956 οι*
805 2885 870 2975 γάρ
890 2889 1131 2976 χρησμολόγοι,
1159 2882 1223 2925 ’

12 2984 14 3071 ᾗ
102 2981 208 3068 ταύτη
222 2987 327 3048 ταῦτα
345 2981 554 3069 ἐλάμβανον,
576 2981 621 3063 ὡς
635 2981 721 3071 ἀμφὶ
733 2994 829 3054 Σαλα
889 3013 910 3053 α
927 2990 994 3054 δέει
1010 2989 1170 3073 σφέαςκῖ

12 3082 14 3113 ³
49 3118 52 3121 ·
102 3085 489 3168 ἕσσωθῆναιναυμαχίην
498 3088 841 3172 παρασκευασαμένου
878 3079 940 3153 Ἦν
948 3086 1059 3155 δετεδν
1067 3112 1117 3165 τις
1132 3104 1184 3160 143

97 3179 290 3267 Ἀθηναίων
303 3176 390 3267 ἀνὴρ
407 3183 440 3260 ές
454 3181 609 3269 κρότους
624 3188 742 3254 νεωστί
755 3209 904 3272 παριων,
921 3191 968 3275 τῷ
984 3182 1114 3271 ούνομοι

101 3280 164 3365 μὲν
176 3269 222 3364 ἦν
234 3283 490 3366 Θεμιστοκλέης,
508 3294 584 3360 παῖς
602 3283 639 3350 δέ
648 3287 817 3390 Νειψλέος
831 3281 991 3353 ἐκαλέετο.
1015 3273 1115 3362 οὗτος

102 3375 195 3465 ὡνηρ
214 3376 278 3448 οὐκ
295 3384 360 3467 ἔφη
376 3386 445 3449 πάν
462 3378 575 3468 ὀρθῶς
594 3381 674 3462 τούς
691 3383 941 3471 χρησμολόγους
961 3378 1114 3468 συμβάλ-

16 3482 21 3497 ’
104 3482 239 3563 λεσθαι,
256 3476 367 3561 λέγων
380 3476 511 3567 τοιάδε,
530 3486 561 3548 εί
573 3483 606 3559 ἐς
618 3478 819 3567 Ἀθηναίους
840 3476 955 3564 εἴχετό
972 3484 1050 3554 ἔπος
1065 3481 1111 3543 εῖ-
