2588 3926
402 275 488 333 LlB.
520 274 568 337 IX·
601 276 701 332 CAP.
735 280 876 336 92-96.
1079 272 1142 335 333

113 442 264 523 ’πρηξαν
280 428 361 503 ὦδε·
389 435 578 518 κατημένου
593 429 744 517 Εὐηνίου
765 434 803 498 έν
816 433 920 524 θοόκφ
941 436 1098 515 ἐλθόντες
1110 440 1145 504 οί

131 539 310 621 παρίζοπο
327 534 382 600 καὶ
404 531 527 615 λόγους
541 526 665 606 ἀλλους
682 531 873 617 ἐποιεῦντο,
896 534 929 610 ές
948 530 968 598 δ
987 538 1143 623 κατέβαι-

131 658 196 699 νον
207 630 478 716 συλλυπεύμενοι
490 633 536 717 τῷ
548 625 661 694 πάθελ.
679 626 784 714 ταύτης
799 628 836 695 δέ
846 625 1033 715 ὑπάγοντες
1044 631 1142 715 είρω·

130 755 210 796 τεον
221 734 295 796 τίνα
307 733 405 813 δίκην
419 722 463 793 ἀν
478 728 596 811 ἕλοιτο,
612 730 643 792 εί
655 726 806 792 ἐθέλοιεν
816 724 1075 813 Ἀπολλωνιῆται
1091 733 1141 797 δί-

131 854 194 905 κας
208 825 394 913 ὑποστῆναι
409 825 532 893 δύσειν
546 829 614 890 τῶν
629 825 812 909 ἐποίησαν..
828 823 845 890 ὁ
859 827 895 892 δέ
912 822 975 892 οὐκ
990 823 1141 913 ἀκηκοοδς

131 926 170 997 τό
188 928 399 1014 θεοπρόπιον
415 929 520 994 είλετο
536 933 646 1011 εἴπας,
668 932 702 991 εί
711 930 761 1002 τίς
776 928 811 992 οἱ
823 928 896 1010 δοίη
912 922 1054 1011 ἀγροὺς,
1071 933 1139 993 τῶν

131 1026 244 1095 ἀστῶν
266 1022 457 1110 οὑνομάσας
477 1036 562 1091 τοῖσι
577 1019 736 1109 ῆπίστατο
757 1020 842 1089 εἶναι
863 1027 1058 1100 καλλίστους
1075 1021 1136 1089 δύο

130 1125 278 1213 κλήρους
297 1130 365 1191 τῶν
385 1124 422 1190 έν
435 1128 476 1211 τῆ
493 1118 714 1207 Ἀπολλωνίῃ,
736 1122 791 1187 καὶ
809 1129 940 1205 οίκησιν
958 1119 1043 1205 πρός
1056 1120 1137 1187 τού·

130 1244 217 1293 τοισι
241 1220 303 1308 τῆν
319 1220 396 1309 ῆδεε
409 1224 589 1304 καλλίστην
605 1220 728 1286 έοῦσαν
741 1225 810 1284 τῶν
829 1220 867 1286 έν
881 1225 921 1307 τῆ
935 1218 1022 1287 πόλι.
1055 1219 1136 1285 τού-

130 1349 200 1391 των
214 1321 250 1389 δὲ
266 1326 330 1406 έφη
342 1319 504 1407 ἐπήβολος
517 1316 699 1405 γενόμενος
709 1322 770 1384 τοῦ
784 1323 904 1384 λοιποῦ
916 1314 1075 1404 ἀμήνιτος
1089 1315 1137 1385 εί-

131 1448 205 1507 ναι,
221 1421 276 1487 καὶ
290 1423 387 1504 δίκην
402 1422 436 1485 οί
447 1417 573 1502 ταύτην
587 1413 740 1501 ἀποχρᾶν
753 1416 946 1501 γενομένην.
967 1418 1022 1483 καὶ
1039 1412 1058 1482 ὁ
1075 1418 1137 1501 μὲν

130 1528 235 1588 ταῦτα
247 1524 349 1604 ἔλεγε,
361 1521 395 1585 οί
404 1515 440 1585 δὲ
450 1517 613 1603 πάρεδροι
625 1513 722 1582 εἶπαν
732 1511 975 1602 ὑπολαβόντες·
997 1514 1135 1605 Εὑήνιε,

129 1618 257 1704 ταύτην
272 1621 369 1703 δίκην
386 1613 645 1700 Ἀπολλωνιῆται
658 1620 716 1699 τῆς
730 1612 956 1699 ἐκτυφλώσιος
970 1616 1140 1684 ἐκτίνουσί

130 1743 182 1785 τοι
193 1714 276 1785 κατά
288 1713 328 1782 τά
339 1713 532 1800 θεοπρόπια
542 1711 582 1781 τά
592 1711 767 1798 γενόμενα.
786 1707 822 1779 Ὁ
834 1712 895 1797 μὲν
907 1711 948 1799 δῆ
959 1711 1043 1800 πρὸς
1053 1721 1136 1782 ταῦ-

130 1839 171 1881 τα
187 1811 281 1880 δεινὰ
298 1812 461 1895 ἐποιέετο,
484 1812 645 1878 ἐνθεῦτεν
660 1809 855 1894 πυθόμενος
870 1807 930 1877 τόν
950 1813 1059 1879 πάντα
1076 1812 1136 1879 λό-

130 1937 204 1998 γον,
221 1908 265 1988 ὡς
280 1911 507 1996 ἐξαπατηθείς,
521 1911 556 1974 οί
569 1905 605 1974 δὲ
620 1906 799 1994 πριάμενοι
813 1904 903 1992 παρὰ
917 1914 985 1975 τῶν
999 1911 1136 1996 ἐκτημέ-

132 2038 202 2079 νων
221 2013 356 2078 διδοῦσί
373 2012 408 2076 οί
426 2005 466 2076 τά
488 2010 603 2075 εἵλετο.
632 2007 688 2075 καί
707 2005 789 2092 μετὰ
813 2014 917 2075 ταῦτα
938 2005 1056 2076 αὐτίκα
1076 2014 1136 2094 έμ-

132 2136 241 2198 φυτον
265 2105 431 2195 μαντικήν
452 2105 517 2192 εἶχε
543 2104 706 2175 ὥστεκαὶ
733 2102 940 2191 ούνομαστός
964 2108 1132 2192 γενέσθαι.

134 2209 266 2277 Τούτου
288 2206 329 2294 δή
353 2204 371 2276 ὁ
392 2211 567 2292 Δηίφονος
587 2201 653 2272 ἐόν
677 2217 755 2282 παῖς
774 2210 835 2271 τοῦ
855 2200 1007 2289 Εὐηνίου
1029 2200 1178 2288 ἀγόν-96

132 2332 197 2374 των
208 2309 405 2390 Κορινθίων
419 2302 617 2390 ἐμαντεύετο
630 2309 670 2392 τῆ
687 2310 831 2391 στρατιῇ.
860 2300 924 2388 ήδη
942 2303 978 2370 δὲ
991 2305 1046 2369 καὶ
1057 2301 1134 2369 τόδε

130 2402 275 2492 ῆκουσα,
291 2400 335 2483 ὡς
349 2399 367 2472 ὁ
382 2410 557 2492 Δηίφονος
570 2403 778 2490 ἐπιβατεύων
791 2407 852 2470 τοῦ
866 2399 1017 2489 Εὐηνίου
1031 2399 1135 2470 οὐνό-

129 2530 230 2591 ματος
244 2503 445 2592 ἐξελάμβανε
461 2504 515 2571 ἐπὶ
528 2498 590 2587 τήν
606 2499 747 2570 Ἐλλάδα
762 2506 860 2589 ἔργα,
882 2498 944 2569 οὑκ
960 2498 1026 2569 ἐόν
1041 2497 1135 2586 Εύη-

130 2607 205 2669 νίον
222 2612 308 2678 παίς.

216 2707 308 2767 Τοῖσι
330 2698 366 2766 δὲ
381 2697 516 2786 Ἕλλησι
539 2697 583 2776 ὡς
598 2701 809 2787 έκαλλίρησε,
832 2696 960 2787 ἀνῆγον
979 2695 1038 2777 τάς
1054 2699 1176 2777 νέας96

130 2801 164 2864 ἐκ
185 2804 241 2882 τῆς
258 2796 376 2882 Δήλου
398 2793 482 2878 πρὸς
505 2793 568 2882 τῆν
588 2797 717 2884 Σάμον.
749 2798 819 2865 ἐπεὶ
841 2798 878 2866 δέ
899 2800 1053 2883 ἐγένοντο
1074 2803 1132 2883 τῆς

129 2899 258 2978 Σαμίης
272 2890 357 2977 πρὸς
371 2892 576 2981 Καλάμοισι,
593 2900 627 2964 οἱ
638 2895 702 2982 μὲν
715 2892 821 2964 αὑτοῦ
836 2892 1055 2984 ὁρμισάμενοι
1069 2923 1132 2965 κοι-

128 2990 167 3060 τά
188 2988 225 3059 τό
243 2988 381 3076 Ἡραῖον
396 2989 434 3059 τό
455 2993 561 3083 ταύτῃ
577 2997 865 3082 παρεσκευάζοντο
882 2999 916 3077 ές
932 3003 1131 3085 ναυμαχίην,

129 3097 162 3160 οί
174 3093 210 3159 δὲ
225 3092 352 3174 Πέρσαι
367 3090 561 3179 πυθόμενοί
578 3113 683 3181 σφεας
703 3096 917 3183 προσπλιόειν
932 3093 1060 3183 ἀνῆγον
1076 3098 1132 3162 καὶ
1233 3150 1237 3159 .
1281 3090 1282 3139 ἶ

128 3189 222 3260 αὐτοὶ
236 3187 321 3277 πρός
332 3189 394 3277 τῆν
407 3189 548 3279 ῆπειρον
561 3193 620 3275 τάς
634 3201 713 3276 νέας
726 3196 785 3277 τὰς
798 3196 916 3284 ἀλλας,
931 3194 990 3276 τός
1001 3199 1038 3266 δὲ
1048 3204 1132 3265 Φοι-

128 3299 231 3361 νίκων
242 3287 375 3376 ἀπῆκαν
388 3289 582 3363 ἀποπλείειν
613 3301 889 3385 δονλευομένοισι
901 3297 968 3385 γάρ
982 3319 1044 3386 σφι
1054 3299 1131 3367 έδό-
1257 3315 1262 3326 ·

128 3417 180 3460 κεε
194 3397 384 3479 ναυμαχίην
397 3391 441 3479 μῆ
454 3396 644 3463 ποιέεσθαι·
665 3394 707 3464 ού
721 3423 787 3485 γαρ
805 3389 854 3465 τόν
871 3396 1008 3464 ἐδόκεον
1021 3394 1131 3482 ὁμοῖοι

10 3526 11 3531 1
129 3488 224 3557 εἶναι·
249 3493 282 3570 ές
299 3491 336 3560 δὲ
352 3489 414 3578 τῆν
428 3490 570 3580 ῆπειρον
584 3491 780 3581 ἀπέπλωον,
796 3492 883 3573 ὅκως
896 3498 975 3561 έωσι
989 3488 1057 3559 ὑπὸ
1069 3490 1130 3560 τόν
