2568 3938
217 246 280 311 224
501 276 502 279 ¹
597 244 845 303 HERODOTI

215 437 248 480 τι
264 416 379 496 ἔλεγον
396 402 481 475 εἶναι
501 409 535 474 οί
553 403 757 474 κατάσκοποι
773 401 856 473 ἀστε
870 406 975 493 μηδὲν
989 402 1113 477 οἷόντε
1131 404 1212 475 εἶναι

216 507 268 579 ἐπ’
286 505 391 577 αὐτοῦ
406 502 603 591 ἐπιπλάειν,
624 505 706 591 μήτε
720 504 823 584 ξύλον
837 506 919 591 μήτε
938 512 1006 574 τῶν
1028 504 1093 576 ὅσα
1111 507 1213 587 ξύλου

215 612 282 680 ἐστὶ
303 607 525 696 ἐλαφρότερα,
546 603 630 674 ἀλλὰ
647 607 756 673 πάντα
770 609 856 692 σφέα
875 610 1012 695 χωρέειν
1026 611 1060 688 ἐς
1074 609 1211 696 βυσσόν.

214 706 251 777 τό
270 709 307 776 δὲ
320 706 413 794 ύδωρ
432 711 531 773 τοῦτο
552 714 586 773 εί
605 714 668 792 σφί
686 707 754 774 ἐστι
768 702 920 792 ἀληθέως
940 704 1015 778 οἷόν
1029 735 1060 777 τι
1074 713 1212 796 λέγεται,

214 803 270 875 διὰ
286 812 385 874 τοῦτο
400 800 444 872 ἀν
459 802 543 890 εἷεν,
564 804 672 895 τούτῳ
686 800 726 871 τά
742 802 851 870 πάντα
870 806 1066 893 χρεόμενοι,
1086 806 1210 895 μακρό-

214 916 291 996 βιοι.
314 904 379 975 ἀπό
391 912 448 992 τῆς
458 904 584 993 κρήνης
595 903 632 973 δὲ
643 901 948 990 ἀπαλλασσομένων
958 902 1096 993 ἀγαγεῖν
1110 909 1213 991 σφέας

214 1008 247 1085 ἐς
264 1004 492 1092 δεσμωτήριον
511 1001 665 1091 ἀνδρῶν,
687 1008 773 1071 ἔνθα
793 1000 872 1082 τούς
891 1004 1018 1085 πάντας
1038 1007 1075 1074 ἐν
1095 1008 1212 1094 πέδησι

213 1105 371 1192 χρυσέῃσι
391 1106 556 1170 δεδέσθαι.
591 1107 660 1170 ἐστι
683 1102 719 1170 δὲ
737 1104 774 1170 ἐν
796 1102 944 1172 τούτοισι
964 1118 1049 1173 τοῖσι
1070 1110 1211 1184 Αόθίοψι

213 1202 350 1272 πάντων
371 1198 389 1269 ὁ
404 1198 524 1288 χαλκός
539 1202 771 1270 σπανιώτατον
784 1206 839 1272 καλ
849 1203 1056 1290 τιμιύτατου.
1079 1205 1211 1292 θηησά-

213 1328 308 1392 μενοι
329 1301 366 1369 δέ
382 1303 442 1371 ,καλ
465 1297 502 1368 τό
528 1302 755 1388 δεσμωτήριον
776 1300 964 1390 ἐθηήσαντο
986 1307 1040 1373 καλ
1065 1302 1127 1391 τήν
1151 1309 1211 1370 τοῦ

163 1423 197 1475 24
213 1405 309 1497 ήλίου
324 1406 508 1489 λεγομένην
519 1403 692 1490 τράπεζαν.
721 1400 819 1472 Met&
835 1404 871 1471 δὲ
886 1403 1011 1491 ταύτην
1024 1409 1211 1482 τελευταίας

212 1505 399 1592 ἐθηήσαντο
414 1499 473 1581 τάς
491 1502 602 1589 θήκας
616 1499 746 1589 αὐτῶν,
769 1508 806 1570 αἳ
817 1506 970 1591 λέγονται
991 1502 1210 1582 σκευάζεσθαι

211 1606 243 1685 ἐξ
264 1602 367 1672 ὑέλου
390 1601 503 1693 τρόπφ
523 1605 657 1691 τοιῷδε·
680 1598 782 1669 ἐπεάν
805 1598 866 1669 τόν
881 1598 1003 1687 νεκρόν
1020 1597 1209 1687 ίσχυήνωσι,

211 1711 276 1770 είτε
290 1699 330 1787 δή
347 1699 431 1768 κατά
447 1724 509 1786 περ
525 1700 704 1786 Αίγύπτιοι
720 1709 785 1769 είτε
799 1697 907 1779 άλλως
922 1726 1005 1786 κως,
1028 1697 1209 1786 γυροίσαν-

209 1826 262 1878 τες
287 1799 418 1868 ἅπαντα
440 1795 545 1865 αύτδν
565 1805 679 1887 γραφή
700 1801 898 1886 κοσμέουσι,
921 1800 1146 1885 ἐξομοιεῦντες
1169 1793 1207 1863 τό

210 1899 296 1979 εἶδος
310 1901 342 1978 ἐς
357 1894 574 1983 ιδ’δυυατόν,
598 1902 726 1965 ἔπειτεν
741 1900 781 1964 δέ
790 1899 825 1963 οί
835 1901 1021 1982 περιιστᾶσι
1036 1895 1159 1982 στήλην
1174 1895 1207 1975 ἐξ

209 1997 311 2068 ύέλου
324 1998 551 2082 πεποιημένην
566 2002 698 2081 κοίλην·
719 1991 741 2081 ή
756 1995 796 2061 δέ
806 2013 867 2080 σφι
880 1990 984 2080 πολλή
1002 1996 1057 2060 καὶ
1071 1990 1207 2079 εύεργδς

210 2094 404 2180 ὀρύσσεται·
431 2097 469 2161 ἐν
489 2097 573 2181 μέση
593 2092 631 2160 δὲ
650 2097 691 2180 τή
708 2091 811 2179 στήλη
831 2088 936 2160 ἐνεάν
961 2096 1169 2178 διαφαίνεται
1188 2086 1207 2155 ὁ

209 2196 308 2271 νέκυς
329 2191 407 2260 ούτε
431 2188 539 2275 ὀδμήν
562 2184 723 2273 οὐδεμίαν
743 2185 862 2274 άχαριν
882 2188 1104 2274 παρεχόμενος
1131 2186 1208 2255 οὔτε

208 2292 289 2362 ἀλλο
303 2290 410 2369 ἀεικὲς
425 2287 541 2373 οὐδὲν,
557 2288 612 2355 καὶ
628 2293 693 2373 ἐχει
708 2289 816 2355 πάντα
832 2289 963 2376 φανερὰ
978 2285 1100 2377 ὁμοίως
1117 2284 1207 2377 αύτῷ
1225 2374 1228 2381 Δ

206 2400 253 2483 τςό
266 2396 370 2459 νέκυϊ.
402 2386 558 2458 ἐνιαυτόν
572 2387 635 2474 μὲν
655 2384 695 2473 δή
717 2393 829 2475 ἔχουσι
849 2386 911 2475 τήν
923 2389 1049 2476 στήλην
1068 2390 1105 2456 ἐν
1122 2402 1207 2469 τοῖσι

206 2496 339 2560 οίκίοισι
350 2492 385 2557 οί
393 2486 534 2573 μάλιστα
547 2485 774 2574 προσήκοντες
785 2490 924 2557 πάντων
936 2515 972 2558 τε
981 2485 1207 2576 ἀπαρχόμενοι

205 2591 260 2658 καὶ
273 2592 396 2665 θυσίας
410 2590 444 2654 οί
455 2586 691 2675 προσάγοντες,
707 2586 788 2674 μετὰ
806 2591 842 2657 δὲ
856 2594 960 2657 ταῦτα
974 2591 1207 2676 ἐκκομίσαντες

103 2688 106 2693 ’
157 2707 192 2762 25
206 2695 314 2759 ίστάσι
338 2689 414 2772 περὶ
438 2682 500 2773 τήν
522 2685 631 2754 πόλιν.
682 2687 895 2774 Θηησάμενοι
920 2689 957 2756 δὲ
980 2685 1020 2756 τά
1042 2687 1153 2757 πάντα
1174 2691 1208 2754 σί

205 2787 409 2857 κατάσκοποι
436 2781 688 2855 ἀπαλλάσσοντο
721 2783 840 2855 όπίσωε
871 2778 1208 2873 ἀπαγγειλάντωνδέ

205 2893 309 2956 ταῦτα
322 2883 452 2952 τούτων
471 2879 591 2952 αύτίκα
613 2881 632 2951 ὁ
651 2884 834 2973 Καμβύσης
855 2881 962 2973 ὀργήν
982 2886 1208 2973 ποιησάμενος

205 2984 416 3076 ἐστρατεύετο
434 2987 487 3054 ἐπὶ
499 2982 578 3064 τούς
589 2991 774 3073 Αίθίοπας,
790 2984 866 3054 ούτε
880 2986 1095 3075 παρασκευήν
1111 2994 1208 3055 σίτου

205 3084 365 3173 οὐδεμίαν
384 3091 623 3172 παραγγείλας,
645 3081 723 3152 ούτε
742 3084 847 3169 λόγου
867 3086 980 3172 ἑωυτῷ
1000 3084 1082 3165 δούς
1105 3085 1156 3154 ότι
1173 3087 1208 3165 ές

96 3248 103 3259 ,
203 3182 244 3254 τά
259 3190 377 3271 ἔσχατα
391 3189 452 3270 γῆς
472 3188 587 3270 ἔμελλε
602 3182 860 3270 στρατεύεσθαι·
880 3177 934 3251 οἷα
955 3184 991 3251 δὲ
1008 3183 1155 3270 ἐμμανής
1170 3209 1208 3252 τε

204 3280 269 3351 ἐόν
293 3284 349 3349 καλ
379 3278 422 3348 ού
448 3281 633 3369 φρενήρης,
666 3278 711 3360 ὡς
739 3278 842 3369 ήκουε
872 3288 940 3350 τῶν
960 3279 1206 3370 Ἰχθυοφάγων,

203 3378 425 3466 ἐστρατεύετο,
438 3376 607 3468 Ἑλλήνων
620 3378 687 3467 μὲν
696 3377 775 3463 τούς
785 3380 972 3469 παρεόντας
986 3377 1092 3452 αύτού
1105 3383 1208 3463 τάξας

202 3474 400 3581 ὑπομένειν,
421 3473 483 3553 τόν
496 3477 533 3567 δὲ
553 3477 653 3567 πεζὸν
670 3478 780 3561 πάντα
797 3478 865 3576 ἅμα
880 3479 1052 3579 ἀγόμενος.
1092 3481 1205 3561 ἐπείτε
1266 3528 1267 3547 ι
