2606 3920
206 238 267 301 284
585 240 834 297 HERODOTI

120 400 123 407 ’
206 428 244 469 τα
260 422 337 486 σφι,
360 398 403 486 ἦν
417 397 457 485 δὴ
474 396 666 486 βούλωνταί
676 422 715 483 γε
730 400 802 482 ἐμοὶ
818 395 1029 485 ὁμολογέειν,
1052 396 1212 488 ἀνόρθω-

206 519 278 585 σον,
286 498 349 567 ὅσα
359 494 423 584 ἐγοὸ
434 499 609 582 ἐνέπρησα.
627 496 765 562 Τούτων
776 497 811 563 δέ
819 493 1012 584 ἀπιγμένων
1022 496 1211 585 ἀναγκαίως

207 604 271 683 ἔχει
285 624 340 683 μοι
356 600 483 665 ποιέειν
500 601 620 680 ταῦτα,
635 591 680 680 ἢν
694 591 740 681 μὴ
754 592 790 662 τὸ
804 592 965 684 ὑμέτερον
981 595 1097 665 ἀντίον
1110 601 1209 686 γένη-

205 722 267 762 ται.
289 694 375 779 λέγω
387 697 423 761 δὲ
434 691 515 779 ὑμίν
529 694 608 761 τάδε
624 700 705 759 νῦν·
728 700 761 760 τί
773 700 936 778 μαίνεσθε
950 695 1099 783 πόλεμον
1113 705 1208 784 βασι·
1269 736 1270 739 ¹

205 790 536 879 λέῐάνταειρόμενοι;
551 789 629 858 οὔτε
639 788 704 878 γάρ
719 787 764 858 ἀν
778 789 1040 880 ὑπερβάλοισθε,
1056 793 1136 863 ούτε
1147 789 1211 863 οἶοί

205 894 243 958 τέ
253 894 324 959 ε’στε
340 887 489 976 ἀντέχειν
506 887 566 958 τόν
586 890 695 957 πάντα
711 889 843 977 χρόνον.
872 894 974 959 είδετε
987 891 1050 977 μέν
1067 892 1134 980 γάρ
1154 900 1209 978 τῆς
1271 920 1272 971 χ

207 992 334 1076 Ξέρξεω
348 995 587 1074 στρατηλασίης
609 985 646 1056 τὸ
664 996 794 1074 πλῆθος
817 990 872 1057 καί
892 986 933 1056 τά
954 995 1052 1077 ἔργα,
1072 990 1208 1058 πννθά-
1271 1008 1272 1025 ’

206 1097 309 1156 νεσθε
324 1088 360 1155 δέ
376 1090 431 1155 καλ
450 1085 511 1173 τὴν
526 1093 592 1155 νῦν
612 1082 692 1171 παρ’
713 1088 785 1170 ἐμοὶ
805 1088 928 1154 έοῦσαν
942 1087 1104 1174 δύναμιν,
1128 1086 1210 1154 ὥστε
1272 1096 1273 1129 ³

206 1190 260 1254 καὶ
274 1181 317 1271 ἢν
338 1182 439 1271 ἡμέας
457 1183 695 1272 ὑπερβάλησθε
711 1186 765 1250 καὶ
782 1183 955 1270 νικήσητε,
976 1192 1114 1271 τοῦπερ
1129 1182 1211 1270 ὑμῖν
1273 1262 1274 1273 ¹

206 1283 343 1368 οὐδεμία
365 1286 454 1360 έλπδς
476 1292 509 1349 εί
521 1306 584 1366 περ
603 1275 641 1348 εὑ
657 1282 831 1367 φρονέετε,
854 1281 937 1367 άλλη
951 1287 1111 1370 παρέσται
1127 1293 1210 1352 πολ-

205 1387 378 1468 λαπλησίη.
409 1380 453 1468 μη
477 1374 525 1447 οἷν
545 1381 713 1467 βούλεσθε
730 1381 969 1467 παριστάμενοι
986 1383 1117 1467 βασιλέι
1137 1384 1215 1448 στέ-

205 1488 326 1562 ρεσθαι
341 1477 402 1563 μέν
416 1485 473 1564 τῆς
486 1479 613 1564 χάρης,
628 1482 724 1545 θέειν
739 1477 776 1545 δέ
790 1480 854 1547 αίεδ
868 1479 942 1564 περὶ
956 1476 1069 1564 ὑμέων
1084 1475 1210 1564 αὑτῶν,

205 1573 289 1643 ἀλλά
301 1575 543 1642 καταλύσασθε.
563 1577 695 1659 παρέχει
712 1574 747 1642 δὲ
760 1572 840 1660 ὑμῖν
852 1575 1009 1643 κάλλιστα
1021 1576 1211 1644 καταλύσα-
1275 1604 1276 1625 ¹

206 1683 289 1741 σθαι
302 1675 456 1759 βασιλέος
469 1670 573 1760 ταύτῃ
590 1669 799 1759 ὡρμημένον.
829 1678 901 1740 έστε
916 1673 1107 1762 ἐλεύθεροι,
1129 1671 1212 1762 ἡμῖν

174 1792 190 1842 2
207 1769 385 1857 ὁμαιχμίην
396 1772 600 1857 συνθέμενοι
616 1769 699 1839 ἀνευ
714 1797 748 1838 τε
760 1772 864 1839 δόλον
879 1774 934 1839 καὶ
949 1770 1084 1859 ἀπάτης.
1106 1780 1212 1860 Μαρ-
1276 1774 1277 1815 ³

206 1870 319 1948 δόνιος
339 1870 401 1955 μέν
416 1876 539 1954 ταῦτα,
565 1861 591 1936 ύ
611 1867 800 1955 Ἀθηναῖοι,
823 1870 1006 1937 ἐνετείλατό
1026 1895 1083 1956 μοι
1104 1876 1212 1939 εἰπεῖν

206 1965 289 2053 πρὸς
299 1964 410 2052 ὑμέας.
428 1967 491 2053 ε’γεὸ
506 1968 542 2036 δὲ
553 1969 628 2051 περὶ
638 1970 700 2052 μέν
713 1964 844 2051 εύνοίης
856 1974 912 2055 τῆς
922 1966 1006 2049 πρὸς
1017 1964 1121 2054 ὑμέας
1133 1968 1212 2036 έού-
1277 1970 1278 1987 ²

206 2083 265 2148 σης
281 2065 313 2143 έξ
336 2066 416 2148 ἐμεῦ
434 2063 534 2132 οὐδέν
550 2068 632 2143 λέξω
653 2061 710 2151 (οὐ
729 2060 794 2151 γάρ
811 2060 855 2130 άν
871 2071 937 2131 νῦν
957 2071 1091 2150 πρῶτον
1105 2065 1212 2150 έκμά-

204 2167 326 2249 θοιτε),
338 2169 545 2250 προσχρηίζω
557 2166 593 2230 δὲ
604 2161 718 2248 ὑμέων
729 2169 909 2231 πείθεσθαι
922 2168 1115 2253 Μαρδονίῳ.
1133 2166 1213 2231 ένο-

205 2270 269 2350 ρέω
280 2262 345 2350 γάρ
361 2261 441 2349 ὑμῖν
453 2262 515 2331 οὐκ
528 2267 630 2331 οἵοισί
641 2289 676 2330 τε
687 2265 873 2350 ἐσομένοισι
888 2262 947 2331 τὸν
962 2263 1070 2331 πάντα
1084 2263 1213 2349 χρόνον

204 2368 378 2450 πολεμέειν
392 2368 504 2450 Ξέρξη.
528 2368 559 2430 εί
570 2361 636 2448 γάρ
654 2362 791 2449 ἐνάρων
805 2370 903 2431 τοῦτο
918 2365 955 2430 έν
969 2361 1067 2449 ὑμίν,
1087 2359 1152 2430 οὑκ
1167 2361 1213 2430 ἀν

205 2486 280 2529 κοτε
292 2463 325 2537 ές
336 2457 439 2545 ὑμέας
453 2451 564 2545 ἦλθον
575 2466 659 2545 έχων
670 2459 792 2546 λόγους
803 2460 939 2528 τούσδε·
960 2462 1014 2530 καὶ
1023 2458 1089 2547 γάρ
1101 2459 1212 2527 δύνα-

205 2586 260 2646 μις
274 2556 358 2646 ὑπὲρ
370 2555 556 2644 ἀνθρωπον
570 2554 590 2644 ἡ
603 2560 756 2644 βασιλέος
768 2560 834 2626 ἐστὶ
846 2560 900 2626 καὶ
917 2561 987 2644 χεὶρ
1002 2555 1209 2645 ὑπερμήκης.

203 2653 247 2745 ἢν
260 2650 308 2726 άν
319 2654 363 2744 μὴ
377 2656 496 2725 αὐτίκα
507 2654 744 2743 ὁμολογήσητε,
756 2655 883 2742 μεγάλα
895 2656 1142 2738 προτεινόντων
1153 2653 1210 2722 ἐπ’

204 2752 270 2823 οἷσι
282 2753 475 2842 ὁμολογέειν
487 2758 652 2841 ἐθέλουσι,
670 2758 828 2841 δειμαίνω
839 2753 923 2841 ὑπὲρ
936 2752 1048 2841 ὑμέων
1059 2757 1096 2822 έν
1104 2760 1211 2844 τρίβῳ

204 2878 238 2920 τε
253 2851 395 2937 μάλιστα
415 2855 603 2939 οἰκημένων
619 2858 687 2919 τῶν
708 2851 891 2938 συμμάχων
908 2851 1061 2938 πάντων,
1086 2856 1154 2920 αίεί
1175 2877 1211 2919 τε

205 2955 443 3038 φθειρομένων
456 2951 611 3038 μούνων,
633 2949 800 3038 ἐξαίρετόν
816 2978 848 3018 τι
862 2959 1054 3039 μεταίχμιον
1066 2949 1129 3037 τὴν
1144 2958 1212 3037 γῆν

205 3054 401 3137 ἐκτημένων.
424 3047 508 3120 ἀλλά
523 3057 701 3119 πείθεσθε·
723 3057 851 3118 πολλοῦ
865 3047 930 3136 γάρ
941 3047 1023 3137 ὑμῖν
1037 3047 1112 3129 ἀξια
1126 3058 1212 3118 ταῦ-

204 3177 261 3235 τα,
280 3154 309 3217 εί
322 3150 480 3236 βασιλεύς
494 3174 532 3234 γε
548 3146 566 3216 ὁ
585 3150 686 3235 μέγας
700 3147 857 3234 μούνοισι
871 3146 952 3234 ὑμῖν
966 3145 1136 3235 Ἑλλήνων
1150 3148 1213 3229 τάς

204 3246 396 3334 ἁμαρτάδας
417 3247 523 3326 ἀπιεὶς
544 3250 652 3317 ἐθέλει
669 3256 765 3334 φίλος
787 3253 954 3336 γενέσθαι.
995 3246 1212 3337 Ἀλέξανδρος

139 3356 185 3408 141
205 3344 267 3431 μέν
287 3352 390 3411 ταῦτα
412 3349 518 3431 ἔλεξε,
546 3346 806 3434 Λακεδαιμόνιοι
826 3348 880 3432 δέ,
904 3346 1095 3434 πυθόμενοι
1112 3343 1214 3434 ἥκειν

200 3440 417 3527 Ἀλέξανδρον
429 3445 462 3522 ές
472 3440 617 3529 Ἀθήνας
627 3447 659 3523 ές
669 3443 851 3532 ὁμολογίην
860 3442 981 3526 ἀξοντα
992 3454 1038 3541 τῷ
1048 3446 1215 3537 βαρβάρῳ
