2618 3928
163 240 205 303 92
534 241 785 300 HERODOTI

157 402 219 489 μέν
239 405 274 470 οί
286 404 402 470 πολλοὶ
422 405 558 488 λέγουσι
574 398 759 488 Ἑλλήνων,
783 399 835 469 ὅτι
851 399 913 488 τήν
926 408 1065 488 Πυθίην
1085 399 1165 472 Avi-

155 517 266 586 γυοισε
279 494 319 565 τὰ
334 500 411 586 περὶ
421 499 627 585 Δημάρητον
638 499 804 585 γενόμενα
815 501 942 587 λέγειν,
959 497 1052 579 ὡςδὲ
1061 496 1163 585 Ἀθη-

156 612 246 668 ναῖοι
260 600 413 685 λέγουσι,
430 598 516 689 διότι
530 596 583 678 ές’
578 607 746 668 Ελευσλνα
760 598 912 694 έσβαλιδυ
928 606 1037 687 ίιιειρε
1055 598 1093 669 τό
1110 605 1165 669 τέ-

157 723 257 785 μενος
271 704 339 766 τῶν
353 703 463 789 θεῶν,
480 693 527 776 ὡς
540 693 599 765 δὲ’
593 696 783 785 Αργείοι,“
762 723 814 767 οτι
830 701 864 779 §e
876 703 968 794 ίροῦ
973 696 1087 771 αὐτῶν
1102 700 1165 767 τοῦ
1229 782 1232 788 ,

157 797 285 920 Ἄργου
295 793 466 883 Ἀργείων
464 793 545 874 τοὺς
555 794 850 918 καταφυγόντας
826 800 913 866 έκ
874 796 931 884 της
945 796 1052 885 μα’χης
1061 823 1165 866 κατα-

157 898 314 985 γιυέοτν
293 895 474 963 κατέκοπτε
486 898 542 962 καί
557 891 638 962 αὐτὸ
654 921 691 962 το
680 892 804 974 αλσος
821 877 858 964 έν
872 893 990 985 ἅλογίη
1006 902 1091 984 ἔχων
1107 898 1165 964 ἐν·

110 1008 144 1064 76
160 997 291 1077 έπρησε.
314 996 498 1078 Κλεομένει
510 989 577 1078 γὰρ
591 996 827 1085 μαντευομένῳ
838 995 1052 1082 ένΔελφοεσι
1066 990 1165 1118 ἐγρή-
1291 1048 1292 1051 ,

157 1100 225 1175 σθη
233 1088 355 1176 ’Ἁργος
369 1090 530 1178 αίρήσειν.
560 1093 682 1159 ἐπείτε
701 1090 738 1159 δὲ
750 1090 1001 1179 Σκαρτιήτας”
978 1119 1072 1179 αγον
1085 1089 1166 1159 ἀπί-
1290 1092 1293 1139 '¹

157 1216 233 1259 κετο
261 1192 314 1258 ἐπὶ
334 1188 486 1278 ποταμόν
506 1182 697 1278 Ἐρασίνου,
723 1188 760 1270 ὃς
783 1188 913 1277 λέγετᾰι
939 1195 1028 1280 όέειν
1050 1193 1087 1260 έκ
1106 1197 1165 1278 τῆς
1292 1204 1293 1263 3

157 1293 394 1375 Στυμφηλίδος
404 1286 605 1379 λίμνης(τήν
614 1286 681 1375 γὰρ
693 1285 733 1376 δή
741 1295 864 1376 λίμνην
873 1288 1000 1376 ταύτην
1009 1291 1047 1371 ές
1053 1289 1165 1381 χάσμα

158 1384 285 1472 ἀφανὲς
299 1389 499 1457 ἐκδιδοῦσαν
509 1385 758 1511 ἀναφαίνεσθαι
773 1385 940 1473 ἐν’Ἀργεί,
953 1383 991 1465 τὸ
1002 1387 1160 1454 ἐνθεῦτεν

159 1484 580 1574 δέτόόδοιρήδητοῦτοὺπ
583 1484 763 1571 ’Ἀργείων
774 1482 947 1575 Ἐρασίνου
957 1485 1162 1569 καλέεσθαι),

50 1626 52 1632 ·
159 1608 361 1701 απικομευος
375 1578 452 1651 δ
425 1611 474 1652 ουν
488 1612 506 1652 ο
494 1583 711 1706 ’Κλεομένης
733 1579 835 1652 ἐπὶ
800 1610 861 1654 του
878 1580 1030 1669 ποταμόν
1043 1588 1168 1651 τοῦτον.

159 1670 373 1769 ἐσφαγιάζετο
391 1680 490 1774 αὐτῷ.
518 1680 628 1752 καῖ’
588 1708 631 1750 ου
644 1679 709 1770 γὰρ
727 1680 882 1769 οὐδαμῶς
902 1686 1070 1768 έκαλλίρεε
1090 1684 1162 1748 δια-

158 1788 217 1870 ήαί
215 1805 289 1848 νειν
303 1806 378 1868 μιν,
399 1778 547 1867 αγασθαι
561 1783 601 1868 μ
601 1809 623 1849 ν
639 1788 714 1868 ἔφη
724 1807 785 1850 του
770 1779 973 1868 Ἐρασίνου
988 1777 1029 1848 οδ
1044 1781 1162 1865 προδι-

159 1880 276 1959 δόντος
292 1876 372 1959 τους
391 1874 565 1967 πολιήτας,
583 1878 751 1966 Ἀργείους
768 1881 882 1964 μέντοι
896 1874 1014 1948 οὐδ”
989 1903 1032 1958 υς
1035 1873 1163 1976 χαιρή-

159 1998 239 2045 σειν.
269 2003 350 2063 μετα
339 1975 402 2046 δ
415 1986 520 2047 ταῦτα
534 1979 784 2098 έξαυαχφρήσας
800 1976 863 2066 τήν
885 1975 1044 2065 στρατιήν
1060 1974 1163 2062 κατή·

149 2101 306 2242 we
256 2078 289 2154 ές
306 2078 398 2161 Θυρέ
396 2104 456 2163 ην,
472 2079 744 2197 σφαγιασαμενος
758 2075 794 2145 δὲ
808 2102 848 2165 τη
833 2075 1019 2166 θαλάσση
1036 2080 1162 2158 ταῦρον
1231 2154 1235 2162 .

183 2180 306 2242 λίοοισί
322 2195 427 2260 σφεας
445 2174 550 2263 ἤγαγε
569 2182 603 2255 ές
622 2202 658 2245 τε
678 2173 741 2263 τήν
765 2183 954 2271 Τιρυνθίην
974 2173 1088 2270 χώρην
1107 2174 1163 2241 καί

112 2289 144 2346 77
159 2279 348 2359 Ναυπλίην.
390 2272 531 2362 Αργειοι
545 2273 577 2344 δ
601 2276 765 2362 ἐβοήθεον
785 2274 1042 2390 πυνθανόμενοι
1057 2278 1162 2341 ταῦτα

158 2373 211 2438 ἐπὶ
224 2362 460 2438 θάλασσαν’
438 2397 483 2450 τος
497 2369 565 2441 δ
547 2379 651 2458 αγχοῦ
666 2374 706 2458 μὲ
706 2398 728 2440 ν
742 2374 795 2459 έγί
792 2396 892 2440 νουτο
906 2377 964 2457 τής
982 2375 1162 2453 Τίρυνθος,

89 2540 93 2550 ,
156 2469 254 2559 χώρην
265 2470 302 2536 δὲ
312 2471 349 2536 έν
359 2468 467 2562 τοότφ
477 2476 523 2559 τῷ
534 2467 811 2557 κέεταιήΣήπεια
821 2466 962 2554 οὔνομα,
969 2472 1163 2553 μεταίχμιον

158 2563 199 2633 οὐ
207 2567 289 2652 μέγα
298 2564 518 2649 ἀπολιπόντες
528 2572 636 2650 ἰ’ζοντο
647 2566 755 2639 ἀντίοι
765 2569 1159 2651 τοῖσιΛακεδοιιμονίοισι.

158 2665 306 2736 ένθαῦτα
321 2663 361 2752 δή
378 2692 396 2735 ο
398 2665 567 2758 ίἈργειοι
583 2666 645 2756 τήν
662 2672 724 2756 μὲν
741 2673 777 2737 ἐκ
797 2672 859 2734 τοῦ
880 2670 1043 2752 φανεροῦι
1052 2662 1161 2749 μα’χην

158 2761 220 2832 οὐκ
235 2766 428 2883 ἐφοβέοντο,
441 2764 525 2836 ἀλλὰ
537 2795 581 2856 μη
569 2766 682 2859 δόλφ
694 2793 714 2834 α
715 2766 881 2885 ίρεθέφσι.
905 2765 960 2831 καὶ
970 2788 1036 2849 γαρ
1048 2761 1089 2853 δή
1099 2779 1161 2846 σφι

157 2864 190 2938 ές
210 2885 308 2929 τουτο
330 2861 367 2928 τὸ
394 2864 529 2951 πρῆγμα
551 2864 674 2953 εἴχετο
700 2863 919 2955 χρηστήριον,
950 2860 987 2929 τὸ
1010 2863 1160 2930 ἐπίκοινα

157 2956 304 3046 έχρησε’
287 2986 308 3046 η
323 2967 439 3048 Πυθίη
453 2965 604 3033 τούτοισί
617 2991 653 3034 τε
667 2991 710 3033 κα
708 2968 950 3048 λΜιλησίοισι,
966 2964 1066 3046 λέγον
1078 2949 1159 3027 όδε

194 3058 314 3129 Ἀλλ’
300 3059 381 3130 όταν
394 3061 415 3151 ἡ
430 3065 552 3152 θήλεια
568 3063 629 3136 τὸν
644 3065 769 3153 ἄρσενα
784 3061 948 3149 νικήσασα

195 3159 347 3249 Έξελόση
362 3164 416 3230 καί
430 3167 533 3244 κῦδος
546 3166 584 3233 έν
595 3158 827 3252 ’Λργείοισιν”
805 3185 934 3247 αρηται,

198 3258 329 3338 Πολλὰς
341 3258 498 3357 Ἀργείφν
514 3262 749 3391 ἀμφιδρυφέας
762 3262 836 3332 τότε
850 3260 959 3349 θήσει,

191 3356 251 3435 Ὡς
265 3362 347 3426 ποτέ
356 3385 406 3436 τις
421 3362 506 3445 έρέει
520 3388 575 3431 και
564 3363 821 3483 ἐπεσσομένων
837 3356 1047 3443 ἀνθρώπων·

199 3453 355 3553 Δεινδς”
336 3484 413 3540 οφις
429 3460 610 3543 τριέλικτος
626 3457 776 3528 απόλετο
791 3462 888 3581 δουρί
904 3461 1093 3540 δαμασθείς.
