2618 3928
204 236 267 298 124
581 235 834 293 HERODOTI

203 399 319 486 τήνδε,
336 395 380 477 ὡς
390 394 410 485 ἡ
422 393 570 485 Εόρόπη
581 392 782 480 περικαλλὴς
792 394 894 481 χάρη,
906 396 962 463 καί
973 398 1113 481 δένδρεα
1123 419 1212 463 παν-

203 511 275 564 τοῖα
291 496 386 583 φέρει
401 492 442 562 τὰ
456 490 580 581 ἥμερα,
596 490 720 581 άρετήν
732 518 769 560 τε
783 491 885 581 άκρη,
900 496 1031 582 βασιλέϊ
1043 520 1079 562 τε
1093 495 1211 586 μοόνφ

171 600 340 680 6θνητῶν
361 590 435 680 άξίη
457 594 626 678 ἐκτῆσθαι.
671 598 783 659 Ταῦτα
804 592 840 658 δὲ
856 596 947 677 ἔλεγε
968 588 1021 660 οἷα
1036 594 1210 680 νεωτέρων

205 700 313 780 ἔργων
329 687 536 776 ἐπιθυμητὴς
556 686 621 756 ἐόν
641 692 697 757 καὶ
714 692 843 758 ἐθέλων
860 686 961 768 αὐτός
981 697 1039 775 τῆς
1054 687 1211 769 Ἑλλάδος

206 793 351 881 ὕπαρχος
369 789 462 860 εἶναι.
489 791 600 882 χρόνῳ
624 791 660 858 δέ
680 787 908 876 κατεργάσατό
927 814 964 857 τε
984 793 1040 866 καλ
1056 786 1211 858 ἀνέπεισε

203 893 325 980 Ξέρξεα
347 888 432 959 ὥστε
448 891 575 958 ποιέειν
589 895 709 957 ταῦτα’
737 892 902 977 συνέλαβε
921 885 987 977 γάρ
1009 892 1065 958 καὶ
1080 885 1164 957 άλλα
1178 893 1212 956 oc

204 993 359 1075 σύμμαχα
374 987 541 1074 γενόμενα
561 989 594 1066 ές
608 985 646 1054 τὸ
667 993 849 1056 πείθεσθαι
864 989 1004 1071 Ξέρξεα·
1029 994 1128 1056 τοῦτο
1147 990 1209 1106 μὲν

204 1084 269 1155 άπδ
284 1091 341 1172 τῆς
354 1094 538 1174 Θεσσαλίης
552 1083 642 1174 παρά
657 1091 726 1153 τῶν
737 1082 942 1154 Ἀλευαδέων
956 1082 1170 1174 άπνγμένοι”
1147 1114 1210 1172 αγ-

204 1192 294 1269 γελοι
309 1186 526 1254 ἐπεκαλέοντο
541 1188 679 1274 βασιλέα
690 1191 801 1251 πᾶσαν
815 1190 1011 1308 προθυμίην
1024 1184 1210 1277 παρεχόμε-

203 1309 257 1351 νοι
271 1282 373 1375 έπλ
337 1311 399 1371 την
408 1283 603 1359 Ἑλλάδαο
570 1290 619 1375 (ολ
604 1284 669 1353 ίδδ
679 1280 854 1351 Ἀλευάδαι
868 1275 962 1351 οὗτοι
977 1275 1065 1370 ἦσαν
1080 1291 1209 1353 Θεσσα-

203 1370 275 1469 λίης
296 1387 477 1473 βασιλέες),
497 1391 597 1453 τοῦτο
619 1384 656 1451 δέ
671 1384 1023 1506 Πεισιστρατιδέωνοί
1042 1379 1206 1504 άναβεβη

203 1481 298 1561 κότες
314 1485 348 1561 ές
361 1489 495 1567 Σοῦσα,
510 1488 579 1550 τῶν
593 1506 629 1549 τε
649 1477 762 1548 αὐτῶν
780 1480 924 1567 λόγων’
905 1478 1059 1566 εχόμενοι
1073 1505 1141 1563 των
1154 1480 1209 1544 καὶ

203 1585 238 1649 οέ
247 1579 438 1665 Ἀλευάδαι,
454 1533 509 1648 κάλ
525 1582 566 1667 δη’
582 1606 614 1648 τι
631 1578 716 1664 πρός
729 1580 877 1649 τούτοισι
891 1584 939 1650 ἔτι
955 1582 1058 1649 πλέον
1075 1599 1209 1683 προσω·

205 1677 343 1764 ρέγοντό
358 1681 405 1763 οἱ,
422 1631 550 1764 έχοντες
562 1676 802 1765 Ὀνομάκριτον
816 1676 943 1766 άνδρα’
937 1687 1116 1765 Λθηναλον
1128 1702 1209 1764 χρη-
1294 1688 1295 1725 ³

204 1775 389 1862 σμολόγυν
381 1800 418 1843 τε
428 1778 484 1844 καί
495 1779 655 1863 διαθέτην
665 1782 824 1863 χρησμῶν
833 1782 902 1844 τῶν
912 1784 1103 1846 Μουσαίου.
1125 1774 1210 1844 άνα-
1294 1776 1295 1783 ¹

202 1876 390 1966 βεβόκεσαν
403 1874 467 1963 γάρ
478 1873 541 1962 τὴν
552 1881 678 1963 ἔχθρην
692 1876 1045 1965 προκαταλυσάμενοι
1062 1878 1206 1965 ἐξηλάθη

202 1972 267 2059 γάρ
282 1970 349 2042 ὑπό
360 1972 541 2096 Ἱκπάρχρυ
554 2000 615 2042 του
601 1972 904 2061 Πεισιστράτου*
889 2000 908 2043 ο
926 1972 1162 2097 Ὀνομάκριτος
1175 1978 1208 2054 έξ

197 2069 385 2161 Ἀθηνέων,
403 2071 455 2142 ἐπ’
472 2070 660 2164 αὐτοφάρφ
675 2069 812 2152 ἁλοὺς
794 2071 861 2141 υπὸ
877 2073 994 2142 Λάσου
1005 2080 1067 2142 τοῦ
1076 2072 1208 2160 Ἑρμιο-

201 2174 277 2261 νέος
292 2173 456 2258 ἐμποιέων
469 2170 558 2251 ές
520 2197 562 2239 τα
576 2178 758 2240 Μουσαίου
777 2167 944 2258 χρησμόν,
965 2168 1009 2249 όις
1024 2175 1061 2240 αέ
1072 2174 1124 2239 έπλ
1137 2169 1210 2256 Λη-

202 2295 291 2357 μνου
305 2272 509 2355 ἐπικείμεναι
523 2276 621 2356 νῆσοι
635 2267 851 2356 ἀφανιζοίατο
862 2264 946 2338 κατά
957 2275 1015 2357 τῆς
1025 2268 1207 2354 θαλάσσης.

201 2365 254 2435 διὸ
270 2366 407 2455 έξήλασέ
415 2392 474 2453 μιν
487 2364 710 2454 ὁἽππαρχος,
725 2368 891 2454 πρότερον
900 2366 1081 2455 χρεόμενος
1091 2365 1132 2434 τά
1143 2366 1211 2453 μά-

201 2475 305 2535 λιστα.
326 2465 401 2535 τότε
416 2465 452 2534 δέ
468 2464 662 2554 συναναβὰς
673 2465 760 2546 ὅκως
771 2464 923 2536 ἀπίκοιτο
935 2469 968 2546 ές
979 2465 1059 2548 ὄψιν
1069 2463 1131 2552 την
1145 2473 1210 2554 βα-

201 2568 328 2654 σιλέος,
349 2566 519 2654 λεγόντων
538 2574 607 2635 τῶν
620 2572 921 2656 Πεισιστρατιδέων
937 2571 1013 2654 περὶ
1028 2563 1134 2634 αότοῦ
1152 2585 1210 2633 σε·

201 2662 308 2753 μνοῦς
327 2665 451 2752 λόγους
470 2660 626 2754 κατέλεγε
645 2673 715 2734 τῶν
735 2674 902 2755 χρησμόν.
940 2673 970 2735 εί
987 2670 1050 2752 μέν
1070 2692 1102 2733 τι
1122 2666 1210 2732 ένέοι

201 2763 338 2885 σφάλμα
352 2767 517 2856 φέροντά
532 2765 710 2855 βαρβάρῳ,
727 2771 796 2833 τῶν
810 2768 873 2850 μὲν
887 2770 978 2851 ἔλεγε
999 2761 1116 2848 οὐδέν,
1136 2759 1155 2830 ὁ
1172 2764 1208 2829 δὲ
1290 2814 1296 2827 .

200 2890 240 2930 τα
229 2861 472 2949 εὐτυχέστατα
493 2866 725 2951 ἐκλεγόμενος
732 2870 823 2951 ἔλεγε
843 2866 903 2935 τόν
918 2891 953 2932 τε
962 2863 1210 2952 Ἑλλήσποντον

201 2959 246 3040 ὡς
260 2967 439 3050 ζευχθῆναι
452 2962 561 3051 χρεεδν
576 2963 656 3051 είη
638 2990 686 3032 υπ
689 2963 836 3053 ’ἀνδρὸς
846 2969 993 3053 Πέρσεω,
1008 2963 1071 3053 τήν
1081 2990 1117 3033 τε
1132 2969 1209 3033 έλα-

200 3079 255 3127 σιν
271 3059 493 3146 ἐξηγεόμενος.
517 3052 616 3140 οὗτός
629 3090 664 3130 τε
680 3061 720 3149 δη
735 3069 957 3156 χρησμῳδέων
971 3066 1208 3152 προσεφέρετο,

200 3161 255 3226 καὶ
270 3186 302 3227 οι
316 3184 352 3227 τε
366 3164 635 3246 Πεισιστρατίδαι
656 3164 711 3229 και
731 3167 765 3230 οί
781 3160 955 3230 Ἀλευάδαι
971 3162 1108 3248 γνώμας
1122 3158 1210 3228 άπο-

167 3256 421 3341 λδεικνόμενοι.
460 3253 518 3336 Ὡς
539 3262 576 3326 δὲ
597 3255 800 3346 όνεγνάσθη
820 3262 943 3347 Ξέρξης
964 3261 1208 3346 στρατεύεσθαι

199 3355 252 3420 ἐπὶ
266 3350 328 3440 τὴν
336 3351 488 3441 Ἑλλάδα,
504 3356 652 3424 ένθαῦτα
668 3361 811 3446 δευτέρῳ
823 3356 885 3442 μὲν
897 3362 963 3424 έτεί
972 3354 1053 3440 μετὰ
1065 3355 1125 3424 τόν
1139 3357 1205 3424 66-

197 3474 301 3516 νατον
322 3451 382 3517 τὸν
399 3458 549 3538 Δαρείου
563 3461 678 3536 πρῶτα
700 3461 879 3540 στρατηίην
894 3457 1038 3520 ποιέεται
1060 3458 1112 3521 ἐπὶ
1127 3452 1206 3530 τοὺς
