2588 3926
377 165 460 218 Llss.
488 163 533 218 IX.
567 161 664 218 σΑΡ.
700 167 873 221 111-117.
1063 156 1125 220 343

120 323 181 412 τήν
197 320 331 408 Σηστδν
345 320 493 404 ταύτην,
504 316 547 395 ὡς
562 318 675 395 ἐόντος
691 318 908 402 ἰσχυροτάτου
922 325 1042 406 τείχεος
1057 328 1125 387 τῶν

120 421 240 510 ταύτη,
263 426 453 505 συνῆλθον,
476 414 520 494 ὡς
536 413 688 503 ήκονσαν
704 431 858 502 παρεῖναι
873 417 951 495 τους
964 417 1124 507 Ἕλληνας

120 525 152 600 ές
166 518 226 594 τόν
235 516 497 604 Ἑλλήσποντον,
512 521 548 584 έκ
563 542 598 583 τε
613 522 681 583 τῶν
691 513 804 584 ἄλλων
817 522 885 584 τῶν
899 524 1123 604 περιοικίδων,

121 625 175 688 καί
190 616 230 703 δή
246 621 301 684 καὶ
315 620 351 685 ἐκ
368 621 516 704 Καρδίης
530 615 646 693 πόλιος
663 615 822 702 Οἰόβαζος
837 613 922 702 άνήρ
933 619 1073 705 Πέρσης,
1089 617 1125 696 ὃς

120 716 160 785 τά
176 720 212 784 ἐκ
227 723 294 782 τῶν
309 717 486 803 γεφυρέων
501 713 588 783 ὅπλα
601 717 750 782 ἐνθαῦτα
762 707 807 799 ήν
821 717 1013 801 κεκομικώς.
1038 717 1125 804 εἰχον

121 817 158 881 δὲ
171 814 297 900 ταύτην
315 813 485 899 έπιχάριοτ
497 814 643 898 Αἰολέες,
660 818 811 898 σννήσαν
829 813 864 879 δὲ
881 815 1008 900 Πέρσαι
1021 840 1056 882 τε
1071 819 1125 883 καί

121 921 188 981 τῶν
209 911 320 981 ἄλλων
341 913 526 999 συμμάχων
545 908 667 996 συχνός
688 909 811 996 ὅμιλος.
850 910 1068 1000 ’Πτυράννευε
1090 916 1126 982 δὲ
1144 924 1193 984 116

121 1012 243 1079 τούτου
257 1019 317 1080 τοῦ
328 1021 436 1098 νομοῦ
445 1008 574 1099 ’Ξέρξεω
586 1008 733 1098 ὕπαρχος
743 1008 952 1099 Ἀρταΰκτης,
966 1009 1051 1101 άνήρ
1063 1015 1125 1100 μὲν

121 1112 267 1198 Πέρσης,
284 1107 394 1188 δεινός
409 1112 446 1178 δὲ
461 1112 515 1178 καὶ
531 1107 736 1194 ἀτάσθαλος,
752 1104 788 1187 ὃς
803 1112 857 1177 καί
871 1113 1008 1199 βασιλέα
1025 1113 1125 1180 έλαύ-

122 1238 224 1280 νοντα
239 1209 290 1279 ἐπ’
309 1209 454 1297 Ἀθήνας
469 1210 666 1297 ἐξηπάτησε,
683 1207 723 1276 τά
735 1215 951 1296 Πρωτεσίλεω
966 1218 1026 1279 τοῦ
1043 1208 1126 1298 Ἰφί-

122 1318 205 1378 κλου
219 1307 368 1396 χρήματα
383 1312 416 1389 ἐξ
427 1307 636 1385 Ἐλαιοῦντος
652 1304 866 1392 ὑπελόμενος.
890 1312 928 1376 έν
941 1307 1005 1396 γάρ
1018 1306 1125 1378 Ἐλαι-

122 1415 217 1475 οῦντι
239 1412 296 1493 τῆς
316 1407 535 1494 Χερσονήσου
562 1407 630 1473 ἐστὶ
649 1412 866 1491 Πρωτεσίλεω
886 1408 991 1494 τάφος
1011 1434 1047 1477 τε
1070 1410 1124 1475 καὶ

121 1507 256 1592 τέμενος
269 1507 346 1588 περὶ
360 1501 474 1590 αύτδν,
490 1508 576 1572 ἔνθα
590 1494 633 1589 ήν
649 1501 799 1589 χρήματα
814 1502 921 1572 πολλά
937 1508 991 1574 καὶ
1007 1506 1124 1593 φιάλαι

122 1604 259 1693 χρύσεαι
270 1605 325 1672 καί
336 1600 498 1691 άρχύρεαι
508 1603 564 1670 καὶ
572 1596 693 1687 χαλκός
703 1600 758 1665 καὶ
768 1597 870 1685 έσδής
881 1604 935 1669 καί
944 1601 1027 1673 ἄλλα
1039 1602 1125 1673 άνα-

121 1704 267 1790 θήματα,
282 1700 322 1768 τά
334 1700 535 1787 Ἀρταΰκτης
550 1700 690 1784 ἐσύλησε
702 1703 854 1788 βασιλέος
867 1700 993 1780 δόντος.
1017 1706 1124 1790 λέγων

123 1801 159 1867 δὲ
172 1799 284 1866 τοιάδε
294 1800 417 1881 Ξέρξεα
431 1798 621 1884 διεβάλετο·
642 1797 808 1880 Δέσποτα,
825 1800 893 1862 ἔστι
904 1795 993 1877 οἰκος
1005 1797 1127 1887 άνδρδς

124 1895 285 1980 Ἕλληνος
299 1896 464 1980 ἐνθαῦτα,
486 1891 523 1972 ὃς
538 1894 597 1961 ἐπί
609 1898 673 1979 χήν
688 1888 750 1979 τήν
765 1889 828 1978 σήν
843 1898 1127 1983 στρατευσάμενος

124 2000 215 2080 δίκης
230 1993 378 2079 κυρήσας
392 1990 550 2060 άπέδανε.
585 1991 708 2059 τούτου
725 2015 781 2075 μοι
797 1987 855 2069 δός
870 1988 929 2060 τδν
946 1992 1055 2083 οἰκον,
1070 2000 1126 2063 ἵνα
1207 2026 1209 2031 ·

123 2100 181 2163 καί
192 2119 241 2171 τις
256 2091 350 2179 μάθη
365 2094 418 2161 έπί
432 2099 496 2179 χήν
511 2090 573 2179 τήν
588 2088 652 2178 σήν
668 2087 712 2176 μή
728 2090 977 2175 στρατεύεσθαι.
1015 2101 1126 2162 Ταῦτα

39 2252 42 2256 .
124 2199 230 2281 λέγων
242 2189 403 2271 εὐπετέως
415 2197 529 2277 ἔμελλε
540 2189 861 2276 άναπείσεινΞέρξεα
873 2192 991 2259 δοῦναι
1004 2188 1127 2279 άνδρδς

111 2293 234 2377 οἷκον,
257 2288 358 2359 οὐδὲν
379 2287 638 2376 ὑποτοπηθέντα
657 2293 726 2354 τῶν
747 2289 872 2365 ἐκεῖνος
893 2289 1040 2374 ἐφρόνεε.
1075 2291 1127 2358 ἐπί

125 2401 186 2482 γῆν
208 2393 243 2460 δὲ
261 2389 324 2478 τήν
346 2386 762 2479 βασιλέοςστρατεύεσδαι
776 2392 1015 2472 Πρωτεσίλεων
1036 2394 1127 2475 έλεχε

124 2495 230 2560 νοέων
244 2491 371 2559 τοιάδε·
393 2488 456 2576 τήν
467 2487 579 2576 Ἀσίην
590 2495 702 2556 πᾶσαν
712 2491 883 2573 νομίζουσι
895 2489 1029 2557 ἑωυτῶν
1041 2487 1126 2557 εἰναι

123 2593 250 2674 Πέρσαι
264 2591 319 2657 καί
333 2596 393 2657 τοῦ
405 2591 467 2659 αἰεὶ
480 2585 726 2676 βασιλεύοντος.
749 2587 819 2652 ἐπεὶ
830 2585 866 2652 δὲ
875 2585 980 2671 ἐδόθη
995 2584 1035 2654 τά
1046 2587 1118 2672 χρή-

124 2714 226 2774 ματα,
241 2690 275 2766 ἐξ
287 2684 497 2765 Ἐλαιοῦντος
511 2688 545 2765 ἐς
558 2679 693 2770 Σηστόν
707 2681 899 2769 ἐξεφόρησε,
914 2686 969 2751 καὶ
983 2683 1019 2753 τδ
1032 2690 1118 2772 τέμε·

124 2813 182 2865 νος
193 2792 323 2872 ἔσπειρε
334 2789 389 2854 καὶ
400 2788 543 2874 ἐνέμετο,
556 2782 657 2862 αὐτός
667 2808 703 2850 τε
714 2779 801 2862 ὅκως
813 2779 963 2853 άπίκοιτο
975 2786 1009 2863 ές
1021 2781 1127 2853 'Eam-

125 2890 244 2966 οῦντα,
260 2884 299 2950 έν
310 2890 356 2974 τῷ
372 2880 484 2975 άδύτφ
500 2885 634 2970 γυναιξὶ
647 2883 808 2967 έμίσχετο.
834 2880 908 2949 τότε
923 2883 959 2953 δέ
974 2885 1128 2967 ἐπολιορ-

124 2983 215 3049 κέετο
230 2976 297 3047 ὑπὸ
315 2977 505 3069 Ἀδηναίων
520 2980 597 3049 ούτε
610 2979 922 3067 παρεσκευασμένος
942 2979 974 3055 ές
989 2985 1129 3062 πολιορ-

124 3083 202 3165 κίην
215 3076 293 3147 ούτε
313 3079 579 3167 προσδεκόμενος
592 3074 672 3156 τούς
683 3073 860 3163 Ἕλληνας
892 3073 1077 3169 άφυλάκτφ
1091 3079 1132 3144 δέ

124 3206 190 3260 κως
204 3177 294 3270 αύτῷ
308 3183 478 3251 ἐπέπεσον.
503 3179 589 3252 Ἐπεὶ
604 3181 641 3249 δὲ
651 3179 963 3264 πολιορκεομένοισί
970 3196 1031 3263 σφι
1042 3186 1128 3262 φθι-
1146 3172 1196 3233 ῙῙῚ

124 3281 281 3366 νόπωρον
302 3281 489 3369 έπεχίνετο,
510 3279 676 3369 ἤσχαλλον
691 3282 726 3346 οἰ
742 3275 916 3364 Ἀθηναῖοι
936 3273 1003 3345 άπό
1018 3302 1054 3345 τε
1070 3282 1128 3362 τῆς
