2606 3920
178 243 241 305 204
556 247 807 307 HERODOTI

178 407 233 471 καὶ
247 405 356 495 μηδὲν
365 407 485 493 πλέον,
503 407 623 474 ἕνδεκα
634 407 799 524 μυριάδας
808 412 980 495 μεδίμνων
990 415 1188 500 τελεομένας

179 498 230 570 ἐπ’
246 499 353 623 ἡμέρη
367 503 506 591 ἑκάστη,
524 504 579 571 καὶ
590 500 675 590 πρὸς
684 512 896 591 τριηκοσίους
906 533 942 574 τε
955 506 1078 590 ἄλλους
1091 517 1187 599 μεδί-

178 626 285 688 μνους
300 602 355 669 καὶ
370 602 623 687 τεσσεράκοντα.
654 605 785 686 γυναιξὶ
800 602 837 670 δέ
852 602 961 671 καλ’
924 606 1115 693 εννοόχοισι
1130 611 1186 677 καὶ
1283 692 1284 695 ¹

179 698 387 786 ὑποζυγίοισι
401 702 457 768 καλ
470 703 548 768 κυσὶ
564 724 606 767 ου
595 696 799 786 ’λογίζομαι
826 697 976 788 Ἀνδριόν
990 701 1022 771 δ’
1039 708 1186 774 ἐουσέων

163 796 349 868 τοσούτων
363 799 557 888 μυριάδων,
583 797 723 877 κάλλεός
744 824 779 866 τε
800 801 928 867 εἵνεκεν
944 803 999 869 καὶ
1018 802 1186 889 μεγάθεος

179 894 341 977 ουδελς
299 925 412 966 αυτων
423 896 669 980 αξιονικότερος
679 889 724 983 ἦν
735 893 929 984 αὐτοῦΞέρ
913 903 975 980 ξεω
986 906 1074 987 ἐχειν
1084 907 1182 970 τοῦτο

133 1016 139 1024 ‘
178 996 215 1065 τό
234 995 364 1084 κράτος.

113 1116 162 1170 188
257 1095 293 1165 0
310 1099 346 1164 66
366 1094 407 1182 δὴ
423 1093 582 1174 ναυτικὰς
589 1094 742 1183 στρατός
759 1097 881 1163 ἐπείτε
903 1092 1064 1183 ὁρμηθεὶς
1078 1103 1185 1165 ἐπλωε

179 1199 234 1265 καὶ
251 1199 386 1282 κατέσχε
403 1202 461 1281 τῆς
474 1202 675 1281 Μαγνησίης
691 1193 800 1280 χάρης
817 1191 904 1271 ἐς
869 1218 931 1260 τον
951 1194 1105 1281 αἰγιαλόν
1124 1195 1186 1263 τόν

165 1294 300 1383 μεταξυ
311 1300 531 1382 Κασθαναιης
541 1320 577 1363 τε
587 1294 703 1371 πολιος
714 1294 812 1360 ἐοντα
823 1293 879 1360 καὶ
889 1291 1092 1378 Σηπιάδος
1073 1320 1185 1381 αατης,

178 1422 211 1463 αι
204 1396 294 1481 μὲν
311 1392 351 1480 δη
367 1400 496 1477 πρῶται
509 1418 578 1461 των
594 1399 682 1459 νεῶν
703 1389 835 1478 ὥρμεον
855 1388 939 1474 πρὸς
955 1398 1013 1480 γῇ,
1037 1391 1135 1460 άλλαι
1152 1391 1183 1457 δ’

178 1491 230 1563 ἐπ’
248 1495 393 1578 ἐκείνῃσι
408 1490 460 1559 ἐπ’
475 1490 667 1577 ἀγκυρέων
690 1489 748 1558 άτε
758 1487 824 1575 γάρ
834 1495 895 1556 τοῦ
906 1496 1060 1575 αίγιαλοῦ
1071 1492 1185 1567 ἐόντος

177 1591 219 1660 οὐ
229 1592 378 1679 μεγάλου
389 1591 596 1678 πρόκροσσαι
609 1588 778 1676 δρμέοντο
786 1592 820 1668 ἐς
829 1588 956 1657 πόντον
967 1592 1021 1657 καί
1032 1592 1085 1657 ἐπὶ
1097 1587 1181 1657 όκτδι

139 1717 142 1725 ·
177 1693 263 1767 νέας.
286 1689 413 1777 ταύτην
428 1690 491 1777 μὲν
505 1692 566 1780 τὴν
579 1690 753 1779 εὐφρόνην
768 1689 873 1777 οὐτω,
890 1688 958 1776 ἅμα
970 1691 1006 1758 66
1018 1689 1135 1782 όρθρφ
1151 1695 1184 1771 ἐξ

178 1795 313 1877 αἰθρίης
326 1817 361 1857 τε
382 1794 438 1860 καὶ
457 1797 615 1877 νηνεμίης
634 1796 692 1876 τῆς
707 1789 881 1874 θαλάσσης
896 1788 1033 1876 ζεσάσης
1048 1791 1186 1859 ἐπέπεσέ

178 1909 239 1975 σφι
252 1889 376 1976 χειμάν
391 1916 427 1960 τε
443 1892 546 1977 μέγας
559 1891 615 1958 καλ
630 1886 752 1968 πολλός
767 1887 889 1975 ἄνεμος
904 1885 1109 1977 άπηλιάτης,
1123 1886 1185 1956 τόν

178 1986 218 2075 δὴ
229 1985 489 2076 Ἑλλησποντίην
503 1990 661 2058 καλέουσι
677 1993 710 2055 οί
722 1990 798 2072 περὶ
808 1993 912 2055 ταῦτα
922 1984 964 2053 τά
973 1993 1078 2073 χωρία
1088 1992 1184 2072 οίκη-

178 2090 281 2173 μένοι.
307 2084 381 2155 ὅσοι
394 2092 457 2173 μέν
471 2114 537 2156 νυν
550 2085 664 2156 αὐτῶν
678 2084 866 2173 αὐξόμενον
880 2093 1010 2173 έμαθον
1029 2083 1089 2154 τόν
1104 2083 1185 2152 άνε-

178 2210 259 2272 μον,
275 2188 331 2253 καλ
344 2200 429 2255 τοῖσι
443 2186 532 2254 οὕτω
548 2185 611 2272 εἶχε
626 2185 752 2273 όρμου,
774 2191 809 2254 oc
822 2184 853 2254 δ’
870 2192 1026 2273 ἔφθησαν
1039 2184 1101 2253 τόν
1115 2211 1186 2272 χει-

177 2290 273 2368 μῶνα
288 2280 542 2364 άνασπάσαυτες
551 2283 611 2363 τάς
622 2289 716 2372 νέας,
732 2288 787 2354 καὶ
800 2283 899 2354 αὐτοί
908 2312 944 2353 τε
955 2292 1118 2373 περιῆσαν
1129 2288 1185 2353 καί

178 2386 213 2450 αί
228 2384 301 2461 νέες
314 2380 444 2450 αὐτόν·
467 2382 549 2461 ὅσας
562 2382 600 2451 δὲ
614 2391 683 2452 τῶν
697 2390 786 2451 νεῶν
802 2391 978 2471 μεταρσίας
993 2388 1108 2471 ἔλαβε,
1125 2380 1186 2461 τάς

178 2480 239 2564 μὲν
255 2481 388 2566 ἐξέφερε
409 2479 493 2565 πρὸς
511 2477 641 2560 Ἰπνούς
662 2482 888 2569 καλεομένους
903 2478 982 2560 τούς
1003 2482 1040 2547 έν
1056 2485 1185 2570 Πηλίςο,
1289 2536 1290 2539 ,

177 2573 235 2654 τάς
250 2577 287 2644 66
303 2578 336 2655 ές
350 2573 411 2645 τόν
432 2579 595 2664 αίγιαλόυ.
630 2583 667 2647 αί
681 2580 717 2647 δὲ
732 2581 807 2665 περὶ
827 2576 933 2664 αὐτὴν
949 2575 1012 2663 την
1025 2577 1185 2664 Σηπιάδα

177 2680 411 2765 περιέπιπτον,
426 2682 462 2746 αί
472 2680 557 2757 ές
569 2685 760 2766 Μελίβοιαν
773 2679 937 2763 πόλιν,αί
922 2675 982 2744 ίδὲ
997 2678 1185 2754 έςΚασθα-

177 2781 277 2860 ναίην
294 2771 587 2863 ἐξεβράσσοντο.
564 2805 609 2865 ην
627 2780 662 2847 δέ
677 2785 739 2848 τοῦ
754 2783 915 2863 χειμῶνος
927 2783 1036 2863 χρῆμα
1051 2773 1184 2863 άφόρη-

112 2887 161 2942 189
177 2895 246 2938 τον
269 2875 456 2957 Λέγεταιδέ
466 2874 621 2965 λόγος,’
599 2903 644 2957 ως
654 2876 827 2964 Ἀθηναῖοι
838 2902 898 2943 τον
907 2879 1038 2963 Βορέην
1053 2877 1090 2942 έκ
1101 2884 1186 2942 θεο-

177 2976 324 3090 προπίου
338 2974 596 3064 ἐπεκαλέσαντο,
613 2978 773 3057 ἐλθόντος
787 2995 847 3062 σφι
863 2974 968 3045 άλλου
981 2962 1185 3095 χρηστηρίου

178 3066 238 3137 τόν
251 3068 405 3157 γαμβρόν
417 3029 598 3161 έπίκουρού
609 3078 823 3147 καλέσασθαι.
844 3076 970 3161 Βορέης
982 3074 1019 3142 δέ
1030 3072 1113 3142 κατὰ
1124 3071 1185 3141 τὸν

172 3165 341 3255 Ελλήνων
354 3168 458 3255 λόγον
471 3177 536 3257 ἔχει
558 3188 702 3259 γυναῖκα
722 3170 888 3260 Ἀττικὴν,
905 3169 1102 3260 Ὠρείθυιαν
1122 3197 1185 3257 την

173 3261 352 3349 Ἐρεχθέος.
373 3266 456 3335 κατά
474 3268 515 3356 δη
530 3270 568 3339 τό
580 3278 682 3358 κῆδος
696 3278 794 3341 τοῦτο
809 3276 844 3340 οί
852 3269 1043 3357 Ἀθηναῖοι,
1057 3268 1103 3349 ὡς
1114 3270 1173 3355 φά-

176 3388 226 3439 τις
241 3361 407 3449 ιόρμηται,
429 3370 702 3456 συμβαλλόμενοί
721 3388 782 3456 σφι
802 3367 863 3438 τὸν
876 3372 1007 3456 Βορέην
1029 3365 1186 3457 γαμβρόν

178 3456 278 3543 εἶναι,
295 3466 532 3547 ναυλοχέοντες
548 3474 606 3552 τῆς
618 3466 765 3553 Εὐβοίης
779 3472 817 3536 ἐν
830 3472 972 3537 Χαλκίδι
989 3466 1034 3549 ὡς
1051 3474 1184 3541 ἐααθον
