2560 3938
374 226 458 284 LIB.
489 228 509 283 1.
543 227 638 284 cAP.
671 231 810 288 70—73.
1053 221 1094 287 37

92 387 224 473 Πέρσας
239 381 336 473 άρξαι
354 386 487 474 Μήδων
501 388 676 474 κατήκοοι,
692 385 768 454 τότε
786 385 822 453 δὲ
837 387 964 474 Κύρου.
996 376 1014 455 ό
1029 383 1095 473 γάρ

92 479 194 570 ούρος
207 477 253 572 ήν
267 492 325 572 τῆς
339 511 375 553 τε
386 490 541 572 Μηδικῆς
554 483 656 574 άρηής
670 488 726 554 καί
735 491 794 571 τῆς
804 490 952 573 Λυδικής
966 479 1094 564 mm

91 580 258 669 ποταμός,
276 581 313 661 ὃς
327 587 393 671 ῥέει
406 585 438 663 ἐξ
452 582 628 669 Ἀρμενίου
641 583 760 666 ούρεος
775 580 831 649 διά
843 590 1000 672 Κιλίκων,
1012 581 1093 672 μετά

91 684 128 748 δὲ
143 680 342 767 Ματιηνοὺς
361 681 423 767 μὲν
439 684 476 749 έν
490 685 580 771 δεξιῇ
595 687 659 768 ἔχει
674 684 778 771 βίων,
801 684 837 749 έκ
853 680 890 750 δὲ
903 689 964 749 τοῦ
980 685 1094 765 ἑτέρου

91 778 248 865 Φρύγας,
280 782 568 868 παραμειβόμενος
596 779 632 847 δέ
655 780 796 859 τούτους
825 782 881 847 καὶ
909 783 996 868 ῥέων
1023 778 1094 847 όὶνω

87 882 174 968 πρός
199 883 322 973 βορέην
346 882 469 971 άνεμον
494 889 595 953 ἔνθεν
618 884 680 971 μὲν
705 891 855 971 Συρίους
879 883 1032 974 ἀπέργει,
1058 887 1090 964 ἐξ

88 980 270 1071 εύωνύμου
285 982 323 1052 δὲ
332 983 567 1108 Παφλαγόνας.
602 985 690 1054 οὕτω
705 978 722 1053 ό
735 982 838 1064 ’Ἅλυς
851 984 996 1074 ποταμός
1010 984 1090 1054 άπο-

90 1083 209 1172 τάμνει
226 1082 347 1172 σχεδόν
364 1085 473 1153 πάντα
489 1090 547 1172 τής
561 1082 673 1173 Ἀσίης
695 1084 735 1153 τά
761 1085 848 1154 κάτω
866 1087 902 1154 ἐκ
918 1085 1090 1173 θαλάσσης

91 1191 176 1308 τής
176 1182 293 1253 άντίον
284 1184 454 1275 Κύπρου
480 1185 572 1266 ἐς
537 1213 597 1255 τον
614 1185 775 1268 Εύξεινον
792 1185 931 1255 πόντον
962 1193 1030 1256 ἔστι
1053 1186 1091 1255 δὲ

19 1358 21 1383 ,
89 1278 202 1372 αὐχήν
218 1277 319 1364 ούτος
341 1291 399 1372 τής
421 1285 538 1375 χώρης
552 1287 674 1374 ταύτης
697 1285 842 1374 άπάσης
877 1290 980 1374 μήκος
1005 1285 1090 1358 όδού

19 1388 20 1403 ’
88 1383 225 1478 εύζιύνφ
244 1383 344 1475 άνδρί
362 1388 461 1455 πέντε
477 1382 630 1477 ήμέραι’
611 1392 873 1475 αμαισιμούνται.

133 1516 137 1519 ’
166 1484 397 1573 Ἐστρατεύετο
426 1490 462 1556 δὲ
486 1487 664 1574 ὁΚροῐσος
692 1489 745 1555 ἐπὶ
768 1486 830 1574 τήν
846 1493 1089 1576 Καππαδοκίην
1101 1503 1135 1559 73

87 1589 196 1654 τάνδε
211 1589 356 1672 εἵνεκεν,
376 1587 431 1653 καὶ
450 1592 511 1672 γῆς
526 1589 627 1678 ίμέρφ
641 1585 915 1674 προσκτήσασθαι
930 1584 1014 1673 πρὸς
1028 1584 1091 1675 τήν

89 1688 219 1753 ἑωυτοῦ
234 1699 356 1771 μοῖραν
369 1685 593 1774 βουλόμενος,
617 1687 672 1753 καὶ
686 1687 829 1771 μάλιστα
842 1693 889 1777 τῷ
903 1695 1089 1778 χρηστηρίῳ

88 1790 231 1861 πίσυνος
246 1779 311 1850 ἐάν
325 1785 379 1851 καὶ
394 1789 549 1852 τίσασθαι
567 1786 696 1851 ἐθέλων
712 1779 797 1870 ὑπὲρ
815 1779 1012 1868 Ἀστυάγεος
1019 1790 1091 1853 Κύ-
1164 1782 1168 1789 ’

89 1907 161 1968 ρον.
187 1879 369 1968 Ἀστυάγεα
383 1880 448 1969 γάρ
462 1879 523 1950 τόν
535 1882 734 1970 Κυαξάρεω,
750 1880 848 1950 ἐόντα
865 1886 1014 1969 Κροίσου
1027 1882 1090 1968 μὲν

87 1976 253 2068 γαμβρόν,
268 1981 401 2068 Μήδων
412 1980 448 2048 δὲ
462 1984 609 2068 βασιλέα,
625 1986 738 2067 Κῦρος
753 1978 771 2046 ὁ
784 1978 973 2065 Καμβύσεω
988 2005 1091 2047 κατα-

89 2079 316 2167 στρεφόμενος
342 2077 422 2168 εἶχε,
457 2080 643 2167 γενόμενον
674 2075 828 2166 γαμβρόν
853 2084 988 2169 Κροίσῳ
1015 2070 1088 2147 οἶδε.

87 2183 257 2248 Σκυθέων
279 2185 348 2247 τῶν
368 2180 526 2266 νομάδων
546 2186 599 2263 ίλη
616 2172 752 2262 άνδράν
767 2175 972 2243 στασιάσασα
987 2173 1091 2257 ὑπεξ-

20 2270 21 2275 Ὶ
86 2284 174 2364 ἦλθε
193 2279 226 2356 ές
246 2283 312 2364 ηήν
330 2275 393 2363 τήν
409 2277 586 2364 Μηδικήν·
617 2276 819 2361 ἐτυράννευε
839 2274 876 2343 δὲ
890 2273 951 2343 τόν
964 2276 1090 2364 χρόνον

86 2382 209 2445 τοῦτον
229 2376 376 2464 Μήδων
385 2372 606 2462 Κυαξάρης’
592 2400 610 2441 ο
637 2373 817 2461 Φραόρτεω
840 2381 902 2441 τοῦ
921 2376 1088 2462 Δηιόκεω,

86 2471 123 2553 ὃς
137 2471 219 2553 τούς
234 2474 377 2553 Σκύθας
389 2474 531 2551 τούτους
544 2498 580 2539 το
570 2470 661 2558 μέν
675 2479 808 2557 πρῶτον
824 2487 973 2560 περιεῖπε
990 2469 1029 2542 εύ
1045 2472 1089 2595 βς

86 2570 249 2650 ἐόνταςίκ
252 2570 385 2660 έτας,’
358 2592 442 2640 ωστε
457 2573 493 2639 δε
509 2574 584 2657 περὶ
598 2575 726 2638 πολλοῦ
742 2571 937 2659 ποιεύμενος
954 2570 1087 2659 αύτούς,

86 2668 208 2792 πριιδάς
233 2689 294 2755 σφι
319 2674 491 2757 παρέδωκε
517 2668 580 2756 τήν
606 2668 764 2756 γλῶσσάν
783 2694 820 2736 τε
841 2671 1003 2757 έκμαθεϊν
1033 2676 1089 2740 καὶ

85 2768 148 2858 τήν
171 2772 291 2856 τέχνην
314 2797 382 2839 των
405 2769 521 2851 τόξων.
553 2772 680 2859 χρόνον
701 2769 738 2838 δὲ
757 2773 942 2856 γενομένου
956 2774 1011 2839 καὶ
1025 2774 1089 2839 αἰεὶ

85 2872 293 2960 φοιτεόντων
307 2879 374 2939 τῶν
388 2875 557 2955 Σκυθέων
573 2871 620 2941 ἐπ’
638 2871 745 2960 άηρην
764 2874 819 2939 καὶ
834 2877 901 2939 αίεί
914 2897 946 2938 τι
960 2870 1089 2958 φερόν-

84 2995 171 3056 των,
199 2977 258 3039 καί
281 2995 359 3038 κοτε
384 2971 563 3057 συνήνεικε
585 2973 672 3039 ἕλείν
693 2969 797 3058 σφέας
812 2972 933 3056 μηδέν·
965 2971 1088 3060 νοστή-

84 3088 209 3151 σαντας
228 3073 265 3138 δέ
286 3066 409 3149 αύτούς
429 3077 559 3158 κεινῇσι
578 3069 706 3158 χερσὶ“
692 3098 709 3139 ο
730 3071 909 3157 Κυαξάρης
934 3062 992 3160 ήν
1010 3068 1088 3159 γάρ,

85 3168 130 3251 ὥς
145 3170 286 3256 διέδεξε,
254 3166 415 3256 εόργήν
429 3166 546 3288 άκρος
568 3172 712 3289 τρηχέως
725 3170 831 3256 κάρτα
845 3167 1036 3257 περιέσπε’
1017 3196 1089 3236 αει-

85 3273 168 3357 κείη.
198 3294 230 3336 οι
222 3267 288 3336 δὲ
303 3273 406 3334 ταῦτα
420 3264 503 3355 πρὸς
514 3268 698 3357 Κυαξάρεω
712 3268 889 3352 παθόντες,
905 3265 989 3334 ωστε
1003 3262 1089 3331 ἀνά-

87 3367 138 3443 ξια
153 3368 268 3453 σφέων
284 3361 396 3432 αὐτῶν
411 3366 636 3452 πεπονθότες,
653 3365 897 3453 ἐβουλεύσαντο
913 3385 983 3429 των
997 3356 1087 3441 παρά

87 3468 182 3551 σφίσι
194 3466 446 3550 διδασκομένων
460 3465 627 3533 παίδων”
607 3489 667 3531 ενα
680 3460 884 3543 κατακόψαι,
899 3451 1088 3523 σκευάσαν-
