2560 3938
186 232 229 301 54
574 239 851 298 ΗΕΗΟΒΟΤλ
902 262 906 265 ’

187 394 305 489 ἤθελε,
332 401 483 485 ἔνθαπερ
525 395 691 487 πρότερον
715 404 923 488 προκατίζων
949 402 1098 488 έδίκαζες
1118 392 1187 468 οὔτ’

90 536 92 539 ’
187 505 252 587 ἔφη
267 490 365 566 δικάν
379 502 442 568 ἔτι·
478 495 519 566 οὗ
540 498 606 586 γάρ
623 501 657 568 ολ
668 501 872 569 λυσιτελέειν
885 505 955 568 τῶν
970 502 1098 569 ἑωυτοῦ
1113 500 1190 585 ἐξη-

185 597 351 687 μεληκότα
367 611 452 668 τολσι
466 599 567 678 πέλας
590 594 636 666 δι’
657 595 782 686 ἡμέρης
802 596 957 680 δικάζειν.
996 597 1116 684 έοάσης
1138 589 1190 664 οἶν

186 696 336 788 ἀρπαχής
350 698 404 766 καὶ
419 693 558 787 ἀνομίης
574 701 620 766 ἔτι
636 703 748 789 πολλῷ
769 703 898 784 μᾶλλον
915 694 980 766 ἀνά
1001 695 1060 776 τάς
1074 696 1190 784 κοόμας

184 795 207 887 ή
228 797 394 887 πρότερον
412 790 474 887 ήν,
499 798 751 883 συνελέχθησαν
772 800 805 864 οί
817 802 932 884 Μῆδοι
951 798 986 875 ές
1009 791 1115 864 τόυτό
1132 795 1189 863 καλ

185 904 339 970 ἐδίδοσαν
360 903 455 986 σφίσι
475 895 594 985 λόχον,
616 900 770 983 λέγοντες
789 898 946 983 περὶτῶν
959 892 1187 981 κατηκόντων.

186 997 230 1080 ὡς
244 996 273 1068 δ’
289 994 354 1086 έχά
372 996 488 1086 δοκέω,
502 997 644 1086 μάλιστα
659 982 781 1084 έλεχοό
790 1001 825 1064 οι*
838 1003 899 1066 τοῦ
910 995 1064 1084 Δηιόκεω
1076 1003 1187 1082 φίλοι.

187 1094 239 1166 Οά
252 1093 317 1185 χάρ
333 1093 373 1184 δή
389 1095 502 1189 τρόπῳ
515 1105 561 1190 τῷ
581 1095 742 1185 παρεόντι
753 1093 929 1184 χρεόμενοι
940 1100 1082 1165 δυνατοί
1095 1101 1189 1183 είμευ

183 1198 305 1267 οἰκέειν
318 1192 380 1284 τήν
392 1194 521 1284 χάρην,
543 1198 623 1283 φέρε
638 1194 813 1283 στήσωμεν
832 1191 945 1281 ἡμέων
960 1191 1073 1263 αὐτῶν
1086 1201 1188 1280 βασι-

183 1303 258 1372 λέα·
288 1300 343 1369 καλ
365 1298 453 1369 οὕτω
473 1297 496 1387 ή
515 1324 551 1367 τε
570 1298 660 1386 χεόρη
683 1295 903 1383 εὐνομήσεται
924 1298 979 1364 καὶ
992 1292 1087 1364 αὐτοὶ
1100 1292 1188 1383 πρὸς

182 1406 263 1489 ἔργα
277 1398 486 1488 τρεψόμεθα,
507 1396 585 1468 οὐδὲ
599 1395 660 1466 ὑπ’
677 1394 817 1484 ἀνομίης
833 1393 1012 1465 ἀνάστατοι
1026 1395 1182 1483 ἐσόμεθα.

186 1500 297 1571 Ταῦτά
321 1527 364 1589 κη
388 1503 541 1587 λέγοντες
567 1506 726 1568 πείθουσι
755 1492 902 1574 έωυτοδς
928 1494 1179 1582 βασιλεύεσθαι.

134 1596 309 1682 δθΑὖτίκα
330 1601 366 1666 δὲ
386 1598 687 1687 προβαλλομένων,
709 1594 826 1665 ὅντινα
841 1593 1018 1683 στήσονται
1033 1595 1182 1682 βασιλέα,

180 1695 363 1785 δΔηιόκης
382 1689 426 1784 ήν
446 1693 569 1776 πολλός
590 1694 656 1765 ὑπὸ
679 1693 805 1775 παντός
824 1692 949 1780 ἀνδρὸς
964 1697 1019 1764 καλ
1033 1700 1183 1783 προβαλ-

179 1797 320 1886 λόμενος
333 1797 388 1865 καλ
402 1795 611 1884 αἰνεόμενος,
634 1798 667 1876 ές
681 1793 701 1865 δ
713 1803 836 1866 τοῦτον
857 1799 1070 1865 καταινέουσι
1084 1803 1181 1883 βασι-

178 1899 237 1968 λέα
261 1902 356 1984 σφίσι
378 1894 471 1965 εἶναι.
512 1894 531 1965 ὁ
553 1893 585 1965 δ’
611 1897 742 1967 ἐκέλευε
763 1891 886 1975 αὐτοὺς
906 1901 994 1964 οίκία
1014 1920 1049 1963 τε
1062 1895 1182 1986 ’ἑωυτῷ

178 1994 254 2078 ἀξια
277 2003 335 2084 τής
359 2003 533 2086 βασιληίης
558 2001 775 2084 οίκοδομήσαι
807 1999 862 2067 καὶ
886 2002 1050 2086 κρατῦναι
1075 1993 1182 2065 αὐτόν
1272 2078 1273 2087 ¹

178 2095 408 2188 δορυφόροισι.
447 2105 582 2168 ποιεῦσι
603 2094 643 2185 δή
667 2102 771 2165 ταῦτα
793 2100 827 2165 οί
845 2099 977 2184 Μῆδοι·
1006 2098 1182 2182 οίκοδομέ-

177 2201 257 2265 ουσί
272 2222 308 2265 τε
331 2194 395 2283 γάρ
410 2194 501 2289 αὐτῷ
516 2202 603 2266 οίκία
617 2195 746 2283 μεγάλα
760 2223 795 2264 τε
808 2198 865 2265 καλ
886 2202 1023 2284 ἰσχυρά,
1043 2198 1100 2263 ἵνα
1117 2191 1181 2263 αὖ·

178 2291 233 2372 τός
252 2298 378 2381 ἔφρασε
398 2302 456 2382 τής
475 2294 600 2382 χάρης,
624 2296 679 2363 καὶ
699 2293 915 2384 δορυφόρους
929 2291 1020 2385 αὐτῷ
1043 2292 1180 2382 ε’πιτρά-
1271 2372 1272 2375 ¹

176 2409 278 2459 πουσι
292 2392 329 2460 έκ
342 2391 480 2462 κιόντων
494 2393 627 2482 Μήδων
643 2397 894 2476 καταλέξασθαι.
937 2393 956 2464 ὁ
982 2398 1020 2467 δὲ
1048 2391 1092 2473 ὡς
1107 2399 1180 2480 ἔσχε
1271 2390 1272 2467 λ

176 2488 238 2579 τήν
257 2487 381 2580 ἀρχήν,
403 2491 481 2574 τούς
501 2493 645 2583 Μήδους
664 2491 835 2583 ήυάχκασε
857 2498 895 2563 ἓν
913 2493 1060 2581 πόλισμα
1080 2493 1180 2581 ποιή-
1270 2486 1272 2535 ¹

176 2599 318 2679 σασθαι,
345 2594 522 2664 καὶτοῦτο
548 2596 823 2683 περιστέλλοντας
849 2601 917 2663 τῶν
941 2592 1053 2663 ἀλλων
1077 2597 1179 2664 ἕσσον

174 2691 399 2776 ἐπιμέλεσθαι.
440 2698 655 2782 πειθομένων
680 2691 718 2762 δδ
741 2697 797 2763 καλ
821 2700 926 2763 ταῦτα
950 2702 1017 2764 τῶν
1043 2694 1180 2782 Μήδων

174 2795 359 2880 οἰκοδομέει
372 2799 480 2881 τείχεα
492 2795 620 2884 μεγάλα
634 2821 670 2864 τε
685 2798 740 2866 καὶ
753 2798 916 2884 καρτερά,
937 2803 1042 2865 ταῦτα
1055 2793 1094 2864 τά
1111 2802 1179 2864 νῦν

169 2889 548 2983 ’Δμβάταναψκέκληταῃ
579 2897 694 2983 ἕτερον
720 2898 821 2988 ἑτέρῳ
846 2896 959 2990 κόκλςο
986 2900 1176 2967 ἐνεστεῶτα.
1269 2904 1270 2931 ³

171 2991 398 3080 μεμηχάνηται
418 2996 455 3064 δέ
479 2993 568 3064 οὕτω
588 3002 687 3065 τοῦτο
707 2993 745 3065 τδ
766 3011 889 3084 τεῖχος,
915 2995 1039 3066 όόστεὸ
1065 3001 1180 3086 ἕτερος

171 3095 233 3157 τοῦ
243 3091 357 3179 ἑτέρου
371 3092 495 3174 κόκλος
509 3110 594 3165 τοίσι
609 3103 821 3184 προμαχεῶσι
834 3096 996 3184 μοόυοισί
1003 3102 1071 3168 έστι
1087 3095 1179 3186 ὑψη-

170 3186 315 3277 λότερος.
345 3188 382 3260 τδ
405 3196 468 3279 μέν
487 3194 553 3263 κου’
567 3224 597 3265 τι
610 3199 666 3267 καὶ
680 3193 717 3264 τό
733 3204 857 3283 χωρίου
871 3204 1052 3286 συμμαχέει
1066 3208 1177 3270 κολω-
1268 3216 1269 3231 ’

170 3288 230 3373 νός
244 3288 302 3361 έδν
341 3289 426 3362 ὥστε
445 3302 577 3365 τοιοῦτο
598 3295 701 3384 εἶναι,
721 3295 758 3366 τό
781 3301 818 3366 δὲ
838 3301 893 3367 καλ
909 3298 1039 3386 μᾶλλόν
1053 3326 1085 3369 τι
1099 3303 1179 3371 έπε-

169 3389 337 3481 τηδεόθη,
352 3390 488 3464 κόκλων
502 3392 628 3464 ἐόντων
641 3401 710 3464 τείν
723 3395 951 3468 συναπάντων
965 3395 1056 3467 ἑπτά.
1087 3402 1125 3467 ἐν
1138 3401 1178 3469 δὲ
1213 3460 1214 3463 ,

169 3500 214 3588 τῷ
234 3498 411 3588 τελευταίῳ
431 3492 471 3563 τά
490 3494 647 3585 βασιλήια
668 3502 776 3568 ἔνεστι
797 3500 852 3568 καὶ
873 3503 906 3568 ολ
917 3503 1096 3587 θησαυροί.
1136 3496 1177 3568 τό
1253 3576 1268 3910 η
