2622 3928
212 230 254 292 34
590 234 839 292 HERODOTI

213 391 305 479 ἐρόυ·
335 390 377 463 οὐ
397 388 463 480 γὰρ
484 389 627 478 θεμιτὸν
648 397 819 477 Δωριεῦσι
841 394 994 480 παριέναι
1010 394 1168 463 ἐνθαῦτα.
1199 392 1220 460 6

213 497 250 563 δέ
266 490 351 561 εἶπε·
380 484 419 559 Ὠ
436 492 555 577 γύναι,
576 487 650 561 ἀλλ’
668 487 710 557 οὐ
720 488 875 575 Δωριεύς
891 495 973 576 είμι,
991 487 1065 559 ἀλλ’
1077 487 1215 575 Ἀχαιός.

212 590 230 661 6
246 588 362 678 μὲνδὴ
382 597 422 679 τῇ
435 588 574 679 κληδόνι
595 585 697 657 οὐδὲν
710 589 890 677 χρεόμενος
905 591 1095 676 ἐπεχείρησέ
1106 613 1142 656 τε
1161 590 1214 655 ιιαλ

211 691 286 759 τότε
300 689 405 759 πόλιν
419 690 568 769 ἐξέπιπτε
583 686 664 773 μετὰ
685 693 753 755 τῶν
767 690 1059 772 Λακεδαιμονίων,
1085 682 1164 763 τοὺς
1179 687 1217 752 δέ

212 790 334 869 ἀλλους
345 787 518 874 Ἀθηναῖοι
531 784 764 904 κατέδησαν
727 812 791 874 την
804 787 856 856 ἐπὶ
870 785 1025 876 θανάτρι,
1048 787 1086 852 ἐν
1100 782 1194 852 δὲ’
1151 811 1217 852 αυ-

170 882 172 885 ’
211 902 296 961 τοῖσι
310 890 366 959 καὶ
384 889 589 982 Τιμησίθεον
611 881 672 951 τὸν
685 880 842 970 Δελφόν,
864 890 925 953 τοῦ
947 889 1028 968 ἔργα
1042 888 1163 969 χειροῖν
1181 906 1216 948 τε

213 990 268 1056 καὶ
280 985 425 1073 λη’ματος
440 979 579 1071 ἔχοιμ’
556 987 941 1070 ανμέγισταιιιιταλέξαι
965 974 1059 1050 οὗτοι
1073 984 1134 1067 μέν
1148 1006 1216 1049 νυν
1291 1036 1292 1039 ,

163 1093 198 1148 73
215 1086 385 1169 δεδεμένοι
400 1081 633 1167 ἐτελεύτησαν,
652 1078 824 1169 Ἀθηναῖοι
844 1078 880 1149 δέ
894 1074 976 1166 μετὰ
995 1085 1099 1148 ταῦτα
1113 1085 1217 1147 Κλει-
1291 1082 1292 1141 ι

212 1182 336 1251 σθένεα
347 1181 402 1247 καλ
413 1174 640 1249 ταέπτακοσιιι
650 1180 779 1249 ἐπίστια
790 1205 829 1249 τα
819 1175 1023 1265 διωχθέντα
1031 1173 1217 1246 νποΚλεο·

211 1283 328 1365 μένεος
347 1275 641 1362 μεταπεμψάμενοι
660 1279 828 1363 πέμπουσι
848 1273 1011 1361 ἀγγέλους
1028 1275 1060 1353 ές
1075 1272 1214 1360 Σάρδις,

212 1384 400 1502 συμμαχίην
416 1373 618 1463 βουλόμενοι
638 1375 844 1462 ποιήσασθαι
864 1370 948 1461 πρὸς
966 1375 1113 1459 Πέρσας·
1134 1367 1214 1456 ητι-

212 1480 326 1545 στόατο
340 1475 405 1562 γάρ
421 1494 482 1560 σφι
501 1470 586 1560 πρδς
602 1477 888 1561 Λακεδαιμονίους
902 1496 937 1539 τε
952 1472 1007 1538 καὶ
1024 1471 1214 1555 Κλεομένεα

211 1576 515 1657 ἐκπεπολεμοισθαι.
545 1568 759 1659 ἀπικομένων
779 1570 815 1638 δέ
833 1576 902 1637 τῶν
922 1566 1073 1655 ἀγγέλων
1097 1569 1130 1645 ἐς
1155 1561 1224 1644 τὰς

210 1671 338 1756 Σάρδις
361 1672 417 1738 καὶ
448 1668 617 1756 λεγόντοιν
641 1669 681 1739 τά
707 1673 924 1757 ἐντεταλμένα
946 1665 1169 1754 Ἀρταφέρνης
1193 1652 1213 1732 ὃ
1291 1704 1292 1709 1

205 1769 404 1846 Potuimus
429 1767 639 1856 Σαρδίων”
615 1794 763 1858 νπαρχος
786 1768 964 1857 ἐπειρώτα,
991 1772 1078 1844 τίνες
1103 1763 1213 1841 ἐόντες

170 1914 177 1926 κ
212 1867 389 1956 ἅνθρωποι
408 1869 521 1935 καὶ
479 1893 521 1956 κη
542 1892 603 1954 γης
619 1869 789 1954 οἰκημένοι
805 1871 933 1936 δεοίατο
947 1867 1106 1949 Περσέων
1126 1859 1213 1946 σόμ-
1291 1860 1292 1873 ’

211 1993 309 2054 μαχοι
323 1969 499 2053 γενέσθαι,
518 1966 713 2053 πυθόμενος
730 1965 767 2035 δέ
785 1963 870 2055 πρὸς
882 1972 951 2037 τῶν
965 1961 1115 2051 ἀγγέλων
1129 1956 1212 2029 ἀπε-

211 2063 367 2150 κορύφου
392 2084 453 2150 σφι
478 2064 572 2135 τόδε·
614 2069 658 2134 Ec
679 2066 742 2150 μὲν
766 2067 898 2134 διδοῦσι
926 2063 1057 2150 βασιλέι·
1079 2064 1212 2148 Δαρείῳ
1291 2112 1292 2119 ι

207 2160 379 2249 Ἀθηναῖοι
396 2169 461 2248 γῆν
479 2188 515 2231 τε
535 2166 591 2232 καί
606 2160 717 2248 ὕδωρ,
740 2159 758 2230 6
774 2163 812 2231 δέ
827 2168 1017 2249 συμμαχίην
1033 2179 1094 2246 σφι
1111 2177 1213 2226 συνε-

209 2266 337 2345 τίθετο,
361 2266 392 2331 εί
410 2258 505 2329 δέ
463 2287 508 2347 μη
529 2264 678 2345 διδοῦσι,
700 2257 975 2331 ἀπαλλάσσεσθαι
996 2256 1118 2336 αὐτοὺς
1138 2259 1211 2324 ἐκέ-

210 2367 296 2429 λευε.
320 2360 354 2425 oc
339 2356 403 2425 ίδδ
418 2356 552 2443 ἀγγελοι
567 2359 619 2427 ἐπὶ
633 2355 804 2443 σφέων’
763 2384 875 2428 αντοιν
882 2358 1066 2450 βαλόμενοι
1080 2353 1213 2425 διδόναι

210 2463 358 2544 ἔφασαν,
380 2455 582 2544 βουλόμενοι
599 2454 661 2544 τὴν
674 2465 863 2545 σνμμαχιην
879 2457 1094 2545 ποιήσασθαι.
1117 2444 1212 2522 οὗτοι

209 2560 271 2646 μὲν
285 2555 327 2646 δη
342 2555 547 2639 ἀπελθόντες
561 2557 644 2639 ἐς
608 2586 674 2678 την
684 2561 819 2630 ἑωυτῶν
832 2567 936 2639 αίτίας
950 2557 1095 2645 μεγάλας
1110 2553 1208 2643 εἶχον
1291 2574 1292 2577 ’

163 2671 195 2726 74
294 2660 484 2744 Κλεομένης
499 2658 536 2727 δέ
556 2643 773 2746 ἐπισταμενος
793 2662 1032 2745 περιυβρίσθαι
1048 2660 1140 2724 ἔπεσι
1155 2652 1209 2718 καὶ

210 2761 336 2843 εργοισι
350 2751 410 2823 ὑπ’
429 2752 618 2842 Ἀθηναίων
637 2758 795 2842 συνέλεγε
813 2757 850 2824 ἐκ
869 2754 976 2840 πόσης
991 2748 1210 2835 Πελοποννη-

209 2870 273 2919 σον
293 2851 451 2938 στρατὸν,
474 2852 517 2921 06
535 2856 673 2940 φράζειν
694 2860 728 2934 ἐς
745 2852 781 2923 τό
803 2854 973 2938 συλλέγει,
997 2856 1154 2919 τίσασθαι
1172 2843 1210 2912 δέ

210 2945 387 3015 ἐθέλειν
353 2974 413 3016 τον
427 2954 535 3037 δημον
550 2958 617 3019 τῶν
629 2950 819 3038 Ἀθηναίων
832 2948 905 3018 μαλ’
902 2948 1070 3035 Ισαγόρην
1084 2942 1210 3033 βουλό-

208 3070 309 3134 μενος
320 3070 491 3132 τυραννον
502 3058 718 3137 καταστησαι
741 3057 925 3139 σννεξηλθε
937 3073 1005 3135 γαρ
1018 3052 1052 3115 οί
1061 3036 1158 3122 ουτος
1172 3044 1208 3110 ἔκ
1291 3108 1292 3115 ι

208 3153 264 3234 τῆς
280 3142 489 3233 ἀκροπόλιος.
533 3153 724 3237 Κλεομένης
744 3177 780 3218 τε
800 3147 841 3236 δη
864 3148 971 3237 στόλῳ
985 3143 1119 3234 μεγάλφ
1137 3143 1208 3211 έσέ-
1291 3202 1292 3209 ,

207 3252 288 3331 βαλε
302 3245 337 3321 ἐς
346 3239 533 3332 Ἐλευσῖνα,
555 3251 661 3316 καὶί
627 3273 645 3314 ο
646 3245 851 3318 λ’Βοιωτοὶ
833 3245 898 3316 απδ
914 3214 1131 3331 σόνθήματος
1147 3245 1209 3308 Οἰ-

207 3343 292 3429 νόην
312 3342 462 3427 αἱρέουσι
488 3348 543 3413 καὶ
561 3343 688 3432 Ἴσιός,
716 3347 842 3434 δήμους
866 3343 945 3425 τούς
971 3344 1128 3430 ἐσχάτους
1151 3346 1209 3426 τῆς

204 3436 365 3521 Ἀττικῆς,
384 3444 562 3519 Χαλκιδέες
581 3468 616 3511 τε
637 3445 688 3511 ἐπὶ
711 3442 751 3511 τδι
776 3447 872 3531 ἔτερα
894 3445 1044 3513 ἐσίνοντο
1060 3439 1209 3515 ἐπιόντες
