2536 3934
228 216 330 305 ω’
487 270 489 275 ·
608 242 858 302 αεοοοοτι

229 416 324 475 τιθεί.
359 400 403 485 ὦς
419 406 454 475 δὲ
468 410 560 495 τρίτη
575 403 681 495 ἡμέρη
696 409 741 495 τῷ
755 407 875 495 παιδίῳ
890 398 1067 495 ἐκκειμένῳ
1086 398 1230 488 ἐγένετο,

229 503 281 594 ἤιε
297 508 329 584 ές
342 505 444 574 πόλιν
458 502 475 574 6
492 506 667 592 βουκόλος,
684 509 752 570 τῶν
766 499 842 570 τινὰ
858 508 1058 589 προβοσκῶν
1073 499 1230 587 φύλακον

230 603 334 674 αύτού
351 601 559 689 καταλιπων,
583 599 694 672 έλδων
716 601 801 681 δέές
822 607 883 670 τοῦ
904 597 1074 687 Ἀρπύγου
1090 595 1231 667 ἀποδει-

229 703 352 770 κνύναι
368 707 431 789 ἔφη
447 703 574 788 ἑτοῖμος
588 699 672 769 είναι
694 705 755 768 τού
769 702 904 793 παιδίου
924 695 985 766 τόν
1001 699 1113 767 νέκυν.
1142 696 1231 785 πέμ-

229 813 294 883 ψας
311 801 347 869 δέ
363 797 558 888 δ”Αρπαγος
573 807 642 866 τῶν
657 802 784 867 ἑωυτοῦ
798 797 1002 886 δορυφόρων
1017 794 1096 878 τούς
1110 816 1230 865 πιστο-

227 899 348 978 τύτονς
364 895 431 966 εἶδέ
441 921 477 966 τε
493 894 548 965 διὰ
562 898 691 966 τούτων
711 899 767 965 καί
789 902 895 1016 ἔδαφε
915 902 974 965 τοῦ
998 896 1166 984 βουκόλου
1188 893 1227 964 τό

227 999 370 1065 παιδίον.
414 997 469 1065 καί
492 991 531 1063 τό
551 995 613 1082 μὲν
631 998 808 1081 ἐτέθαπτο,
831 992 891 1064 τόν
913 997 949 1064 δὲ
979 993 1122 1080 ὕστερον
1145 992 1229 1062 τού-

226 1119 295 1162 των
321 1099 439 1193 Κῦρον
478 1090 733 1181 ούνομασθένπα
775 1101 1018 1215 παραλαβοῦσα
1055 1102 1172 1184 ἔτρεφε
1205 1090 1227 1182 ἡ

131 1266 136 1269 ,
228 1189 314 1279 γυνὴ
330 1216 390 1260 που
376 1161 591 1291 βουκόλου,
612 1189 741 1278 σύνορα
756 1190 836 1260 ύλλο
852 1192 916 1261 κού
930 1217 960 1262 τι
976 1195 1031 1262 καί
1053 1190 1094 1263 06
1108 1201 1227 1283 Κῦρον

225 1291 365 1377 θεμένη.
388 1298 410 1393 φ
1251 1300 1252 1303 ’

161 1419 210 1475 114
310 1376 419 1458 166⁹
399 1416 454 1460 οτε
469 1383 546 1477 δὴ
524 1418 568 1479 ην
583 1386 774 1478 δεκαέτης
759 1368 887 1478 οπαϊς,
907 1397 1042 1480 πρῆγμα
1065 1396 1098 1474 ές
1119 1391 1225 1463 αὐτόν

227 1488 360 1558 τοιόνδε
385 1489 570 1576 γενόμενον
596 1491 736 1577 ἐξέφηνέ
758 1515 825 1575 μιν.
870 1495 978 1571 ἔπαιξε
1002 1493 1040 1559 έν
1066 1498 1106 1582 τῆ
1128 1492 1224 1582 κύμη
1251 1556 1252 1559 ,

141 1647 144 1652 .
227 1588 348 1677 ταύτη,
375 1590 412 1655 έν
432 1594 473 1677 τῇ
487 1580 586 1675 ἦσαν
584 1590 706 1657 καίί
670 1616 691 1654 α
692 1593 898 1676 ίβουκολίαι
919 1580 1034 1675 αὗται,
1061 1595 1170 1672 ἔπαιζε
1188 1594 1224 1660 δὲ

228 1682 299 1772 μετ’
324 1683 436 1755 ἄλλων
456 1683 584 1774 ἡλίκων
606 1689 644 1754 έν
665 1683 742 1777 ὁδῷ.
782 1688 838 1755 καί
866 1691 900 1753 oc
918 1686 1033 1766 παῖδες
1053 1694 1225 1770 παίζοντες

229 1787 357 1852 εἵλοντο
373 1784 506 1852 ἑωυτόν
520 1783 708 1872 βασιλέαί
678 1810 762 1855 εναι
784 1790 904 1865 τούτου
925 1781 965 1871 δὴ
986 1782 1048 1853 τόν
1063 1811 1124 1854 του
1110 1794 1226 1874 βου-

228 1880 332 1950 κόλου
353 1882 524 1968 ἐπίκλησιν
543 1884 654 1951 παῖδα.
687 1878 705 1949 6
729 1883 765 1950 δέ
785 1878 897 1950 αὐτῶν
918 1885 1043 1964 διέταξε
1061 1880 1140 1964 τούς
1161 1885 1225 1972 μέν

229 1988 280 2052 οίκ
281 1988 333 2063 ίας
350 1983 571 2070 οἰκοδομέειν,
592 1980 671 2062 τούς
691 1984 727 2051 δέ
747 1983 960 2073 δορυφόρους
976 1981 1078 2073 εἶναι,
1106 1982 1166 2055 πδν
1188 1992 1224 2057 δε
1251 2026 1252 2035 ¹

227 2083 292 2201 κρύ
314 2107 388 2151 τινα
409 2079 520 2150 αὐτῶν
536 2078 716 2168 ὀφθαλμόν
736 2082 939 2169 βασιλέοςί
908 2109 1009 2171 ευαι,
1033 2091 1079 2176 τῷ
1101 2087 1139 2153 δι’
1155 2112 1224 2155 τινι

225 2178 285 2259 τας
298 2177 452 2300 ἀγγελίας
472 2182 626 2266 ἐσφέρειν
648 2183 760 2249 ἐδίδου
773 2178 935 2268 γέρας,
913 2209 958 2263 ως
978 2182 1104 2277 έκοίστφ
1120 2190 1223 2272 ἔργον

226 2277 454 2365 προστάσσων.
491 2272 542 2356 εἷς
562 2274 602 2366 δη
627 2279 757 2346 τούτων
779 2287 847 2347 τῶν
866 2283 997 2348 παίδων
1016 2288 1221 2405 συμπαίζων,

224 2374 291 2445 έων
302 2370 529 2462 Ἀρτεμβάρεα
543 2389 629 2463 ταῖς,
646 2373 770 2463 ιἰνδρός
783 2381 924 2465 δοκίμου
938 2381 976 2446 έν
989 2378 1154 2469 Μήδοισι,
1180 2379 1222 2448 06

224 2471 289 2563 γὰρ
311 2469 352 2560 δη
368 2474 500 2559 έποίησε
521 2499 558 2541 το
548 2471 787 2563 προσταχθέν
808 2478 844 2545 ἐκ
858 2503 919 2545 ιον
905 2476 1068 2566 Κύρου,
1089 2477 1221 2547 έκέλενε
1251 2506 1252 2511 ’

224 2570 330 2643 αὐτόν
349 2570 429 2652 τούς
449 2571 571 2654 ἄλλους
592 2581 712 2657 παῖδας
735 2581 922 2666 διαλαβεῖν,
948 2578 1161 2665 πειθομένων
1183 2577 1220 2646 δὲ

223 2680 292 2741 τῶν
306 2675 435 2742 παίδων
445 2669 467 2741 ’ὁ
479 2680 592 2762 Κῦρος
606 2672 667 2767 τόν
676 2680 778 2745 παῖδα
791 2678 934 2764 τρηχέως
944 2675 1049 2764 κύρτα
1063 2675 1220 2764 περιέσπε

223 2771 426 2859 μαστιγέων·
458 2768 476 2841 6
504 2772 540 2841 δὲ
574 2774 680 2841 ἐπείτε
713 2780 851 2861 μετείθη
870 2775 1022 2862 τάχιστα,
1051 2771 1095 2854 ύς
1117 2798 1155 2860 γε
1178 2770 1217 2860 δη

223 2868 343 2951 ἀνάξια
357 2874 484 2939 ἑαυτοῦ
499 2869 639 2959 παίδων,
660 2872 788 2960 μᾶλλόν
804 2900 836 2941 τι
850 2874 1080 2961 περιημέκτεε,
1102 2879 1219 2942 κατελ-
1251 2908 1252 2911 ¹

193 3001 196 3006 ·
220 2967 298 3040 θεὸν
312 2970 348 3038 δὲ
363 2971 396 3048 ές
412 2967 512 3039 πόλιν
526 2967 609 3057 πρός
625 2969 686 3039 τὸν
700 2972 825 3060 πατέρα
841 2968 1044 3052 ἀποικτίζετο
1066 2976 1134 3037 τῶν
1150 2965 1217 3038 ύπδ
1251 3048 1252 3051 ¹

221 3068 340 3156 Κύρου
352 3064 485 3155 ἤντησε,
500 3070 608 3155 λέγων
619 3071 654 3138 δέ
667 3068 833 3158 ούΚύρου
850 3067 906 3153 (06
921 3070 985 3159 γόρ
1000 3095 1048 3137 κω
1060 3061 1218 3163 ἧντοότο

15 3242 35 3255 .„
221 3166 400 3254 τούνομα),
415 3164 498 3237 ἀλλὰ
514 3164 672 3255 πρδςτοῦ
686 3167 856 3256 βουκόλου
869 3166 1218 3253 τοῦἉστυύγεοςπαι-

131 3348 144 3367 N
222 3267 289 3346 δός.
323 3262 395 3334 ὁδὶ
405 3263 627 3356 Ἀρτεμβάρης
642 3264 742 3357 ὀργῇ,
765 3265 809 3347 ύς
824 3265 905 3354 εἶχε,
926 3263 1037 3336 έλδοδν
1053 3261 1218 3356 παρᾶτόν

143 3376 150 3387 “
218 3360 400 3450 Ἀστυάγεα
413 3367 467 3433 καὶ
483 3363 551 3452 ἅμα
570 3363 734 3452 ἀγόμενος
755 3362 816 3433 τόν
832 3369 951 3451 παῖδα,
972 3360 1115 3453 ύνύρσια
1131 3360 1217 3450 πρή-
1251 3396 1252 3455 η

220 3486 329 3559 γματα
342 3465 406 3552 ίφη
425 3464 652 3553 πεπονθέναι,
673 3464 797 3554 λέγων·
837 3456 876 3532 ἐδ
890 3468 1044 3561 βασιλεῦ,
1066 3458 1132 3533 ύπδ
1155 3464 1217 3531 τοῦ
