2618 3928
193 240 254 303 126
568 241 819 298 HERODOTI

190 410 259 471 τῶν
274 399 386 470 ἀλλων
396 403 555 489 Περσέων
572 397 614 466 οὐ
630 397 795 485 πρότερον
808 395 991 486 παύσομαι,
1005 395 1117 486 πρλνῆ
1132 402 1199 467 ἕλω

192 529 227 572 τε
240 505 295 571 καὶ
315 501 461 589 πυρω’σω
475 497 534 578 τάς
553 495 715 584 Ἀθήνας,
736 499 772 564 οἵ
788 521 828 583 γε
848 498 904 585 ἐμὲ
924 497 980 564 καί
996 499 1120 583 πατέρα
1135 494 1199 565 τόν

192 597 273 688 ἐμόν
293 597 446 685 ὑπῆρξαν
471 596 570 664 ἀδικα
590 602 778 674 ποιεῦντες·
807 602 921 683 πρῶτα
938 599 1001 681 μέν
1020 597 1053 675 ές
1069 598 1198 684 Σάρδις

192 701 349 778 ἐλθόντες
366 697 434 786 ἅμα
451 696 668 786 Ἀρισταγόρῃ
680 701 726 786 τῷ
741 701 915 786 Μιλησίῳ,
937 696 1047 786 δούλςο
1063 698 1099 764 δὲ
1112 694 1199 784 ἡμε-
1295 726 1296 731 ’

191 802 284 890 τέρῳ,
301 793 498 883 ἀπικόμενοι
510 797 696 882 ἐνέπρησαν
706 794 748 861 τά
758 819 794 861 τε
804 790 906 869 ἀλσεα
916 796 972 861 καὶ
981 792 1023 861 τά
1034 791 1101 882 ίρά,
1117 800 1198 863 δεν-

191 896 321 983 τεραδδ
334 890 437 982 ἡμέας
449 889 502 961 οἷα
514 895 613 979 ἔρξαν
624 895 656 971 ἐς
665 890 728 979 την
743 893 907 978 σφετέρην
922 890 1123 979 ἀποβάντας,
1141 891 1197 961 ὅτε

191 999 295 1072 Δᾶτίς
305 1017 341 1061 τε
351 993 407 1060 καί
419 990 640 1079 Ἀρταφέρνης
651 990 880 1077 ἐστρατήγεον,
892 988 933 1057 τά
945 993 1126 1060 ἐπίστασθέ
1132 1019 1196 1061 κου

158 1091 322 1169 3πάντες.
366 1089 505 1157 Τούτων
525 1093 639 1175 μέντοι
655 1092 783 1157 εἵνεκεν
798 1086 986 1176 ἀνάρτημαι
1003 1089 1056 1158 ἐπ’
1073 1088 1196 1169 αὐτούς

193 1189 451 1276 στρατεύεσθαι,
472 1184 585 1274 ἀγαθά
606 1187 643 1255 δὲ
665 1191 702 1254 έν
718 1184 847 1256 αὐτοῖσι
866 1185 987 1256 τοσάδε
1007 1184 1196 1275 ἀνευρίσκω

192 1286 419 1374 λογιζόμενος·
442 1290 473 1355 εί
483 1286 624 1365 τούτους
638 1313 674 1354 τε
690 1290 746 1355 καλ
759 1283 837 1365 τούς
848 1287 996 1355 τούτοισι
1010 1287 1197 1375 πλησιοχώ-

193 1412 274 1476 ρους
284 1384 593 1473 καταστρεψόμεθα,
611 1387 803 1465 ολΠέλοπος
817 1391 878 1454 τοῦ
890 1384 1025 1474 Φρυγός
1038 1387 1195 1473 νέμονται

191 1484 321 1572 χάρηυ,
346 1490 412 1568 γῆν
430 1481 493 1569 την
513 1488 661 1566 Περσίδα
688 1482 892 1571 ἀποδέξομεν
911 1491 958 1575 τῷ
980 1482 1064 1564 Διός
1084 1486 1197 1572 αἰθέρι

192 1579 435 1668 ὁμουρέουσαν.
463 1579 504 1648 οὐ
523 1578 589 1669 γάρ
604 1580 644 1667 δὴ
658 1583 771 1668 χώρην
785 1607 824 1669 γε
843 1579 1004 1668 οὐδεμίαν
1017 1581 1198 1664 κατόψεται
1295 1596 1296 1675 ἶ

191 1678 285 1768 ἥλιος
300 1676 532 1766 ὁμουρέουσαν
551 1686 591 1769 τῇ
610 1677 768 1768 ἡμετέρη,
789 1677 873 1749 ἀλλά
889 1699 993 1766 σφεας
1008 1678 1115 1767 πάσας
1131 1678 1195 1766 ἐγω
1295 1724 1296 1759 ,

194 1777 262 1864 ἀμα
278 1774 360 1864 ὑμίν
380 1782 460 1863 μίαν
479 1776 593 1865 χοόρην
605 1779 722 1866 θήσω,
745 1776 800 1846 διά
817 1780 925 1865 πάσης
940 1776 1122 1859 διεξελθών
1138 1785 1197 1863 της
1295 1804 1296 1813 ’

193 1875 368 1963 Εὐρύτης.
389 1876 608 1963 πυνθάνομαι
621 1874 686 1965 γάρ
706 1868 771 1944 ὦδε
786 1868 889 1963 ἐγειν,
910 1873 989 1944 ούτε
1003 1872 1078 1943 τινά
1095 1875 1195 1943 πόλιν

194 1972 329 2060 ἀνδρῶν
344 1972 504 2063 οὐδεμίαν
520 1975 597 2045 οὐτε
614 1981 715 2055 ἔθνος
735 1973 836 2045 οὐδὲν
850 1974 1045 2066 ἀνθρώπων
1059 1973 1197 2043 ὑπολεί-

193 2082 334 2160 πεσθαι,
349 2070 386 2140 τό
403 2069 485 2161 ἡμίν
500 2069 574 2143 οἶόν
590 2099 626 2141 τε
641 2079 731 2142 ἐσται
746 2075 859 2142 έλθείν
874 2076 906 2152 ἐς
920 2073 1044 2160 μάχην,
1066 2070 1196 2140 τούτων

192 2176 261 2239 τῶν
272 2172 427 2250 κατέλεξα
441 2168 768 2258 ὑπεξαραιρημένων.
797 2168 885 2239 οὑτω
901 2174 936 2238 οἵ
950 2196 985 2238 τε
1001 2168 1081 2258 ἡμῖν
1097 2179 1197 2238 αίτιοι

160 2286 177 2338 4
192 2270 303 2349 ἕξουσι
315 2268 453 2336 δούλιον
464 2265 566 2352 ζυγόν
577 2271 654 2335 οἵτε
664 2267 814 2337 ἀναίτιοι.
832 2266 939 2356 Ὑμεῖς
950 2268 981 2338 δ’
995 2269 1038 2339 ἀν
1049 2295 1106 2356 μοι
1117 2270 1197 2339 τάδε

194 2368 362 2444 ποιέοντες
375 2370 582 2452 χαρίζοισθε·
599 2360 713 2433 ’ἐπεάν
732 2364 813 2451 ὑμῖν
834 2367 971 2455 σημήνω
985 2365 1045 2436 τόν
1059 2367 1196 2455 χρόνον,

195 2467 227 2542 ἐς
239 2461 300 2531 τόν
312 2461 410 2550 ἥκειν
429 2464 511 2548 δέει,
532 2463 718 2551 προθύμως
733 2465 843 2533 πάντα
861 2464 937 2537 τινὰ
953 2463 1066 2552 ὑμέων
1079 2464 1195 2559 χρήσει

194 2576 364 2651 παρεῖναι·
386 2558 423 2642 ός
438 2559 482 2630 ἀν
498 2565 535 2631 δέ
549 2568 634 2650 έχων
647 2561 712 2652 ἥκη
723 2566 1038 2651 παρεσκευασμένον
1052 2561 1197 2651 στρατόν

194 2662 369 2750 κάλλιστα,
391 2663 489 2734 δύσω
504 2670 540 2735 οί
558 2670 666 2754 δῶρα,
682 2662 723 2733 τά
736 2658 915 2752 τιμιώτατα
930 2669 1095 2752 νομίζεται
1110 2662 1197 2732 εἶναι

193 2765 231 2830 ἐν
246 2758 419 2851 ἡμετέρου.
443 2770 578 2852 ποιητέα
592 2768 654 2851 μέν
670 2790 737 2832 νυν
754 2761 866 2839 ταύτά,
875 2765 943 2831 ἐστι
959 2760 1063 2849 οὑτω,
1086 2765 1143 2828 ἵνα
1159 2763 1196 2829 δέ

193 2854 237 2943 μὴ
253 2862 470 2945 ίδιορονλέειν
491 2861 573 2950 ὑμίν
612 2863 734 2949 δοκέω,
755 2868 872 2948 τίθημι
886 2859 922 2928 τό
939 2867 1074 2948 πρῆγμα
1089 2864 1121 2939 ές
1135 2862 1193 2946 μέ-

193 2978 271 3043 σον,
290 2958 429 3046 γνύμην
449 2960 597 3029 κελεύων
616 2960 729 3048 ὑμέων
743 2961 804 3030 τόν
822 2962 1033 3049 βουλόμενον
1048 2958 1196 3048 ἀποφαί-

159 3070 176 3125 9
192 3056 469 3153 vammum
484 3068 577 3138 είπας
593 3060 742 3130 ἐπαύετο.
775 3056 863 3128 Μετ’
880 3056 985 3127 αὐτόν
1000 3058 1036 3127 δέ
1050 3059 1196 3147 Μαρδό-

192 3180 265 3233 νιος
279 3159 386 3240 ἔλεγε·
418 3149 458 3222 Ὠ
472 3158 630 3244 δέσποτα,
653 3155 693 3225 οὐ
707 3163 837 3244 μούνου
858 3154 903 3235 είς
918 3163 987 3225 τῶν
1002 3163 1195 3245 γενομένων

191 3259 351 3341 Περσέων
366 3254 508 3342 ἀριστος,
524 3256 608 3327 ἀλλά
618 3262 673 3327 καὶ
682 3266 751 3327 τῶν
762 3260 940 3346 ἐσομένων,
956 3255 993 3337 ὃς
1007 3257 1048 3327 τά
1061 3285 1096 3327 τε
1110 3257 1194 3327 ἀλλα

192 3358 300 3439 λέγων
312 3356 422 3422 έπίκεο
434 3353 551 3441 ἀριστα
566 3360 621 3425 καί
633 3356 853 3446 ἀληθέστατα,
872 3355 1050 3437 καλἽωνας
1064 3356 1142 3437 τούς
1157 3361 1194 3426 έν

192 3457 233 3537 τῇ
246 3449 395 3539 ,Εὐρώπη
410 3459 668 3541 κατοικημένους
683 3456 745 3526 οὐκ
760 3459 866 3535 ἐάσεις
880 3458 1101 3542 καταγελάσαι
1114 3454 1194 3544 ἡμίν
