2562 3926
353 253 440 313 ιιΒ.
471 254 516 312 111.
551 252 651 311 σεε.
683 259 857 317 ιιι-ωε.
890 298 893 305 .
1045 251 1108 322 2⁷7
1169 342 1172 347 Α

108 412 200 479 λείου
209 406 378 500 ὕπαρχον,
393 411 431 492 ὅς
442 415 478 481 οί
487 408 637 480 ω’νείδισε
649 409 690 480 τά
706 414 739 491 ἐς
748 414 966 500 Πολυκράτεα
978 422 1106 506 ἔχοντα,

105 508 189 581 κατά
213 512 250 579 δὲ
269 519 331 580 τού
346 510 569 599 Μιτροβάτεω
590 508 652 580 τόν
674 517 777 582 παῖδα
795 513 1021 602 Κρανάσπην,
1043 512 1107 584 ἀν-

105 613 188 696 δρας
203 612 241 678 ἐν
255 612 405 699 Πέρσησι
426 613 601 695 δοκίμους,
631 608 715 679 ἀλλα
735 637 771 679 τε
792 611 945 699 ἐξύβρισε
965 626 1106 680 παντοία
1165 676 1167 682 ,

104 713 163 775 καί
169 732 245 774 τινα
258 701 504 793 ἀγγελιηφόρον
519 711 669 795 Δαρείου
684 705 828 778 ἐλθόντα
840 705 922 797 παρ’
937 705 1105 793 αύτδν,εὸς
1147 702 1150 708 ’

102 802 144 873 ού
164 803 249 887 πρὸς
270 801 401 893 ἡδονήν
427 810 462 874 οί
482 799 528 894 ἦν
555 805 596 873 τά
622 804 866 896 ἀγγελλόμενα,
897 818 1019 881 κτείνει
1046 836 1105 899 μιν

101 902 209 975 ὀπίσω
241 905 463 991 κομιζόμενον
497 904 625 990 ἀνδρας
655 911 690 976 ολ
723 905 863 988 ὑπείσας
894 910 966 981 κατ’
1003 911 1103 1001 ὁδόν,
1228 996 1232 1001 ,

101 1004 300 1086 ἀποκτείνας
327 1009 367 1076 δέ
383 1035 442 1095 μιν
461 1006 608 1096 ἠφάνισε
637 1005 727 1098 αύτῷ
748 1010 848 1100 ἵππω.
899 1022 1044 1096 Δαρεῖος
1065 1015 1101 1081 δὲ
1119 1033 1169 1091 127

102 1104 146 1186 ὡς
171 1112 245 1193 ἔσχε
271 1104 334 1194 τὴν
358 1105 481 1195 ἀρχὴν,
507 1104 673 1192 ἐπεθύμεε
699 1103 760 1173 τόν
777 1104 928 1198 Ὀροίτην
946 1117 1103 1179 τίσασθαι

101 1207 239 1275 πάντων
258 1232 294 1274 τε
316 1214 385 1275 τῶν
406 1205 620 1293 ἀδικημάτων
637 1207 765 1273 εἵνεκεν
789 1208 844 1276 καί
863 1207 1005 1293 μάλιστα
1029 1216 1102 1276 Μι-

101 1303 269 1392 τροβάτεω
286 1307 418 1372 καὶτοῦ
434 1304 561 1382 παιδός.
585 1307 621 1372 έκ
636 1305 698 1390 μέν
715 1302 755 1390 δη
772 1311 829 1391 της
848 1310 944 1392 ίθέης
958 1303 1100 1393 στρατόν

99 1399 155 1470 ἐπ’
166 1399 272 1470 αὐτόν
289 1399 351 1471 οὐκ
363 1402 476 1469 ἐδόκεε
490 1402 633 1487 πέμπειν
647 1399 705 1469 άτε
721 1406 756 1470 οί
775 1402 956 1471 οἰδεόντων
972 1411 1019 1472 ἔτι
1032 1411 1100 1473 τῶν

99 1500 323 1587 πρηγμάτων,
355 1502 410 1569 καί
438 1502 557 1568 νεωστί
585 1505 670 1587 έχων
703 1499 765 1588 τὴν
795 1500 917 1592 ἀρχὴν,
950 1507 1007 1573 καὶ
1040 1502 1100 1573 τδυ
1206 1511 1208 1515 ’

95 1597 248 1686 Ὀροίτην
264 1599 413 1685 μεγάλην
428 1596 490 1686 την
511 1596 609 1685 ἰσχύν
631 1601 892 1688 πυνθανόμενος
914 1609 1018 1691 ἐχειν,
1039 1602 1100 1672 τόν

97 1703 197 1782 χίλιοι
213 1699 276 1783 μέν
289 1700 449 1782 Περσέων
469 1698 720 1786 ἐδορυφόρεον,
736 1697 800 1786 εἶχε
816 1703 852 1770 δέ
866 1701 974 1789 νομόν
987 1703 1048 1772 τόν
1062 1728 1099 1771 τε

93 1792 254 1881 ΥΦρύγιον
275 1798 330 1863 καὶ
344 1799 474 1867 Λύδιον
493 1801 552 1871 ,καί
570 1796 728 1867 Ἰωνικόν.
758 1797 843 1885 πρός
856 1807 960 1870 ταῦτα
985 1801 1025 1890 δη
1048 1797 1098 1871 τόν

96 1893 114 1965 ό
140 1906 286 1978 Δαρεῖος
318 1896 399 1965 τάδε
426 1897 669 1984 ἐμηχανήσατο·
703 1900 909 1982 συγκαλέσας
938 1903 1098 1987 Περσέων

98 1991 176 2073 τούς
198 1996 447 2083 δοκιμωτάτους
469 1998 562 2081 έλεγέ
583 2016 644 2080 σφι
660 1995 755 2061 τάδε·
772 1989 812 2063 Ὠ
825 1998 970 2085 Πέρσαι,
988 2006 1037 2078 τίς
1053 1999 1097 2069 ἀν

96 2120 152 2168 αοι
177 2100 279 2164 τοῦτο
302 2094 416 2182 ὑμέων
443 2090 590 2172 ὑποστάς
615 2094 811 2161 ἐπιτελέσειε
838 2101 941 2183 σοφίη
969 2098 1024 2165 καὶ
1050 2096 1095 2185 μὴ

95 2200 151 2282 βίη
175 2216 212 2260 τε
237 2198 292 2263 καὶ
318 2192 439 2287 όμίλφς
463 2199 549 2264 ἔνθα
570 2188 635 2280 γάρ
656 2198 776 2279 σοφίης
791 2195 876 2280 δέει,
901 2201 977 2282 βίης
996 2202 1096 2284 ἔργον

95 2290 208 2364 οὐδέν.
230 2292 344 2382 ύμέων
359 2293 399 2382 δὴ
416 2287 465 2363 όν
477 2300 527 2374 τίς
542 2290 586 2360 ἀν
601 2318 658 2380 μοι
665 2289 821 2380 ’Ὀροίτην
835 2287 857 2381 ἢ
872 2294 995 2374 ζάοντα
1009 2293 1096 2384 ἀγά-

94 2421 145 2481 γοι
164 2391 424 2484 ἧάποκτείνειε;
450 2391 487 2474 ὃς
508 2389 658 2480 ὠφέλησε
684 2394 746 2479 μέν
768 2417 816 2461 κω
832 2394 965 2477 Πέρσας
982 2392 1094 2486 ούδέν,

94 2493 182 2566 κακά
206 2493 243 2561 δέ
257 2492 383 2579 μεγάλα
398 2498 510 2579 ἔοργε·
553 2498 651 2558 τοῦτο
666 2491 729 2578 μὲν
742 2490 805 2559 δύο
819 2487 932 2581 ἡμέων
942 2491 1093 2582 ἠίστωσε,

95 2594 318 2681 Μιτροβάτην
340 2619 376 2661 τε
398 2594 454 2660 καὶ
481 2590 541 2659 τόν
570 2595 671 2658 παῖδα
686 2588 809 2678 αὐτοῦ,
837 2598 935 2660 τοῦτο
957 2595 993 2662 δέ
1014 2592 1094 2674 τούς

95 2694 342 2772 ἀνακαλέοντας
369 2689 473 2761 αύτδν
493 2693 548 2761 καὶ
570 2694 802 2779 πεμπομένους
822 2689 881 2760 ὑπ’
900 2696 980 2781 ἐμεῦ
1006 2705 1094 2767 κτεί·

95 2821 164 2879 νει,
181 2791 285 2880 ὕβριν
308 2788 371 2859 ούκ
392 2788 577 2875 ἀνάσχετον
594 2797 738 2877 φαίνων.
778 2796 860 2877 πρίν
878 2816 910 2859 τι
929 2783 978 2860 όν
994 2796 1093 2880 μέζον

93 2889 343 2978 ἐξεργάσασθαί
371 2914 429 2977 μιν
455 2891 587 2975 Πέρσας
614 2883 730 2974 κακόν,
751 2894 996 2977 καταλαμπτέος
1025 2895 1093 2962 ἐστὶ

91 2986 174 3077 ἡμῖν
188 2984 338 3076 θανάτῳ.
395 2995 540 3073 Δαρεῖος
561 2989 624 3073 μὲν
643 2993 746 3055 ταῦτα
767 2987 944 3077 έπειράτα,
983 2996 1032 3083 τῷ
1057 2993 1094 3060 δε
1110 3010 1160 3064 125
1205 3064 1218 3070 ,,

92 3087 215 3174 ἀνδρες
240 3086 419 3175 τριήκοντα
441 3083 648 3176 ὑπέστησαν,
676 3084 776 3169 αύτδς
799 3090 935 3170 ἕκαστος
963 3094 1092 3161 ἐθέλων

91 3190 222 3256 ποιέειν
235 3192 350 3253 ταῦτα.
384 3188 549 3270 ἐρίζοντας
571 3187 608 3255 δε
621 3197 765 3275 Δαρεῖος
788 3189 1016 3279 κατελάμβανε
1038 3215 1085 3258 κε

95 3285 204 3356 λεύων
218 3282 425 3353 πάλλεσθαι·
446 3286 664 3371 παλλομένων
682 3287 721 3354 δὲ
734 3287 891 3373 λαγχάνει
907 3290 945 3356 ἐκ
958 3286 1096 3355 πάντων

89 3391 238 3470 Βαγαῖος
253 3376 470 3466 ὁἈρτόντεω.
487 3378 598 3468 λαχδν
610 3385 647 3452 δὲ
660 3379 679 3452 ὁ
692 3391 836 3470 Βαγαῖος
848 3384 954 3452 ποιέει
965 3383 1093 3453 τοιάδε·

86 3490 205 3572 βιβλία
221 3478 440 3572 γραψάμενος
456 3481 565 3557 πολλά
579 3487 721 3574 καὶπερὶ
731 3491 866 3556 πολλῶν
888 3479 987 3553 ἐόντα
1006 3507 1094 3574 πρη-
