2622 3928
219 209 260 271 14
590 205 843 263 HERODOTI

220 393 290 454 νεα,
310 365 354 445 ὡς
368 364 480 447 Νάξος
494 375 545 450 είη
561 370 663 450 νῆσος
676 364 822 449 μεγάθει
833 364 896 450 μέν
906 362 948 433 οὐ
959 365 1097 452 μεγάλη,
1113 362 1222 445 άλλως

220 468 256 535 δέ
270 464 356 553 καλή
370 490 405 532 τε
419 468 474 533 καλ
491 460 604 549 άγαδή
618 464 673 530 καὶ
688 460 793 548 άγχού
805 459 940 548 Ἰωνίης,
955 463 1106 550 χρήματα
1119 466 1156 532 δέ
1169 470 1223 533 ἔνι

220 562 325 633 πολλοὶ
342 566 397 631 καὶ
412 560 616 649 ἀνδράποδα.
659 559 715 629 Σύ
737 554 792 640 οὐν,
805 562 859 628 έτί
880 561 1009 651 ταύτην
1026 561 1089 649 τήν
1109 563 1223 650 γάρην

220 661 453 750 στρατηλάτεε,
475 661 630 746 κατάγων
655 663 689 738 ἐς
709 655 816 746 αὐτήν
835 656 915 738 τούς
935 661 1089 746 φυγάδας
1110 666 1142 743 ἐξ
1158 661 1224 731 avj:

223 770 284 850 ιής.
308 768 367 829 καί
377 785 429 828 τοι
438 766 542 828 ταῦτα
556 758 732 846 ποιήσαντι
746 763 845 824 τοῦτο
859 760 922 842 μέν
930 759 1001 825 έστι
1011 759 1125 846 ἑτοσμα
1138 759 1219 845 παρ’

220 865 293 949 έμολ
319 860 469 948 χρήματα
494 858 621 946 μεγάλα
648 857 752 943 πάρεξ
778 862 847 923 τῶν
872 852 1154 943 ἀναισιμωμάτων
1180 866 1222 947 τῇ

220 965 355 1047 στρατιῇ
369 963 487 1047 (ταῦτα
497 955 560 1043 μέν
569 954 635 1042 γάρ
648 959 761 1022 δίκαια
770 950 873 1039 ἡμέας
886 949 967 1031 τούς
978 951 1121 1039 άγοντας
1134 978 1223 1042 παρ-

221 1062 339 1145 έχειν),
360 1065 459 1125 τοῦτο
479 1056 516 1123 δέ
537 1056 661 1141 νήσους
677 1054 808 1141 βασιλέϊ
825 1050 1049 1138 προσκτήσεαι
1066 1049 1171 1139 αὐτήν
1184 1079 1223 1120 τε

220 1156 337 1235 Νάξον
350 1157 405 1222 καί
419 1151 479 1233 τάς
493 1155 529 1220 έκ
541 1153 663 1237 ταύτης
673 1149 874 1238 ἠρτημένας,
886 1150 1007 1237 Πάρον
1016 1148 1221 1236 καλἍνδρον

221 1248 859 1334 καλάλλαςτάςΚυκλάδαςκαλευμένας.
881 1251 1043 1316 ἐνθεῦτεν
1054 1250 1091 1316 δέ
1098 1246 1223 1335 ὁρμεό-

220 1376 321 1438 μενος
335 1347 497 1428 εὐπετέως
510 1347 685 1435 ἐπιθήσεαι
700 1345 844 1435 Εὐβοίη,
866 1348 958 1438 νήσῳ
972 1346 1100 1435 μεγάλη
1115 1372 1151 1426 τε
1164 1350 1220 1415 καλ

221 1446 409 1534 εὐδαίμονι,
428 1445 490 1515 οὐκ
508 1448 663 1514 έλάσσονι
677 1444 821 1532 Κάπρου
838 1449 894 1513 καὶ
907 1446 1012 1532 κάρτα
1027 1444 1157 1514 εὐπετέῑ
1168 1449 1223 1512 αι’-

221 1553 372 1632 ρεδήναι.
386 1542 585 1631 άποχρέουσι
597 1548 633 1611 δέ
644 1540 763 1611 έκατόν
769 1548 843 1623 νέες
852 1545 975 1623 ταύτας
984 1544 1092 1623 πάσας
1101 1545 1223 1632 χειρώ-

221 1652 355 1711 σασθαι.
393 1640 429 1711 Ὁ
453 1642 489 1710 δέ
512 1639 664 1728 άμείβετο
681 1639 786 1710 αὐτόν
809 1647 948 1711 τοιοίδε·
997 1640 1052 1712 Σύ
1074 1647 1107 1722 ές
1127 1643 1223 1712 οἷκον

219 1738 280 1809 τόν
294 1742 447 1828 βασιλέος
461 1737 617 1827 ἐξηγητής
635 1746 744 1826 γίνεαι
760 1742 966 1828 πρηγμάτων
983 1740 1139 1829 άγαδάν,
1166 1746 1223 1811 καὶ

219 1847 323 1908 ταῦτα
344 1832 384 1907 εὐ
403 1843 593 1927 παραινέεις
614 1840 740 1927 πάντα,
768 1839 857 1926 πλὴν
876 1848 945 1908 τάν
962 1849 1050 1909 νεῶν
1069 1849 1131 1910 τοῦ
1144 1839 1222 1927 άρι-

219 1949 321 2028 θμοῦ.
341 1937 414 2008 άντλ
427 1942 464 2009 δὲ
476 1940 596 2010 ἑκατόν
605 1950 694 2010 νεῶν
708 1941 878 2028 διηκόσιαί
886 1967 937 2009 τοι
952 1946 1075 2027 ἑτοῖμοι
1089 1947 1221 2010 ἔσονται

220 2037 288 2125 άμα
302 2044 348 2129 τῷ
363 2043 444 2123 ἔαρι.
474 2043 541 2107 δέει
556 2043 592 2107 δὲ
611 2041 759 2108 τούτοισι
781 2042 836 2107 καί
857 2036 963 2107 αὐτόν
979 2043 1116 2127 βασιλέα
1136 2059 1222 2107 συν-

171 2148 204 2200 32
222 2141 359 2203 έπαινον
378 2144 542 2223 γίνεσθαι.
581 2136 618 2205 ‘0
641 2140 704 2224 μέν
727 2134 767 2224 δή
788 2134 1022 2224 Ἀρισταγόρης
1039 2135 1093 2217 ,άς
1116 2143 1220 2206 ταῦτα

219 2234 358 2322 ήκουσε,
380 2234 558 2325 περιχαρής
579 2235 645 2304 έάν
665 2234 763 2322 άπήῑε
777 2240 811 2316 ές
824 2243 994 2323 Μίλητον,
1015 2237 1088 2305 οδλ
1104 2234 1222 2320 Ἀρτα-

220 2337 362 2422 φέρνης,
386 2332 430 2413 ὥς
444 2340 479 2403 οί
490 2339 656 2423 πέμψαντι
678 2340 710 2415 ές
727 2343 844 2404 Σοῦσα
861 2337 916 2403 καὶ
930 2334 1113 2422 ὑπερθέντι
1126 2332 1167 2403 τά
1183 2337 1221 2403 έκ

219 2438 280 2500 τοῦ
290 2429 529 2521 Ἀρισταγόρεω
549 2434 713 2522 λεγόμενα
733 2440 934 2514 συνέπαινος
950 2439 1005 2504 καί
1025 2433 1126 2514 αὐτός
1144 2443 1221 2503 Δα-

220 2545 307 2616 ρεῖος
322 2533 468 2618 ἐγένετο,
489 2535 760 2619 παρεσκευάσατο
781 2536 844 2619 μὲν
867 2538 1036 2621 διηκοσίας
1054 2534 1219 2620 τριήρεας,

219 2626 345 2698 πολλὸν
361 2628 397 2696 δέ
406 2626 512 2716 κάρτα
522 2626 641 2718 ὅμιλον
651 2632 810 2714 Περσέων
820 2655 857 2698 τε
867 2633 922 2698 καί
932 2637 999 2697 τῶν
1010 2628 1121 2698 άλλωυ
1132 2649 1221 2716 συμ-

219 2727 351 2813 μάχων,
373 2723 559 2814 στρατηγόν
579 2729 616 2795 δὲ
635 2727 765 2796 τούτων
785 2724 921 2808 άπέδεξε
936 2728 1142 2813 Μεγαβάτην
1156 2723 1220 2793 άν·

220 2830 283 2910 δρα
298 2827 435 2908 Πέρσην
447 2832 515 2891 τῶν
526 2822 795 2911 Ἀχαιμενιδέων,
811 2827 938 2894 ἑωυτοῦ
951 2849 988 2891 τε
1003 2828 1059 2892 καί
1068 2830 1219 2910 Δαρείου
1293 2822 1294 2829 '

219 2918 376 3005 ἀνεψιόν,
391 2928 452 2987 τοῦ
463 2928 656 3009 Παυσανίης
667 2921 685 2991 ὁ
697 2922 933 3011 Κλεομβρότου
943 2921 1218 3008 Λακεδαιμόνιος,
1292 2916 1293 2919 '

219 3039 247 3087 ει
266 3016 305 3102 δή
330 3015 457 3106 ἀληθής
476 3022 519 3103 γέ
535 3021 603 3087 ἐστι
625 3019 644 3088 ὁ
665 3021 779 3108 λόγος,
806 3019 934 3110 ὑστέρῳ
953 3019 1064 3109 χρόνῳ
1089 3018 1219 3086 τούτων

217 3112 386 3202 ἡρμόσατο
395 3118 577 3203 θυγατέρα,
593 3122 699 3203 ἔρωτα
713 3116 802 3206 σχύν
815 3126 872 3206 τῆς
881 3116 1037 3195 Ἑλλάδος
1052 3115 1218 3200 τύραννος

217 3216 384 3299 γενέσθαι.
406 3210 567 3294 άποδέξας
578 3217 614 3283 δέ
624 3218 830 3305 Μεγαβάτην
840 3214 1027 3306 στρατηγόν
1037 3212 1219 3303 Ἀρταφέρ-

166 3323 199 3375 ολ
218 3334 280 3393 νης
293 3306 534 3378 άπέστειλετόν
544 3311 1116 3400 στρατδνπαράτὸνἈρισταγόρηυ.
1144 3318 1219 3377 Hu—
1277 3360 1283 3375 .

218 3403 375 3493 ραλαβάν
395 3408 432 3475 δὲ
452 3404 470 3476 ὁ
485 3412 687 3500 Μεγαβάτης
703 3416 739 3481 έιι
756 3421 813 3500 τῆς
827 3415 984 3502 Μιλήτου
1004 3411 1065 3481 τόν
1078 3436 1113 3479 τε
1130 3407 1220 3495 Ἀρι-
