2536 3934
297 262 386 318 ιιο.
414 262 435 320 1.
469 229 576 319 CAP(
600 265 773 323 ιοο-ιιο,
1000 255 1041 321 59

77 445 167 508 τηου,
190 418 292 510 ἄνδρα
324 419 456 509 οἰκήιον
480 425 535 491 καί
558 422 758 493 πιστότατόν
778 450 814 494 τι
828 427 962 514 Μηδων
984 422 1040 491 καὶ

74 519 176 589 πάντων
186 523 363 608 ἐπίτροπον
373 527 441 589 τῶν
452 524 589 608 ἑωυτοῦ,
601 523 697 608 ἔλεγέ
703 528 738 592 οί
746 521 1038 611 τοιάδεἍρπαγε,

72 628 174 707 κρηημα
186 619 221 690 τδ
242 619 286 690 άν
306 648 359 690 τοι
374 625 548 710 προσθέω,
568 619 704 709 μηδαμά
719 623 930 711 παραχρήσῃ,
955 621 1038 709 μηδέ

71 720 113 806 ίμέ
117 746 145 788 τε
159 720 331 809 παραβάλῃ
343 722 398 788 καί
412 717 534 799 άλλονς
545 719 702 805 ἑλόμενος
712 724 746 802 ἐξ
758 719 897 809 ὑστέρης
904 724 1038 808 σεωυτῷ

70 823 221 908 τεριπέσης.
249 819 334 907 λάβε
355 815 415 887 τὸν
431 818 601 904 Μανδάνη
620 823 710 887 ἔτεκε
730 822 850 905 παῖδα,
875 820 988 906 φέρων
1002 814 1038 882 δέ

70 919 235 997 ίςσεοοτοῦ
266 916 487 988 ἀπόκτεινον·
518 914 600 1005 μετά
627 919 663 986 δὲ
688 918 804 1001 θάψον
824 919 936 1009 τρόπω
956 914 1039 1007 ὅτεῳ

70 1013 144 1095 ου’τδς
156 1018 297 1105 βούλεαι.
337 1014 374 1085 ‘0
395 1018 431 1085 δὲ
445 1014 632 1104 άμείβεται·
660 1010 699 1084 Ὦ
713 1024 870 1105 βασιλεῦ,
886 1013 963 1086 οὔτε
977 1013 1039 1083 άλ-

70 1118 172 1184 λοτέκω
183 1118 336 1205 παρεῖδες
353 1112 450 1203 άνδρὶ
463 1120 546 1207 τῷδε
561 1113 658 1202 άχαρι
670 1112 780 1202 οὐδὲν,
796 1114 1038 1203 φυλασσόμεθα

36 1250 38 1285 ε
71 1212 129 1293 δλές
141 1215 172 1283 σέ
187 1220 240 1285 κοιλ
261 1218 294 1296 ἐς
310 1213 371 1284 τὸν
384 1216 572 1302 μετέπειτεν
585 1213 710 1301 χρόνον
720 1217 824 1302 μηδὲν
835 1217 1036 1302 ἐξαμαρτεῖν.

71 1305 121 1379 ἄλλ’
145 1323 173 1383 ελ
184 1340 233 1383 τοι
247 1322 351 1402 φίλον
371 1320 469 1382 τοῦτο
484 1311 574 1381 οὕτω
595 1319 766 1399 γίνεσθαι,
791 1309 852 1399 χρή
878 1308 919 1399 δή
938 1310 977 1379 τό
1000 1335 1038 1395 γε

70 1408 127 1493 ίμόν
145 1411 382 1501 ὑπηρετέεσθαι
402 1411 588 1499 ἐπιτηδέως.
641 1412 795 1480 Τούτοισι
812 1409 1037 1499 ἀμειψάμενος
1059 1439 1105 1492 109

70 1503 252 1598 ὁἍρκοηος,
280 1509 326 1591 ὥς
344 1515 379 1579 οί
396 1510 571 1598 παρεδόθη
585 1507 623 1578 τὸ
638 1515 774 1579 παιδίον
787 1509 1038 1598 κεκοσμημένον

71 1605 112 1693 τήν
124 1613 169 1678 ἐπὶ
182 1609 340 1698 θανάτῳ,
355 1606 407 1694 ήιε
421 1616 547 1677 κλαίων
567 1613 600 1689 ἐς
614 1607 775 1682 τοὶοίκία·
804 1607 986 1696 παρελθών
1001 1610 1037 1679 δέ

71 1709 157 1795 ἔφραζε
172 1716 210 1801 τή
221 1713 350 1781 ἑωυτοῦ
365 1710 570 1797 γυναικίτδν
579 1708 888 1796 πάνταἉστνάηεος
898 1708 1035 1799 [ήηθέν-
1106 1802 1109 1807 ¹

72 1805 106 1893 τε]
116 1810 209 1896 λόγον.
228 1811 248 1900 ἡ
262 1812 303 1881 δὲ
316 1810 400 1899 πρὸς
414 1808 520 1880 αάτὸν
529 1811 631 1897 λέγει’·
651 1817 730 1881 Νὗν
744 1803 792 1880 οἷν
805 1819 837 1879 τί
850 1831 901 1880 σοι
915 1814 952 1880 ἐν
965 1808 1035 1899 νόῳ

70 1906 115 1977 έστλ
125 1911 257 1995 ποιέειν;
274 1909 314 1980 ‘0
331 1912 367 1978 δὲ
381 1908 566 1997 ἀμείβεται·
584 1907 637 1979 Οὐ
653 1917 692 1999 τῇ
709 1908 1038 1982 ἐνετέλλετοἏστνά-

71 2030 123 2093 γης,
141 2008 208 2079 οὐδ’
230 2017 261 2080 εί
283 2007 541 2097 παραφρονήσει
552 2012 591 2076 ’τε
619 2012 674 2077 καὶ
690 2010 843 2093 μανέεται
863 2005 1037 2096 κάκιον,ή

74 2111 275 2197 νδνμνίνεται,
295 2107 338 2178 οὔ
353 2113 387 2176 οέ
399 2113 504 2194 ἔγωγε
518 2105 754 2194 προσθήσομαι
765 2115 804 2196 τῇ
816 2104 943 2197 γνάμη,
959 2103 1037 2175 οὐδέ

72 2203 93 2279 ἒς
106 2205 198 2291 φόνον
220 2215 377 2277 τοιοῦτον
400 2204 608 2294 ὑπηρετήσω.
642 2213 777 2275 πολλῶν
800 2204 837 2274 δέ
853 2210 982 2275 εἵνεκεν
996 2201 1038 2273 οὐ

72 2304 192 2383 φονεύσω
211 2335 290 2395 μιν,
315 2307 369 2374 καί
384 2304 436 2374 ὄτι
451 2302 541 2397 αὐτῷ
558 2329 616 2392 μοι
631 2303 796 2394 συγγενής
810 2309 878 2375 ἐστι
907 2303 925 2374 ὁ
949 2319 1036 2393 παῖς,
1116 2340 1119 2345 ·

71 2402 108 2470 αδ
126 2403 170 2474 ὅτι
184 2402 368 2492 Ἀστυάγης
389 2404 451 2491 μέν
474 2406 542 2474 ἐστι
564 2405 673 2493 γέρων
695 2409 750 2474 καὶ
776 2405 876 2486 ἄπαις
903 2411 1037 2496 ἔρσενος

71 2499 159 2583 γόνου·
178 2514 207 2578 εί
218 2508 256 2577 δέ
267 2505 422 2595 ἐθελήσει
436 2506 560 2575 τούτου
573 2506 830 2596 τελευτήσαντος
846 2511 879 2588 ές
894 2506 955 2596 τήν
969 2518 1037 2576 θυ-

71 2605 159 2691 ματέρα
174 2606 298 2694 ταύτην
319 2604 484 2694 ἀναβῆναι
499 2603 519 2693 ή
537 2610 706 2694 τυραννίς,
730 2614 788 2695 τής
805 2615 869 2675 νῦν
884 2604 944 2676 τὸν
961 2603 1038 2676 υίδν

70 2709 161 2773 κτείνει
183 2704 222 2776 δι’
247 2711 347 2795 ἐμεῦ,
373 2706 455 2776 άλλο
475 2733 508 2774 τι
527 2702 549 2826 ή
570 2713 623 2776 λεί
608 2713 717 2776 ίτιεται
734 2704 770 2775 τὸ
787 2709 949 2776 ἐνθεῦτεν
966 2708 1038 2793 ἐμοὶ

70 2801 241 2873 κινδυνων
227 2834 245 2875 ο
270 2806 441 2893 μέγιστος;
463 2801 547 2873 άλλα
568 2828 630 2872 του
615 2806 706 2891 μὲν
729 2802 941 2892 άσφαλέος“
910 2831 1038 2874 εινεκεν

67 2895 121 3009 ,έμολ
134 2904 181 2969 δεί
190 2909 312 2971 τοῦτον
323 2898 525 2971 τελευτάν
491 2928 552 2969 τον
566 2906 679 2988 παῖδα,
695 2903 797 2970 δεί’
754 2927 869 2988 μεντοι
883 2908 950 2971 τάν
961 2899 1036 2971 τινὰ

67 2985 287 3085 Ἀστυάγεος’
245 3007 352 3069 αυτοῦ
379 3002 486 3085 φονέα
512 3001 752 3086 γενέσθαικαὶ
779 2997 824 3088 μή
852 3028 920 3069 των
937 3004 1035 3087 ἐμων

73 3093 157 3162 Ταῦτα
171 3096 248 3186 εἶπε,
263 3095 376 3167 καθ’
334 3105 452 3166 αυτίκοι
447 3089 610 3219 άγμελον
625 3104 749 3185 ἔπεμπε
764 3101 816 3168 ἐπὶ
833 3107 900 3169 τῶν
913 3097 1039 3188 βουκο-
1054 3124 1105 3175 110

70 3192 119 3254 λον
135 3200 196 3261 τῶν
210 3192 399 3283 Ἀστυάγεω
422 3193 483 3264 τὸν
499 3194 657 3283 ήπίστατο
671 3196 776 3284 νομάς
801 3223 836 3266 τε
859 3202 1038 3284 ἐπιτηδεω·

71 3278 143 3366 τάιας
155 3292 292 3382 νέμοντα
308 3293 421 3363 καί”
379 3318 481 3382 ονρεα
496 3294 764 3383 θηριωδέστατα,
788 3322 833 3387 τω
850 3295 979 3381 οὕνομα
993 3288 1037 3380 ήν

72 3383 267 3513 Μιτραδάτης,
289 3396 444 3459 συνοίκεε
459 3392 529 3459 δέ
513 3414 639 3459 εωυτου
625 3362 836 3510 σμνδοάλή,
857 3390 986 3471 οὔνομα
1001 3390 1038 3451 δὲ

73 3481 267 3571 ῐθ’γνναικλ
245 3517 305 3582 ην,
330 3498 370 3583 τῇ
386 3496 556 3578 συνοίκεε,
582 3486 685 3560 Κυνω
701 3515 783 3558 κατα
799 3486 860 3573 τήν
868 3481 1038 3565 Ελλήνων
