2606 3930
344 252 429 310 ΗΒ.
460 251 507 307 IV.
540 248 638 309 GAP.
669 255 841 314 175—150.
1030 250 1090 316 371

92 406 205 501 ἑωυτῷ
219 412 339 479 δοῦναι
355 405 415 479 τόν
430 411 587 494 τρίποδα,
602 407 758 500 φάμενόν
769 431 830 499 σφι
840 411 969 483 καλτόν
982 412 1091 502 πόρον

92 509 199 588 δέξειν
219 509 274 579 καὶ
297 504 470 597 ἀπήμονας
490 504 711 577 ἀποστελέειν.
742 515 949 599 πειθομένου
970 513 1006 581 δέ
1029 519 1091 581 τοῦ

88 602 233 694 Ἰήσονος
247 604 336 677 οὕτω
351 603 391 695 δή
408 605 468 676 τόν
478 631 514 675 τε
526 607 703 675 διέκπλοον
713 614 780 677 τῶν
790 613 942 699 βραχέων
955 610 1091 679 δακνά

91 731 149 773 ναι
167 702 228 776 τόν
252 705 404 795 Τρίτωνά
429 723 509 793 σφι,
533 705 588 773 καὶ
609 701 671 772 τόν
691 711 831 793 τρίποδα
850 718 964 779 θεῖναι
985 710 1022 776 ἐν
1045 714 1091 798 τῷ
1221 774 1225 780 .

92 807 220 875 ἑωυτοῦ
240 809 304 897 ίρηί
316 804 578 876 ἐπιθεσπίσαντά
591 830 627 873 τε
638 811 693 897 ,τῷ
707 811 838 894 τρίποδι
856 811 910 877 καὶ
923 822 1009 877 τοῖσι
1026 805 1091 876 σύν

88 902 210 992 Ἰήσονι
224 902 418 994 σημήναντα
431 901 492 975 τὸν
506 903 615 973 πάντα
630 904 749 992 λόγον,
772 901 816 985 ὡς
830 904 933 975 ἐπεάν
946 902 1006 977 τόν
1019 913 1092 996 τρί-

91 1007 180 1072 ποδα
193 1010 366 1091 κομίσηται
380 1011 449 1075 τάν
462 1030 511 1083 τις
526 1002 676 1092 ἐκγόνων
689 1010 757 1072 τῶν
778 1006 815 1072 ἐν
828 1010 869 1094 τῇ
881 1001 995 1093 Ἀργοί
1005 1023 1092 1093 συμ-
1115 1093 1116 1096 ,
1223 1002 1225 1004 ’

91 1101 292 1191 πλωόντων,
314 1103 389 1173 τότε
410 1100 529 1173 ἑκατόν
559 1100 656 1182 πόλις
681 1108 814 1192 οίκῆσαι
836 1107 912 1193 περὶ
932 1100 994 1192 τήν
1011 1111 1092 1193 Τρι-

93 1205 216 1271 τωνίδα
231 1209 354 1292 λίμνην
367 1199 559 1292 Ἑλληνίδας
573 1208 683 1270 πάσαν
697 1200 783 1272 εἶναι
798 1199 959 1290 ἀνάγκην.
986 1209 1090 1272 ταῦτα

93 1298 301 1382 ἀκούσαντας
320 1302 400 1382 τούς
422 1305 617 1391 ἐπιχωρίους
636 1307 705 1370 τόν
723 1301 863 1391 Λιβύων
882 1300 1010 1390 κρύψαι
1029 1297 1090 1369 τόν

92 1403 240 1486 τρίποδα.
767 1411 769 1414 ‘

182 1496 321 1569 Τούτων
334 1496 370 1565 δέ
387 1502 517 1586 ἔχονται
532 1502 599 1566 τάν
613 1495 788 1585 Μαχλύων
801 1494 968 1579 Αάσέες.
996 1488 1090 1566 οὗτοι
1108 1517 1157 1572 180

94 1599 130 1668 δέ
151 1599 206 1667 καλ
226 1602 261 1667 οί
277 1597 436 1685 Μάχλυες
457 1599 551 1683 πέριξ
567 1593 629 1684 τήν
653 1602 836 1684 Τριτωνίδα
858 1603 980 1687 λίμνην
1001 1601 1090 1669 οίκέ-

93 1715 188 1782 ονσι,
214 1693 252 1764 τό
273 1698 376 1783 μέσον
400 1697 439 1765 δέ
457 1711 519 1780 σφι
538 1691 660 1782 οὐρίζει
680 1692 699 1763 ό
719 1701 857 1786 Τρίτων.
890 1698 945 1766 καί
970 1701 1007 1789 οί
1027 1697 1090 1782 μέν

93 1795 252 1881 Μάχλυες
267 1792 308 1864 τά
322 1791 428 1866 ὀπίσω
442 1795 601 1881 κομέουσι
613 1801 672 1883 τῆς
686 1801 849 1883 κεφαλῆς,
864 1800 900 1864 οί
912 1797 948 1865 δέ
963 1792 1090 1874 Αὐσέες

91 1889 131 1963 τά
148 1899 327 1983 ἔμπροσθε.
341 1890 432 1983 όρτῇ
453 1894 490 1962 δέ
505 1894 663 1981 ένιαυσίη
672 1889 851 1979 Ἀθηναίης
870 1896 907 1960 αί
923 1894 1088 1980 παρθένοι

92 1992 206 2064 αὐτῶν
225 1997 299 2082 δίχα
315 1998 489 2077 διαστᾶσαι
511 1991 673 2080 μάχονται
693 1988 778 2080 πρὸς
801 1986 945 2079 ἀλλήλας
964 1995 1094 2060 λίθοισί

92 2120 127 2165 τε
149 2093 205 2162 καλ
227 2093 372 2180 ξύλοισι,
392 2099 433 2182 τῇ
453 2089 622 2180 αάτιγενέί
638 2096 710 2183 θεῷ
728 2090 886 2177 λέγουσαι
905 2086 946 2157 τά
966 2088 1089 2175 πάτρια

92 2188 301 2278 ἀποτελέειν,
320 2187 382 2279 τήν
397 2187 582 2279 Ἀθηναίην
600 2190 772 2275 καλέομεν.
805 2183 864 2267 τάς
884 2187 920 2257 δὲ
937 2184 1093 2273 ἀποθνη-

92 2290 239 2370 σκούσας
251 2297 319 2358 τόν
331 2290 515 2379 παρθένων
528 2290 565 2356 ἐκ
580 2294 648 2357 τῶν
658 2285 841 2376 τρωμάτων
855 2287 1091 2374 ψευδοπαρθέ-

92 2415 175 2470 νους
200 2390 366 2459 καλέουσι.
398 2389 480 2478 πρὶν
502 2382 534 2454 δ’
560 2383 689 2457 ἀνείναι
705 2381 808 2473 αύτάς
827 2383 993 2472 μάχεσθαι
1012 2382 1092 2451 τάδε

94 2495 242 2560 ποιεῦσι·
264 2495 362 2578 κοινῇ
376 2489 551 2577 παρθένον
564 2482 627 2574 τήν
640 2481 924 2557 καλλιστεύουσαν
936 2481 1092 2553 ’ἑκάστοτε

93 2587 319 2676 κοσμήσαντες
328 2591 434 2676 κυνέη
444 2612 480 2654 τε
490 2591 659 2676 Κορινθίη
674 2585 729 2653 καὶ
742 2579 1092 2672 πανοπλίηἘλληνικῇ

94 2691 150 2759 καὶ
178 2684 229 2755 ἐπ’
256 2683 345 2773 ἅρμα
370 2683 635 2774 ἀναβιβάσαντες
659 2682 857 2770 περιάγουσι
883 2677 946 2767 τήν
971 2684 1093 2766 λίμνην

95 2786 218 2874 κύκλφ.
251 2779 373 2859 ὁτέοισι
395 2784 431 2853 δὲ
452 2780 614 2863 τδπάλαι
634 2780 795 2867 ἐκόσμεον
820 2773 879 2857 τάς
900 2778 1092 2865 παρθένους

94 2881 211 2973 πρλνή
224 2902 285 2970 σφι
291 2880 452 2973 Ἕλληνας
463 2889 744 2974 παροικισθῆναι,
759 2875 822 2950 οὐκ
836 2882 899 2966 ἐχω
917 2874 1015 2966 εἶπαι,
1034 2881 1093 2946 δο-

93 2990 159 3057 κέω
174 2983 207 3055 δ’
226 2977 276 3054 ἀν
289 2991 502 3072 Αἰγυπτίοισι
516 2984 649 3057 ὅπλοισι
664 2982 866 3069 κοσμέεσθαι
882 2973 1001 3058 αὐτάς·
1024 2974 1090 3047 ἀπὸ

92 3084 157 3174 γάρ
172 3083 350 3171 Αἰγύπτου
363 3084 418 3152 καλ
430 3080 493 3171 τήν
507 3079 630 3157 ἀσπίδα
646 3082 701 3150 καί
715 3075 752 3150 τό
768 3076 892 3167 κράνος
913 3076 998 3165 φημδ
1014 3073 1092 3146 ἀπί-

93 3195 133 3269 χθ
139 3211 172 3255 αι
193 3186 227 3264 ές
241 3180 321 3263 τούς
336 3180 505 3269 Ἕλληνας.
532 3177 595 3267 τήν
615 3179 651 3248 δέ
667 3175 850 3266 Ἀθηναίην
871 3177 953 3264 φασδ
969 3181 1092 3243 Ποσει-

94 3278 217 3363 δέωνος
231 3280 319 3351 εἶναι
329 3285 502 3368 θυγατέρα
516 3282 571 3348 καί
590 3287 648 3368 τῆς
666 3280 867 3367 Τριτωνίδος
881 3280 1016 3362 λίμνης,
1038 3278 1097 3341 καί

95 3406 158 3466 μινι
168 3378 382 3467 μεμφθεῖσάν
395 3406 426 3448 τι
441 3384 487 3471 τῷ
501 3381 600 3468 πατρλ
614 3383 734 3447 δοῦναι
746 3371 874 3462 ἑωυτήν
884 3378 929 3463 τῷ
941 3369 1017 3456 Διί,
1033 3364 1094 3435 τόν

94 3477 131 3561 ,δέ
154 3484 222 3552 Δία
242 3481 369 3559 ἑαυτοῦ
388 3504 448 3583 μιν
468 3477 673 3566 ποιήσασθαι
693 3476 873 3591 θυγατέρα.
896 3468 1011 3621 {afta
1029 3462 1093 3576 μέγ
