2606 3920
340 253 427 312 mn.
461 254 520 310 vu.
554 251 653 311 cAP.
688 257 865 314 ατε-ωε.
1044 248 1105 316 21⁷

1 477 3 504 ᾗ
103 419 198 500 ἔχειν.
209 417 347 503 μένοντι
358 411 395 480 δὲ
406 407 511 478 αὐτοῦ
522 411 618 489 κλέος
627 411 712 497 μίγα
723 411 880 497 ἐλείπετο,
891 410 1106 502 καλήΣπάρ·

1 513 2 594 }
101 508 159 596 τής
179 505 373 597 εὐδαιμονίη
388 505 451 577 οὐκ
466 511 665 594 ἐξηλείφετο.
692 508 868 594 ἐκέχρηστο
882 506 947 595 γάρ
964 507 1031 578 ὑπὸ
1048 518 1107 598 τῆς

101 615 235 696 Πυθίης
245 622 331 677 τοῖσι
340 605 571 695 Σπαρτιήτησι
581 623 790 693 χρεομενοισι
801 607 877 692 περὶ
887 612 948 674 τοῦ
958 607 1106 692 πολέμου

1 707 3 788 γ
101 708 224 775 τούτου
238 703 357 775 αὐτίκα
374 700 448 772 κατ’
466 701 569 789 ἀρχάς
583 704 815 799 ἐγειρομένου,
835 698 858 790 ή
872 708 1105 790 Λακεδαίμονα

1 833 2 858 1
101 802 290 874 ἀνάστατον
305 808 465 893 γενέσθαι
480 800 546 873 ὑπό
563 810 630 872 τῶν
645 804 842 892 βαρβάρων,
859 799 881 891 ἢ
895 801 1105 892 τὸνβασιλέα

103 907 217 990 σφέων
229 900 423 973 ἀπολέσθαι.
440 909 544 979 ταῦτα
555 906 594 970 δέ
602 921 663 988 σφι
674 904 711 969 ἐν
723 906 814 983 ἔπεσι
829 903 1032 991 ἑξαμέτροισι
1041 909 1104 992 χρᾷ

103 1008 220 1089 ἔχοντα
236 995 316 1085 ὦδε·

138 1098 232 1188 Ὑμῖν
247 1098 297 1185 δ’,
315 1094 342 1169 ἀ
356 1101 515 1188 Σπάρτης
529 1101 700 1188 οἰκήτορες
716 1099 925 1189 εὐρυχόροιο,

143 1195 285 1287 Ἧμέγα
301 1197 385 1268 ἀστυ
402 1201 552 1288 ἐρικυδὲς
567 1194 626 1267 ὑπ’
643 1195 787 1285 ἀνδράσι
800 1206 1001 1291 Περσείδησι

142 1302 321 1391 Πέρδεται,
339 1293 407 1384 ήτό
419 1300 482 1386 μὲν
493 1293 579 1383 οάιιί,
590 1293 650 1383 ἀφ’
663 1294 843 1383 Ἡρακλέος
855 1300 891 1367 δὲ
902 1303 1064 1387 γενέθλης

142 1390 314 1485 Πενθήοετ
329 1403 449 1484 βασιλῆ
464 1403 634 1483 φθίμενον
647 1398 898 1482 Λακεδαίμονος
912 1391 1021 1484 οὖρος.

145 1492 197 1565 Οὐ
210 1492 277 1581 γάρ
293 1491 353 1562 τδν
367 1494 503 1581 ταύρων
518 1494 631 1581 σχήσει
645 1497 745 1581 μίνος
761 1490 841 1563 οὐδὲ
855 1496 1004 1566 λεόντων

9 1614 13 1625 ·
140 1592 323 1682 Ἀντιβίην·
343 1591 452 1679 Ζηνός
465 1590 530 1681 γάρ
546 1598 611 1679 ἔχει
625 1594 741 1679 μένος·
765 1588 847 1661 οόδέ
859 1595 881 1661 ἕ
891 1619 977 1681 φημι

4 1754 8 1763 .
141 1693 352 1781 Σχήσεσδαι,
369 1694 449 1780 πρὶν
463 1687 565 1760 τῶνδ’
583 1692 698 1777 ἕτερον
714 1686 771 1761 διά
786 1689 895 1759 πάντα
910 1691 1058 1780 δάσηται.

4 1822 5 1865 1
103 1791 215 1859 Ταῦτά
235 1816 270 1858 τε
288 1787 328 1875 δή
349 1789 587 1875 ἐπιλεγόμενον
601 1792 793 1874 Λεωνίδην,
817 1792 872 1857 καὶ
892 1790 1103 1877 βουλόμενον

2 1882 6 1893 ¹
100 1891 194 1966 κλέος
202 1888 411 1955 καταθέσθαι
421 1885 815 1971 μοάνωνΣπαρτιητέων,
823 1883 1015 1973 ἀποπέμψαι
1024 1885 1103 1967 τοὺς

1 1975 12 2004 ³
100 1985 294 2072 συμμάχους
299 1978 459 2071 μάλλονή
470 1981 587 2069 γνώμη
599 1982 843 2066 διενειχθέντας
851 1979 941 2050 οὕτω
948 1981 1103 2071 ἀκόσμως

2 2138 5 2150 .
101 2094 252 2170 οίχεσδαι
268 2079 347 2162 τούς
364 2083 565 2169 οίχομένους.
604 2077 807 2166 Μαρτάριον
825 2083 864 2147 δέ
879 2106 937 2168 μοι
955 2086 1009 2152 καί
1026 2083 1102 2153 τόδε
1118 2105 1168 2158 221

100 2178 163 2250 οὐκ
178 2178 350 2267 ἐλάχιστον
362 2178 487 2248 τοότον
500 2182 576 2265 πέρι
590 2181 709 2265 γέγονε
717 2201 728 2225 ·=
749 2175 790 2245 οὐ
804 2175 870 2266 γάρ
884 2186 1014 2267 μοῦνον
1024 2178 1103 2261 τους

99 2280 233 2367 ἀλλους,
244 2275 328 2349 ἀλλά
341 2282 396 2348 καί
406 2276 467 2348 τόν
478 2277 610 2364 μάντιν,
622 2274 658 2356 ὃς
669 2279 778 2345 εἵπετο
790 2285 830 2367 τῇ
841 2285 977 2369 στρατιῇ
986 2280 1102 2369 ταύτη,

99 2384 287 2467 Μεγιστίην
296 2375 358 2447 τόν
370 2375 575 2466 Ἀκαρνῆνα,
591 2374 775 2463 λεγόμενον
785 2373 871 2446 εἶναι
882 2374 923 2446 τά
934 2374 1103 2447 ἀνέκαθεν

3 2516 24 2565 5
99 2476 163 2547 ἀπό
182 2478 423 2565 Μελάμποδος,
444 2484 566 2546 τοῦτον
582 2472 642 2544 τόν
659 2485 797 2544 εἴπαντα
818 2479 854 2546 έκ
874 2485 944 2546 τῶν
964 2484 1048 2567 ίρῶν
1061 2476 1101 2548 τά

98 2575 261 2663 μέλλοντά
272 2594 334 2661 σφι
345 2577 522 2663 ἐκβαίνειν,
535 2574 682 2667 φανερός
693 2576 762 2643 έστι
772 2581 942 2663 Λεωνίδης
953 2575 1103 2665 ἀποπίμ-

5 2746 6 2749 ,
99 2699 190 2759 πων,
207 2674 265 2738 ἵνα
275 2669 319 2758 μή
335 2672 567 2759 συναπόληταί
578 2691 647 2758 σφι.
672 2669 741 2740 ὅδὲ
751 2669 1031 2762 ἀποπεμπόμενος
1041 2674 1104 2745 αό-

13 2814 17 2831 ·
99 2771 154 2850 τὸς
168 2771 230 2857 μὲν
245 2766 309 2838 οὐκ
321 2766 527 2857 ἀπελείπετο,
542 2767 602 2837 τόν
617 2768 653 2837 δέ
664 2775 767 2837 παῖδα
781 2774 1103 2861 συστρατευόμενον,

99 2871 196 2942 ἐόντα
214 2874 248 2938 οί
259 2873 485 2957 μουνογενέα,
506 2866 687 2955 ἀπέπεμψε.
726 2872 771 2937 Ol
781 2870 845 2955 μέν
858 2894 925 2938 ννν
938 2873 1104 2960 σύμμαχοι
1120 2888 1172 2942 m

11 2984 14 3045 3
99 2973 133 3037 οί
154 2964 429 3053 ἀποπεμπόμενοι
454 2966 587 3057 οίχοντό
612 2962 648 3036 τε
674 2963 827 3053 ἀπιόντες
846 2970 903 3037 καί
928 2971 1104 3040 ἐπείθοντο

11 3058 14 3077 ”
97 3068 427 3154 Λεωνίδη,Θεσπιεές
438 3066 475 3134 δὲ
485 3068 689 3153 καὶΘηβαίοι
699 3069 896 3152 κατέμειναν
905 3075 1027 3153 μοῦνοι
1039 3092 1106 3137 πα-

7 3188 16 3249 f
98 3162 140 3248 ρά
161 3168 464 3253 Λακεδαιμονίοισι.
495 3164 627 3233 τούτων
647 3163 684 3233 δδ
702 3171 844 3253 Θηβαῖοι
863 3165 926 3252 μὲν
949 3163 1104 3247 ἀέκοντες

98 3268 218 3348 έμενον
232 3262 287 3331 καί
301 3258 344 3330 οά
353 3262 559 3350 βουλόμενοι
574 3271 717 3351 (κατεῖχε
731 3261 796 3350 γάρ
812 3282 918 3350 σφεας
932 3268 1104 3351 Λεωνίδης

97 3362 134 3425 ἐν
151 3355 290 3446 ὁμήρων
308 3360 398 3451 λόγφ
418 3356 647 3447 ποιεόμενος),
669 3362 825 3439 ’Θεσπιέες
840 3361 877 3429 δὲ
891 3359 1023 3440 ἑκόντες
1036 3361 1103 3448 μά-

101 3466 208 3541 λιστα,
231 3464 265 3527 οἳ
283 3455 345 3528 οὐκ
365 3465 496 3547 ἔφασαν
516 3457 737 3538 ἀπολιπόντες
756 3463 932 3545 Λεωνίδην
951 3461 1007 3527 καλ
1023 3455 1104 3537 τοδς
