2618 3928
384 243 468 299 LIB.
500 243 556 299 Vll.
593 244 691 302 CAP.
726 251 866 307 30-36.
1070 247 1130 310 141

5 468 7 503 i
121 398 315 469 Ἐλαιοῦντα
329 397 546 486 ἀγινεόμενος
559 415 721 486 γυναῖκας
735 399 877 489 ἀθέμιτα
888 412 969 495 ἔργα
984 411 1128 496 έρδεσκε.

5 550 7 589 3
122 496 173 577 Ἐς
186 496 312 584 ταύτην
329 490 378 566 ἀν
392 495 454 586 τὴν
470 495 575 584 ἀκτὴν
588 501 622 580 ἐξ
632 496 776 586 Ἀβύδου
790 498 988 590 ὁρμεόμενοι
1005 509 1129 594 ἐγεφύ-
1143 519 1178 572 34

5 626 7 667 ι
125 621 210 682 ρουν
221 609 307 664 τοῖσι
317 599 526 682 προσεκέετο,
539 594 601 683 τὴν
612 596 675 683 μέν
685 605 883 669 λευκολίνου
891 610 1055 690 Φοίνικες,
1066 602 1128 691 τὴν

5 750 7 769 ι
123 695 156 764 δ’
175 699 291 783 ἑτέρην
306 694 369 784 τὴν
383 702 549 789 βυβλίνην
563 697 750 783 Αἰγύπτιοι.
776 705 844 769 ἐστι
859 701 896 770 δέ
906 701 987 771 έπτά
998 703 1128 772 στάδιοι

5 822 7 873 3
124 796 158 873 ἐξ
171 792 316 883 Ἀβύδου
330 798 364 875 ἐς
379 793 442 881 τὴν
454 792 626 864 ἀπαντίον.
649 800 705 865 καί
715 794 756 885 δη
773 801 971 887 ἐζευγμένον
987 807 1049 869 τοῦ
1063 800 1127 868 πό-

5 916 7 935 ·
123 917 187 979 ρον
199 892 433 979 ἐπιγενόμενος
442 891 567 980 χειμὼν
577 893 678 980 μέγας
689 893 858 978 συνέκοψέ
867 922 903 965 τε
918 900 1028 967 ἐκείνω
1039 899 1128 966 πύν·

123 1014 163 1055 τα
173 991 229 1056 καλ
240 989 379 1064 διέλυσε.
407 989 466 1070 Ὡς
476 985 509 1058 δ’
525 990 669 1059 ἐπύθετο
678 991 812 1080 Ξέρξης,
824 991 916 1063 δεινὰ
928 995 1126 1082 ποιεύμενος
1140 1008 1175 1063 35

123 1085 183 1154 τόν
191 1084 436 1175 Ἑλλήσποντον
443 1087 597 1157 ἐκέλευσε
607 1096 797 1174 τριηκοσίας
807 1091 982 1163 ἐπικέσθαι
993 1093 1127 1181 μάστιγι

123 1181 251 1270 πληγὰς
265 1187 319 1253 καί
333 1199 481 1255 κατεῖναι
498 1189 532 1265 ἐς
551 1182 588 1254 τό
610 1184 753 1271 πέλαγος
766 1188 897 1256 πεδέων
913 1196 1035 1278 ζεῦγος.
1064 1188 1126 1279 ἤδη

123 1282 160 1351 δὲ
174 1280 319 1368 ἤκουσα,
338 1282 382 1363 ὡς
397 1287 452 1355 καλ
466 1284 597 1372 στιγέας
613 1282 681 1370 ἅμα
700 1285 846 1355 τούτοισι
864 1285 1037 1377 ἀπέπεμψε
1057 1297 1127 1358 στί-

123 1389 240 1460 ξοντας
253 1376 313 1447 τὸν
320 1379 573 1469 Ἑλλήσποντον.
603 1383 788 1452 ἐνετέλλετο
804 1380 844 1471 δὴ
863 1378 912 1452 όν
930 1389 1126 1474 ῥαπίζοντας

122 1486 233 1564 λέγειν
247 1478 402 1567 βάρραρά
417 1506 452 1549 τε
467 1482 522 1548 καὶ
537 1477 729 1551 ἀτάσθαλα·
752 1473 792 1547 Ὠ
808 1479 931 1569 πικρόν
942 1483 1052 1571 ὕδωρ,
1070 1489 1126 1550 δε·

123 1578 247 1663 σπότης
260 1603 311 1646 τοι
326 1583 424 1666 δίκην
438 1583 583 1649 έπιτιθεί
589 1578 706 1664 τήνδε,
721 1575 773 1646 ότι
783 1604 843 1665 μιν
852 1576 1011 1668 ἠδίκησας
1025 1579 1125 1650 οὐδὲν

121 1674 205 1761 πρὸς
226 1680 357 1746 ἐκείνου
378 1676 498 1747 ἄδικον
512 1677 636 1746 παθόν.
675 1677 741 1745 Καὶ
755 1676 912 1765 βασιλεύς
925 1679 988 1767 μὲν
1003 1681 1125 1766 Ξέρξης

5 1852 6 1873 ρ
122 1776 315 1863 διαβήσεταί
328 1796 382 1862 σε,
399 1774 443 1864 ἦν
457 1803 492 1845 τε
505 1778 549 1844 σύ
563 1803 602 1864 γε
615 1774 722 1864 βούλη
735 1772 827 1863 ἤντε
840 1777 902 1865 μή·
924 1779 975 1845 σοὶ
991 1778 1027 1844 δέ
1041 1777 1124 1844 κατὰ

122 1880 218 1960 δίκην
230 1872 296 1961 ἀρα
309 1871 419 1954 ούδελς
429 1873 624 1964 ἀνθρώπων
631 1875 717 1944 θύει
731 1870 776 1953 ὡς
786 1873 876 1943 έόντι
883 1882 1014 1965 θολερῷ
1025 1901 1061 1943 τε
1071 1879 1126 1951 καὶ

121 1973 260 2064 ἁλμυρῷ
277 1980 423 2065 ποταμῷ.
461 1977 531 2064 Τήν
547 2002 586 2058 τε,
603 1973 643 2063 δη
658 1975 836 2044 θάλασσαν
847 1977 1030 2043 ἐνετέλλετο
1046 1975 1126 2042 τού-

5 2062 7 2163 Ξ
121 2095 208 2145 λοισι
224 2079 375 2160 ζημιοῦν,
389 2077 443 2143 καί
457 2083 524 2149 τῶν
535 2075 748 2144 ἐπεστεώτων
761 2081 801 2164 τῇ
813 2074 900 2156 ζεύξι
915 2080 976 2141 τοῦ
987 2070 1125 2160 Ἑλλησ-

5 2192 7 2197 ’
120 2174 249 2244 πόντου
264 2170 685 2260 ἀποταμετντάςκεφαλύς.
717 2174 783 2240 Καὶ
794 2176 827 2240 οί
842 2171 904 2257 μέν
917 2178 1021 2240 ταῦτα
1032 2173 1124 2239 έποί-
1137 2191 1173 2248 36

120 2299 195 2359 εον,
210 2285 296 2340 τοῖσι
311 2277 507 2356 προσεκέετο
523 2269 608 2358 αὕτη
622 2268 643 2358 ἡ
661 2269 775 2357 ἀχαρις
789 2266 883 2356 τιμὴ,
904 2266 962 2349 τὰς
977 2267 1014 2336 δὲ
1029 2266 1124 2338 ἀλλοι

5 2428 6 2431 ¹
120 2368 345 2457 ἀρχιτέκτονες
362 2370 581 2457 ἐζεύγνυσαν·
612 2367 815 2454 ἐζεύγνυσαν
837 2365 873 2434 δέ
893 2359 974 2434 ύδε·
1001 2389 1124 2452 πεντη-

119 2471 297 2554 κοντέρους
307 2471 363 2537 καὶ
373 2468 528 2557 τριήρεας
539 2467 732 2551 συνθέντες,
742 2462 810 2533 ὑπὸ
823 2466 885 2552 μὲν
895 2461 958 2551 τὴν
968 2458 1052 2552 πρός
1061 2470 1122 2532 τοῦ

119 2563 282 2645 Εὐξείνου
288 2565 424 2633 Πόντου
435 2563 594 2653 ἐξήκοντά
608 2589 643 2631 τε
654 2564 710 2641 καὶ
720 2567 920 2648 τριηκοσίας,
933 2558 1000 2629 ὑπό
1015 2561 1050 2628 δὲ
1060 2558 1123 2647 τὴν

119 2665 235 2747 έτέρην
249 2667 541 2750 τεσσερεσκαίδεκα
552 2664 608 2730 καλ
621 2666 828 2748 τριηκοσίας,
842 2664 903 2727 τοῦ
914 2656 976 2745 μέν
986 2657 1122 2726 Πόντου

119 2760 322 2843 ἐπικαρσίας,
337 2765 398 2825 τοῦ
412 2760 449 2833 δέ
460 2756 707 2846 Ἑλλησπόντου
721 2754 804 2825 κατά
815 2755 908 2845 ῥόον,
922 2758 979 2822 ἵνα
990 2752 1123 2824 ἀνακω-

117 2855 200 2943 χεύη
213 2852 274 2922 τὸν
288 2854 389 2922 τόνον
403 2861 471 2924 τόν
485 2855 618 2942 ὅπλων,
635 2859 818 2935 συνθέντες
830 2854 866 2922 δέ
877 2850 1027 2941 ἀγκύρας
1041 2880 1122 2922 κατ-

5 3008 7 3049 ,
116 2961 204 3040 ἧκαν
218 2951 434 3039 περιμήκεας,
455 2952 515 3033 τὰς
533 2954 596 3039 μὲν
611 2951 695 3041 πρὸς
710 2960 772 3022 τοῦ
785 2952 921 3021 Πόντου
941 2958 999 3039 τῆς
1012 2953 1122 3039 ἑτέρης

5 3068 14 3140 ς
116 3060 185 3120 τῶν
195 3048 330 3136 ἀνέμων
340 3053 469 3121 εἵνεκεν
478 3058 547 3120 τόν
558 3058 689 3120 ἔσωθεν
699 3050 920 3138 ἐκπνεόντων,
934 3056 992 3137 τῆς
1005 3051 1041 3118 δὲ
1052 3051 1121 3118 έτέ-

115 3175 177 3238 ρης
198 3156 256 3236 τῆς
270 3145 355 3236 πρὸς
368 3150 507 3237 ἑσπέρης
522 3176 558 3220 τε
578 3154 633 3220 καλ
653 3157 714 3220 τοῦ
727 3155 871 3238 Αίγαίου
893 3148 996 3237 εύρου
1015 3150 1120 3216 τεκαὶ

115 3246 219 3316 νότου
233 3247 379 3333 εἵνεκεν,
401 3250 579 3317 διέκπλοον
595 3249 631 3317 δέ
647 3247 844 3334 ὑπόφαυσιν
858 3250 1035 3317 κατέλιπον
1051 3252 1119 3314 τόν

116 3344 389 3431 πεντηκοντέρων
399 3345 455 3412 καὶ
466 3349 631 3432 τριηρέων
640 3354 767 3435 τριγού,
779 3350 836 3414 ἵνα
847 3351 902 3415 καί
913 3348 946 3433 ἐς
955 3344 1016 3413 τόν
1025 3345 1119 3413 Πόν-

116 3464 175 3505 τον
186 3445 242 3527 ἔχη
253 3438 271 3508 ὁ
281 3441 488 3528 βουλόμενος
498 3444 623 3512 πλώειν
632 3452 776 3513 πλοίοισι
788 3452 935 3524 λεπτοῖσι
946 3445 1001 3510 καὶ
1012 3445 1048 3510 ἐκ
1058 3449 1119 3510 τοῦ
