2622 3928
372 242 460 296 LlB.
492 242 527 294 V.
563 240 661 297 cAP.
695 244 836 302 67—72.
1065 242 1106 302 33

99 395 233 483 ἐξέβαλε
259 401 466 468 Κλεισθένεα
493 401 549 466 καί
575 394 646 483 μετ’
680 396 785 467 αὐτοῦ
813 399 935 481 ἀλλους
960 399 1106 482 πολλοὺς

97 489 302 583 Ἀθηναίων,
323 495 404 576 τούς
424 499 561 582 ἐναγέας
581 498 751 582 ἐπιλέγων.
785 505 889 567 ταῦτα
911 500 948 566 δὲ
967 499 1106 585 πέμπων

100 596 193 678 ἔλεγε
207 597 243 663 ἐκ
261 599 395 683 όιάαχής
410 602 470 663 τοῦ
482 591 673 681 Ἰσαγόρεω·
697 601 730 664 οί
738 600 801 682 μὲν
811 594 876 682 γάρ
888 593 1106 682 Ἀλκμαιωνί-

100 697 156 760 θαι
176 697 231 763 καί
254 700 288 764 ολ
300 701 523 766 συστασιῶται
545 691 659 763 αὐτῶν
681 693 769 782 είχον
790 703 899 782 αίτίην
917 704 978 766 τού
994 698 1106 784 φόνου

100 791 240 880 τούτου,
261 791 363 872 αὐτὸς
378 794 414 862 δέ
432 789 474 862 ού
488 806 631 881 μετεῖχε,
655 791 729 861 οὐδ’
751 799 785 862 ολ
798 801 890 881 φίλοι
905 792 1019 864 αὐτοῦ.
1065 799 1109 863 Oi
1121 809 1154 864 71

101 891 133 966 δ’
155 897 287 981 ἐναγέες
303 893 494 982 Ἀθηναίων
518 886 583 962 ύόε
605 891 887 982 ούυομάσθησαν·
918 889 963 983 ἦν
983 895 1107 964 Κύλων

101 997 168 1058 τῶν
186 990 374 1079 Ἀθηναίων
394 991 481 1081 ἀνήρ
498 991 762 1080 Ὀλυμπιονίκης.
796 986 894 1073 οὗτος
912 996 965 1062 ἐπὶ
981 1019 1107 1080 τυραν-

102 1093 169 1158 νίάι
189 1089 347 1179 ἐκόμησε,
370 1092 683 1180 προσποιησάμενος
703 1091 740 1158 δέ
759 1093 929 1179 έταιρηληυ
944 1099 1013 1162 τῶν
1032 1089 1107 1178 ήλι-

103 1189 252 1256 κιωτέων
274 1198 474 1279 καταλαβεῖν
494 1189 557 1278 τήν
576 1187 762 1279 ἀκρόπολιν
781 1192 961 1278 ἐπειρήθη,
983 1189 1025 1259 ού
1046 1194 1109 1257 ἀυ-

105 1285 248 1372 νάμενος
259 1288 295 1355 δέ
306 1291 520 1377 ἐπικρατῆσαι
531 1290 639 1375 ἱκέτης
649 1291 733 1370 ἵζετο
748 1285 1007 1375 πρόςτάγαλμα.
1026 1287 1107 1356 τού-

104 1406 183 1461 τους
205 1380 357 1453 ἀνιστᾶσι
392 1386 455 1473 μέν
479 1392 513 1456 ολ
533 1385 715 1473 πρυτάνιες
735 1393 803 1453 τῶν
826 1387 1047 1474 ναυκράρων,
1074 1387 1110 1452 οἵ

103 1505 166 1567 περ
182 1485 302 1567 ἔνεμον
322 1483 398 1552 τότε
416 1481 475 1564 τάς
492 1482 654 1570 Ἀθήνας,
677 1481 870 1568 ὑπεγγύους
890 1481 979 1570 πλήν
994 1481 1107 1550 θανά-

106 1605 175 1666 του,
191 1574 355 1667 φονέύσαι
366 1582 403 1652 δέ
414 1581 537 1662 αύτούς
547 1589 634 1669 αἰτίη
646 1579 986 1669 έχειἈλκμαιωνίβας.
1003 1591 1107 1651 ταῦτα

103 1677 168 1766 πρὸ
183 1687 241 1772 τῆς
254 1684 499 1770 Πεισιστράτου
513 1680 651 1774 ἡλικίης,
662 1683 801 1768 ἐγένετο.
948 1726 952 1731 =

186 1779 377 1866 Κλεομένης
393 1783 430 1848 δέ
451 1777 496 1859 ὡς
516 1782 655 1867 πέμπων
675 1781 808 1866 ἐξέβαλε
824 1782 1031 1847 Κλεισθένεα
1052 1781 1107 1847 καὶ
1121 1790 1156 1845 ⁷2

104 1877 182 1959 τούς
206 1881 359 1966 ἐναγέας,
382 1885 590 1967 Κλεισθένης
617 1875 679 1966 μέν
704 1875 805 1956 αύτός
825 1875 997 1964 ὑπεξέσχε,
1025 1875 1106 1965 μετά

104 1978 141 2045 δέ
161 1974 262 2045 οὐδὲν
276 1978 376 2045 ἕσσον
392 1986 511 2067 παρῆν,
524 1982 557 2060 ἐς
575 1976 636 2059 τάς
653 1974 799 2064 Ἀθήνας
815 1972 833 2045 ὁ
854 1976 1045 2062 Κλεομένης
1066 1971 1108 2042 ού

107 2073 171 2145 σύν
191 2075 318 2164 μεγάλη
339 2080 440 2163 χειρὶ,
461 2075 663 2166 ἀπικόμενος
683 2075 720 2144 ἀὲ
742 2072 914 2161 ἀγηλατέει
929 2072 1108 2142 ἑπτακόσια

68 2171 73 2175 ’
106 2177 234 2243 ἐπίστια
244 2170 448 2262 Ἀθηναίων,
463 2175 505 2244 τά
520 2180 554 2243 ολ
563 2173 708 2243 ὑπέθετο
721 2170 739 2242 ὁ
753 2171 930 2259 Ἰσαγόρης.
954 2177 1057 2238 ταῦτα
1072 2171 1108 2236 δὲ

104 2273 245 2359 ποιήσας
260 2275 400 2362 δεύτερα
413 2272 475 2362 τήν
489 2271 618 2363 βουλήν
636 2270 815 2342 καταλύειν
830 2273 999 2355 ἐπειρᾶτο,
1014 2292 1109 2353 τριη-

104 2384 245 2444 κοσίοισι
263 2375 300 2443 δὲ
319 2388 404 2445 τοῖσι
422 2373 597 2463 Ἰσαγόρεω
617 2370 816 2460 στασιύτησι
834 2368 892 2447 τάς
913 2364 1015 2456 ἀρχὰς
1035 2369 1109 2435 ἐυε-

104 2479 228 2561 χείριζε.
250 2470 504 2560 ἀντισταθείσης
518 2472 555 2540 δέ
569 2478 627 2558 τῆς
641 2475 766 2557 βουλής
779 2468 835 2535 καί
846 2463 888 2533 ού
901 2467 1108 2553 βουλομένης

104 2576 286 2639 πείθεσθαι
307 2567 376 2637 ὅτε
394 2574 585 2657 Κλεομένης
608 2570 664 2662 καὶ
681 2564 699 2636 ὁ
716 2563 885 2653 Ἰσαγόρης
904 2565 960 2632 καὶ
977 2568 1011 2632 ολ
1027 2583 1108 2632 στα-

105 2674 218 2736 σιῶται
242 2661 661 2755 αάτούκαταλαμβάυονσι
679 2661 743 2751 τήν
763 2661 955 2751 ἀκρόπολιν.
1006 2659 1108 2747 Ἀθη-

106 2770 212 2832 ναίων
233 2760 270 2829 δὲ
293 2764 327 2829 ολ
343 2765 453 2830 λοιποὶ
474 2760 515 2829 τά
536 2760 620 2831 αύτά
642 2761 871 2850 φρονήσαντες
894 2756 1108 2845 ἐπολιόρκεον

105 2856 231 2937 αύτούς
244 2854 368 2945 ἡμέρας
385 2858 464 2928 δύο·
487 2867 527 2948 τῇ
543 2862 579 2927 δέ
592 2869 685 2950 τρίτη
699 2856 908 2928 ὑπόσπονδοι
923 2857 1108 2946 ἐξέρχονται

105 2961 142 3027 ἐκ
163 2962 221 3043 τής
240 2954 349 3042 χώρης
370 2953 443 3025 ὅσοι
463 2949 551 3044 ἦσαν
566 2955 678 3026 αύτύν
692 2955 961 3043 Λακεδαιμόνιοι.
996 2958 1109 3026 ἐπετε-

12 3134 13 3147 ,
104 3060 196 3126 λέετο
216 3054 253 3122 ἀὲ
272 3060 318 3145 τῷ
338 3054 561 3144 Κλεομένεϊ-ἡ
584 3057 694 3144 φήμη·
717 3053 762 3135 ἀς
782 3053 848 3144 γάρ
870 3053 972 3144 ἀνέβη
995 3057 1028 3134 ἐς
1045 3052 1108 3141 τήν

106 3151 292 3239 ἀκρόπολιν
317 3156 448 3239 μέλλων
476 3152 516 3241 δή
540 3151 647 3241 αύτήυ
674 3152 908 3241 κατασχήσειν,
929 3149 982 3239 ήίε
1010 3154 1044 3230 ἐς
1068 3149 1106 3218 τό

12 3300 14 3351 2
106 3252 231 3320 ἀόυτον
246 3257 304 3338 τής
318 3259 404 3319 θεοῦ
419 3250 464 3332 ἀς
479 3256 689 3341 προσερέων·
710 3250 731 3339 ἡ
749 3253 786 3320 ἀὲ
800 3255 887 3338 ἵρεια
904 3255 1108 3332 ἐξαναστᾶσα

12 3356 14 3397 ἶ
106 3351 145 3418 έκ
162 3354 223 3416 τοῦ
242 3347 376 3436 θρόνου
397 3352 477 3441 πρὶν
496 3348 593 3439 ήτάς
613 3348 725 3439 θύρας
742 3346 847 3418 αὐτόν
867 3347 1003 3436 ἀμεῖψαι
1021 3345 1107 3415 εἷπε·

12 3506 14 3557 3
102 3439 141 3514 Ὦ
164 3450 530 3599 ξεξέιμομλιρμεόαιμόνιε,
554 3451 656 3521 πάλιν
678 3448 778 3537 χιόρει
801 3445 880 3534 μηδ’
904 3451 994 3596 έσιβι
1016 3447 1050 3525 ἐς
1070 3443 1108 3513 τό
