2606 3920
205 230 270 296 208
585 236 836 294 HERODOTI

209 400 308 475 έξεισι
323 395 401 480 πρίν
423 389 631 479 ἢθύσεσθαι
647 397 759 482 μέλλη.
790 392 833 473 όός
852 391 883 461 τ’
901 399 948 463 ἔτι
963 394 1047 483 πρός
1065 395 1215 466 τούτοισι

209 496 326 564 πολλοὶ
338 491 402 583 ἤδη
417 499 486 562 των
504 492 698 580 μελλόντων
717 494 847 562 τούτων
860 493 1032 565 θύσεσθαι
1046 500 1215 576 δείσαντες

210 603 340 680 οίχοντο
355 591 563 680 ἀποδράντες
577 593 609 671 ἐς
621 589 726 678 άλλην
737 592 867 679 χώρην,
882 592 1008 678 χρόνον
1023 591 1060 660 ab
1072 593 1216 678 προιόν-

209 714 265 768 τος
279 687 386 758 ὀπίσω
400 688 622 766 κατελθόντες
637 684 682 775 ἦν
698 686 900 758 ἁλίσκωνται
919 688 1116 768 ἐσελθόντες
1129 690 1164 768 ές
1176 689 1214 757 τό

209 788 434 876 πρυτανήιον,
453 786 498 867 ὡς
512 786 637 857 θύεταί
649 814 685 856 τε
706 788 877 874 ἐξηγέοντο
892 791 1052 874 στέμμασι
1069 795 1135 868 τάς
1149 814 1216 858 πυ-

209 888 347 964 κασθεὶς
363 886 419 954 καὶ
433 881 478 965 ὡς
492 883 559 954 σύν
575 892 690 974 πομπῇ
704 887 861 970 ἐξαχθείς.
884 892 988 952 ταῦτα
999 887 1036 953 δὲ
1048 886 1215 974 πάσχουσι

210 987 244 1049 οί
256 982 478 1070 Κυτισσώρου
492 990 554 1051 τοῦ
569 987 696 1070 Φρίξου
716 981 835 1060 παιδὸς
852 980 1030 1069 άπόγονοι,
1053 985 1140 1053 διότι
1154 1012 1215 1054 κα-

209 1077 346 1166 θαρμὸν
365 1086 423 1167 τῆς
438 1079 548 1169 χάρης
566 1085 777 1168 ποιευμένων
793 1077 933 1167 Ἀχαιῶν
948 1083 985 1149 ἐκ
1004 1089 1215 1170 θεοπροπίου

206 1176 400 1265 Ἀθάμαντα
414 1176 475 1248 τόν
488 1181 617 1250 Αίόλου
630 1182 685 1249 καὶ
699 1179 891 1268 μελλόντων
904 1205 963 1266 μιν
978 1180 1080 1248 θύειν
1094 1178 1217 1249 άπικό-

209 1301 309 1362 μενος
325 1269 423 1356 οὗτος
443 1275 461 1346 ὁ
477 1286 693 1366 Κυτίσσωρος
717 1280 749 1359 ἐξ
763 1287 849 1365 Αίης
864 1286 922 1366 τῆς
936 1284 1098 1366 Κολχίδος
1112 1278 1215 1368 ἐρρύ-

210 1394 307 1462 σατο,
325 1374 466 1464 ποιήσας
485 1378 522 1447 δέ
540 1384 639 1447 τοῦτο
653 1390 738 1445 τοῖσι
756 1378 1020 1463 ἐπιγενομένοισι
1035 1378 1069 1457 ἐξ
1085 1380 1215 1445 ἑωυτοῦ

208 1480 312 1559 μῆνιν
325 1482 387 1542 τοῦ
405 1482 494 1544 θεοῦ
514 1476 658 1563 ἐνέβαλε.
690 1477 812 1563 Ξέρξης
827 1475 863 1543 δέ
883 1480 988 1542 ταῦτα
1007 1470 1156 1554 άκούσας
1171 1473 1215 1555 ὡς

208 1570 292 1642 κατά
312 1573 350 1641 τό
372 1572 473 1654 άλσος
493 1577 641 1662 ἐγένετο,
663 1572 763 1652 αύτός
782 1600 817 1642 τε
839 1580 953 1659 έργετο
972 1569 1078 1640 αὐτοῦ
1094 1577 1151 1640 καί
1173 1583 1215 1662 τῇ

210 1680 346 1764 στρατιῇ
359 1673 449 1765 πάση
461 1675 674 1763 παρήγγειλε,
689 1680 757 1741 τῶν
767 1700 804 1741 τε
815 1671 1024 1761 Ἀθάμαντος
1032 1669 1215 1760 άπογόνων

208 1768 271 1859 τὴν
286 1777 395 1860 οίκίην
410 1770 533 1860 ὁμοίως
547 1776 602 1842 καὶ
618 1770 655 1841 τό
671 1777 806 1860 τέμενος
821 1775 960 1859 ἐσέβετο.
1259 1786 1264 1795 ‘

147 1881 199 1938 198
297 1877 409 1939 Ταῦτα
425 1872 488 1959 μὲν
507 1869 548 1940 τά
564 1875 601 1942 έν
615 1878 780 1961 Θεσσαλίη
801 1874 855 1939 καὶ
876 1867 917 1937 τά
933 1872 969 1938 έν
986 1867 1126 1961 Ἀχαιίη,
1148 1869 1212 1940 άπὸ

211 1969 247 2035 δὲ
261 1969 391 2037 τούτων
405 1978 474 2038 τῶν
493 1971 613 2059 χοίρων
627 1970 680 2059 ἥτε
700 1974 733 2049 ές
745 1966 807 2057 τὴν
822 1972 960 2055 Μηλίδα
979 1968 1069 2055 παρά
1087 1970 1215 2039 κόλπον

209 2066 399 2155 θαλάσσης,
416 2070 453 2138 έν
466 2076 512 2159 τῷ
526 2068 674 2156 άμπωτίς
688 2094 724 2138 τε
740 2071 795 2136 καὶ
812 2069 907 2156 ῥηχίη
924 2064 989 2136 άνᾶ
1003 2075 1116 2137 πᾶσαν
1133 2067 1215 2157 ἡμέ-

211 2190 276 2252 ρην
289 2172 425 2252 γίνεται.
448 2172 524 2252 περὶ
542 2170 578 2236 δέ
591 2167 652 2237 τόν
669 2166 797 2236 κόλπον
810 2165 932 2234 τοῦτόν
951 2169 1020 2234 ἐστι
1032 2173 1140 2253 χῶρος
1154 2192 1210 2235 πε-

211 2261 320 2350 δινὸς,
340 2271 381 2351 τῇ
394 2264 457 2350 μὶν
471 2264 590 2353 εύρύς,
610 2272 650 2353 τῇ
666 2266 702 2333 δὲ
722 2268 778 2333 καί
794 2262 900 2349 κάρτα
916 2263 1052 2344 στεινός.
1081 2268 1159 2352 περὶ
1179 2266 1216 2333 δέ

209 2360 271 2430 τόν
284 2370 395 2449 χῶρον
406 2361 509 2447 οὔρεα
519 2361 633 2450 ὑψηλά
647 2366 702 2432 καὶ
713 2362 820 2450 ἄβατα
829 2369 1012 2486 περικληίει
1026 2370 1139 2435 πᾶσαν
1152 2362 1216 2451 τὴν

209 2465 348 2545 Μηλίδα
363 2468 442 2548 γῆν,
460 2469 634 2548 Τρηχίνιαι
651 2465 768 2546 πέτραι
783 2461 990 2550 καλεόμεναι
1023 2464 1138 2566 προάτη
1152 2468 1216 2552 μέν

210 2584 276 2626 υνν
290 2558 385 2637 πολις
395 2560 463 2627 έστλ
474 2562 511 2627 έν
521 2586 566 2627 τω
555 2560 691 2628 κόλπω
702 2556 820 2628 ίόντι’
800 2583 847 2627 αττ
850 2555 1014 2646 ’Ἀχαιίης
1025 2538 1214 2648 Ἀντικύρη,
1291 2606 1294 2609 -

211 2655 292 2745 παρ’
307 2684 352 2746 ην
361 2655 508 2746 ποταμός
518 2628 700 2746 Σπερχειὸς
711 2660 797 2747 ῥέων
812 2661 845 2739 ἐξ
855 2665 902 2726 Ac
900 2657 1028 2746 υιήνων
1039 2661 1072 2738 ές
1082 2650 1217 2727 θάλασ-

213 2779 277 2828 σαν
291 2756 467 2829 έκδιδοίῧ
448 2784 513 2828 υπο
502 2756 567 2829 δέ
580 2758 703 2827 τούτου
713 2755 776 2826 δια
793 2762 900 2827 εἴκοσί
913 2783 977 2827 κου
992 2761 1138 2827 σταδίων
1154 2756 1217 2827 άλ-

211 2864 268 2934 λος
282 2853 445 2945 ποταμός,
466 2864 513 2948 τῷ
527 2854 656 2943 οὔνομα
674 2860 781 2924 κέεται
795 2855 928 2943 Δύρας,
949 2852 1011 2924 τόν
1026 2858 1217 2942 βοηθέοντα

210 2959 257 3043 τῷ
272 2949 430 3040 Ἡρακλέι
447 2955 613 3046 καιομένῳ
633 2953 733 3041 λόγος
747 2956 814 3023 ἐστὶ
832 2950 1057 3045 Αάνριριανῆναι.
1090 2949 1157 3020 άπὸ
1180 2956 1217 3020 δε

210 3047 333 3121 τούτου
348 3046 393 3116 δι’
410 3048 522 3121 ἄλλων
534 3060 637 3118 είκοσι
653 3056 796 3120 σταδίων
810 3049 909 3130 ἄλλος
924 3048 1070 3136 ποταμός
1085 3052 1165 3137 ἐστι,
1180 3047 1217 3128 ὃς

150 3160 199 3218 199
210 3152 360 3221 καλέεται
376 3155 500 3231 Μέλας.
527 3154 646 3239 Τρηχὶς
657 3156 693 3219 δέ
707 3153 803 3231 πόλις
813 3149 878 3220 άπό
893 3156 954 3218 τοῦ
966 3153 1124 3230 Μέλανος
1134 3150 1217 3218 τού-

210 3273 272 3316 του
286 3254 546 3335 ποταμοῦπέντε
558 3251 675 3319 στάδια
691 3249 811 3340 άπέχει.
834 3250 939 3340 ταύτῃ
950 3250 986 3318 δέ
1000 3253 1055 3318 καὶ
1070 3247 1216 3337 εύρύτα-

209 3343 271 3413 τόν
286 3347 354 3413 ἐστι
369 3345 478 3433 πάσης
491 3353 549 3433 τῆς
561 3348 671 3434 χύρης
681 3348 804 3435 ταύτης
819 3350 856 3415 bu
869 3352 938 3415 τῶν
954 3343 1085 3433 ούρέων
1100 3351 1135 3427 ές
1148 3347 1216 3416 θά-

212 3450 355 3529 λασσαν,
371 3440 444 3511 κατ’
461 3443 483 3511 ά
501 3448 620 3533 Τρηχὶς
633 3449 845 3535 πεπόλισται·
871 3447 1014 3532 δισχίλιά
1027 3474 1062 3514 τε
1077 3446 1144 3532 γάρ
1163 3449 1218 3517 καὶ
