<?xml version="1.0" encoding="UTF-8"?>
<!DOCTYPE html PUBLIC "-//W3C//DTD XHTML 1.0 Transitional//EN"
    "http://www.w3.org/TR/xhtml1/DTD/xhtml1-transitional.dtd">
<html xmlns="http://www.w3.org/1999/xhtml" xml:lang="en" lang="en">
 <head>
  <title>
</title>
<meta http-equiv="Content-Type" content="text/html;charset=utf-8" />
  <meta name='ocr-system' content='tesseract 3.04.00' />
  <meta name='ocr-capabilities' content='ocr_page ocr_carea ocr_par ocr_line ocrx_word'/>
</head>
<body>
  <div class='ocr_page' id='page_1' title='image "./historiarumlibr03herogoog_0741.png"; bbox 0 0 2588 3926; ppageno 0'>
   <div class='ocr_carea' id='block_1_1' title="bbox 261 285 893 349">
    <p class='ocr_par' dir='ltr' id='par_1_1' title="bbox 261 285 893 349">
     <span class='ocr_line' id='line_1_1' title="bbox 261 285 893 349; baseline -0.003 -1"><span class='ocrx_word' id='word_1_1' title='bbox 261 285 326 349; x_wconf 69' lang='lat'><strong><em>324</em></strong></span> <span class='ocrx_word' id='word_1_2' title='bbox 643 291 893 347; x_wconf 86' lang='lat' dir='ltr'><strong>HERODOTI</strong></span> 
     </span>
    </p>
   </div>
   <div class='ocr_carea' id='block_1_2' title="bbox 86 448 1275 3606">
    <p class='ocr_par' dir='ltr' id='par_1_2' title="bbox 258 448 1275 933">
     <span class='ocr_line' id='line_1_2' title="bbox 259 448 1258 539; baseline 0.002 -23"><span class='ocrx_word' id='word_1_3' title='bbox 259 452 438 535; x_wconf 77' lang='grc' dir='ltr'><em>γινομένης</em></span> <span class='ocrx_word' id='word_1_4' title='bbox 450 449 486 517; x_wconf 72' lang='grc' dir='ltr'><strong><em>δὲ</em></strong></span> <span class='ocrx_word' id='word_1_5' title='bbox 497 456 607 537; x_wconf 81' lang='grc' dir='ltr'><strong><em>φυγῆς</em></strong></span> <span class='ocrx_word' id='word_1_6' title='bbox 621 454 689 515; x_wconf 86' lang='grc' dir='ltr'><strong><em>τών</em></strong></span> <span class='ocrx_word' id='word_1_7' title='bbox 704 450 866 516; x_wconf 79' lang='grc' dir='ltr'><strong><em>ἐναντίων</em></strong></span> <span class='ocrx_word' id='word_1_8' title='bbox 878 448 1079 517; x_wconf 83' lang='grc' dir='ltr'><strong><em>ἐδέδοκτο</em></strong></span> <span class='ocrx_word' id='word_1_9' title='bbox 1042 476 1107 537; x_wconf 91' lang='grc' dir='ltr'><strong><em>την</em></strong></span> <span class='ocrx_word' id='word_1_10' title='bbox 1119 452 1258 539; x_wconf 79' lang='grc' dir='ltr'><strong><em>ἄγκυραι</em></strong></span> 
     </span>
     <span class='ocr_line' id='line_1_3' title="bbox 260 512 1275 657; baseline 0.007 -44"><span class='ocrx_word' id='word_1_11' title='bbox 260 541 473 634; x_wconf 88' lang='grc' dir='ltr'><strong><em>ἀναλαβόντα</em></strong></span> <span class='ocrx_word' id='word_1_12' title='bbox 495 547 584 616; x_wconf 79' lang='grc' dir='ltr'><strong><em>οὕτω</em></strong></span> <span class='ocrx_word' id='word_1_13' title='bbox 604 546 749 614; x_wconf 89' lang='grc' dir='ltr'><strong><em>διώκειν.</em></strong></span> <span class='ocrx_word' id='word_1_14' title='bbox 780 540 879 626; x_wconf 82' lang='grc' dir='ltr'><strong><em>οὗτος</em></strong></span> <span class='ocrx_word' id='word_1_15' title='bbox 898 547 1018 634; x_wconf 76' lang='grc' dir='ltr'><strong><em>μέν“</em></strong></span> <span class='ocrx_word' id='word_1_16' title='bbox 975 574 1064 616; x_wconf 91' lang='grc' dir='ltr'><strong><em>ουτω</em></strong></span> <span class='ocrx_word' id='word_1_17' title='bbox 1082 547 1275 657; x_wconf 83' lang='grc' dir='ltr'><strong><em>λέγεται,ό</em></strong></span> <span class='ocrx_word' id='word_1_18' title='bbox 1245 512 1275 615; x_wconf 64' lang='lat'><strong><em>5¹</em></strong></span> 
     </span>
     <span class='ocr_line' id='line_1_4' title="bbox 258 632 1275 742; baseline 0.007 -29"><span class='ocrx_word' id='word_1_19' title='bbox 258 644 324 712; x_wconf 85' lang='grc' dir='ltr'><strong><em>δ’”</em></strong></span> <span class='ocrx_word' id='word_1_20' title='bbox 304 673 416 734; x_wconf 88' lang='grc' dir='ltr'><strong><em>ετερος</em></strong></span> <span class='ocrx_word' id='word_1_21' title='bbox 426 655 494 715; x_wconf 83' lang='grc' dir='ltr'><strong><em>τών</em></strong></span> <span class='ocrx_word' id='word_1_22' title='bbox 509 650 663 738; x_wconf 88' lang='grc' dir='ltr'><strong><em>λόγων</em></strong></span> <span class='ocrx_word' id='word_1_23' title='bbox 632 653 677 715; x_wconf 84' lang='grc' dir='ltr'><strong><em>τώ</em></strong></span> <span class='ocrx_word' id='word_1_24' title='bbox 689 648 855 733; x_wconf 88' lang='grc' dir='ltr'><strong><em>πρότερον</em></strong></span> <span class='ocrx_word' id='word_1_25' title='bbox 866 652 1019 735; x_wconf 76' lang='grc' dir='ltr'><strong><em>λεχθέντι</em></strong></span> <span class='ocrx_word' id='word_1_26' title='bbox 1029 632 1275 742; x_wconf 78' lang='grc' dir='ltr'><strong><em>ἀμφισβατέων</em></strong></span> 
     </span>
     <span class='ocr_line' id='line_1_5' title="bbox 259 716 1275 839; baseline 0.007 -25"><span class='ocrx_word' id='word_1_27' title='bbox 259 742 454 831; x_wconf 62' lang='grc' dir='ltr'><strong><em>λέγεται,“</em></strong></span> <span class='ocrx_word' id='word_1_28' title='bbox 433 772 477 824; x_wconf 87' lang='grc' dir='ltr'><strong><em>ως</em></strong></span> <span class='ocrx_word' id='word_1_29' title='bbox 497 744 550 814; x_wconf 79' lang='grc' dir='ltr'><strong><em>ἐπ’</em></strong></span> <span class='ocrx_word' id='word_1_30' title='bbox 567 716 706 823; x_wconf 75' lang='grc' dir='ltr'><em>ἀσπίδος</em></span> <span class='ocrx_word' id='word_1_31' title='bbox 727 773 748 811; x_wconf 93' lang='grc' dir='ltr'><strong><em>α</em></strong></span> <span class='ocrx_word' id='word_1_32' title='bbox 750 748 791 812; x_wconf 80' lang='grc' dir='ltr'><strong><em>ίεὶ</em></strong></span> <span class='ocrx_word' id='word_1_33' title='bbox 811 747 1037 834; x_wconf 79' lang='grc' dir='ltr'><strong><em>περιθεούσης</em></strong></span> <span class='ocrx_word' id='word_1_34' title='bbox 1058 754 1116 819; x_wconf 81' lang='grc' dir='ltr'><strong><em>καὶ</em></strong></span> <span class='ocrx_word' id='word_1_35' title='bbox 1142 750 1275 839; x_wconf 76' lang='grc' dir='ltr'><strong><em>ούδαμά</em></strong></span> 
     </span>
     <span class='ocr_line' id='line_1_6' title="bbox 260 834 1275 934; baseline 0.008 -21"><span class='ocrx_word' id='word_1_36' title='bbox 260 843 497 932; x_wconf 73' lang='grc' dir='ltr'><strong><em>ἀτρεμιζούσης</em></strong></span> <span class='ocrx_word' id='word_1_37' title='bbox 512 847 631 933; x_wconf 82' lang='grc' dir='ltr'><strong><em>ἐφόρεε</em></strong></span> <span class='ocrx_word' id='word_1_38' title='bbox 647 845 845 932; x_wconf 83' lang='grc' dir='ltr'><strong><em>ἐπίσημον”</em></strong></span> <span class='ocrx_word' id='word_1_39' title='bbox 822 873 992 934; x_wconf 90' lang='grc' dir='ltr'><strong><em>αγκυραν,</em></strong></span> <span class='ocrx_word' id='word_1_40' title='bbox 1008 851 1064 917; x_wconf 83' lang='grc' dir='ltr'><strong><em>καὶ</em></strong></span> <span class='ocrx_word' id='word_1_41' title='bbox 1079 850 1146 920; x_wconf 88' lang='grc' dir='ltr'><strong><em>ούκ</em></strong></span> <span class='ocrx_word' id='word_1_42' title='bbox 1162 857 1197 923; x_wconf 86' lang='grc' dir='ltr'><strong><em>έκ</em></strong></span> <span class='ocrx_word' id='word_1_43' title='bbox 1209 859 1255 921; x_wconf 79' lang='grc' dir='ltr'><strong><em>τον</em></strong></span> <span class='ocrx_word' id='word_1_44' title='bbox 1274 834 1275 907; x_wconf 75' lang='lat'>¹</span> 
     </span>
    </p>

    <p class='ocr_par' dir='ltr' id='par_1_3' title="bbox 86 920 1275 1039">
     <span class='ocr_line' id='line_1_7' title="bbox 86 920 1275 1039; baseline 0.003 -23"><span class='ocrx_word' id='word_1_45' title='bbox 86 962 92 973; x_wconf 71' lang='lat'>‘</span> <span class='ocrx_word' id='word_1_46' title='bbox 212 965 246 1022; x_wconf 81' lang='lat'><strong><em>75</em></strong></span> <span class='ocrx_word' id='word_1_47' title='bbox 260 947 417 1033; x_wconf 86' lang='grc' dir='ltr'><strong><em>θώρηκος</em></strong></span> <span class='ocrx_word' id='word_1_48' title='bbox 433 950 616 1034; x_wconf 74' lang='grc' dir='ltr'><strong><em>δεδεμένην</em></strong></span> <span class='ocrx_word' id='word_1_49' title='bbox 630 945 798 1033; x_wconf 81' lang='grc' dir='ltr'><strong><em>σιδηρέην.</em></strong></span> <span class='ocrx_word' id='word_1_50' title='bbox 823 945 915 1015; x_wconf 75' lang='grc' dir='ltr'><strong><em>’Ἐστι</em></strong></span> <span class='ocrx_word' id='word_1_51' title='bbox 930 949 967 1015; x_wconf 75' lang='grc' dir='ltr'><strong><em>δέ</em></strong></span> <span class='ocrx_word' id='word_1_52' title='bbox 987 951 1043 1016; x_wconf 81' lang='grc' dir='ltr'><strong><em>καὶ</em></strong></span> <span class='ocrx_word' id='word_1_53' title='bbox 1059 952 1181 1039; x_wconf 75' lang='grc' dir='ltr'><strong><em>ἕτερον</em></strong></span> <span class='ocrx_word' id='word_1_54' title='bbox 1193 964 1275 1023; x_wconf 81' lang='grc' dir='ltr'><strong><em>Σω</em></strong></span> <span class='ocrx_word' id='word_1_55' title='bbox 1274 920 1275 989; x_wconf 84' lang='lat'>¹</span> 
     </span>
    </p>

    <p class='ocr_par' dir='ltr' id='par_1_4' title="bbox 254 1045 1275 1733">
     <span class='ocr_line' id='line_1_8' title="bbox 260 1045 1275 1139; baseline 0.001 -22"><span class='ocrx_word' id='word_1_56' title='bbox 260 1051 363 1136; x_wconf 74' lang='grc' dir='ltr'><strong><em>φάνεν·</em></strong></span> <span class='ocrx_word' id='word_1_57' title='bbox 373 1046 528 1135; x_wconf 86' lang='grc' dir='ltr'><strong><em>λαμπρόν</em></strong></span> <span class='ocrx_word' id='word_1_58' title='bbox 539 1048 642 1136; x_wconf 76' lang='grc' dir='ltr'><strong><em>ἔργον</em></strong></span> <span class='ocrx_word' id='word_1_59' title='bbox 658 1045 952 1135; x_wconf 77' lang='grc' dir='ltr'><strong><em>ε’ξεργαομένον,”</em></strong></span> <span class='ocrx_word' id='word_1_60' title='bbox 932 1073 983 1115; x_wconf 88' lang='grc' dir='ltr'><strong><em>οτι</em></strong></span> <span class='ocrx_word' id='word_1_61' title='bbox 995 1056 1254 1139; x_wconf 81' lang='grc' dir='ltr'><strong><em>περικατημένων</em></strong></span> <span class='ocrx_word' id='word_1_62' title='bbox 1274 1078 1275 1099; x_wconf 60' lang='lat'>¹</span> 
     </span>
     <span class='ocr_line' id='line_1_9' title="bbox 254 1145 1254 1237; baseline -0.002 -17"><span class='ocrx_word' id='word_1_63' title='bbox 254 1146 873 1237; x_wconf 77' lang='grc' dir='ltr'><strong><em>ἈθηναίωνΑίγινανΕύρυβάτηντὸν</em></strong></span> <span class='ocrx_word' id='word_1_64' title='bbox 884 1145 1166 1236; x_wconf 79' lang='grc' dir='ltr'><strong><em>Ἀργείου,άνδρα</em></strong></span> <span class='ocrx_word' id='word_1_65' title='bbox 1176 1176 1254 1218; x_wconf 79' lang='grc' dir='ltr'><strong><em>πεντ·</em></strong></span> 
     </span>
     <span class='ocr_line' id='line_1_10' title="bbox 259 1247 1254 1340; baseline -0.005 -19"><span class='ocrx_word' id='word_1_66' title='bbox 259 1254 404 1338; x_wconf 86' lang='grc' dir='ltr'><strong><em>άεθλον,</em></strong></span> <span class='ocrx_word' id='word_1_67' title='bbox 427 1255 463 1319; x_wconf 79' lang='grc' dir='ltr'><strong><em>ἐκ</em></strong></span> <span class='ocrx_word' id='word_1_68' title='bbox 483 1254 687 1340; x_wconf 85' lang='grc' dir='ltr'><strong><em>προκλήσιος</em></strong></span> <span class='ocrx_word' id='word_1_69' title='bbox 709 1251 881 1338; x_wconf 79' lang='grc' dir='ltr'><strong><em>ἐφόνευσε.</em></strong></span> <span class='ocrx_word' id='word_1_70' title='bbox 918 1247 1023 1318; x_wconf 81' lang='grc' dir='ltr'><strong><em>αὐτόν</em></strong></span> <span class='ocrx_word' id='word_1_71' title='bbox 1040 1250 1077 1318; x_wconf 69' lang='grc' dir='ltr'><strong><em>δέ</em></strong></span> <span class='ocrx_word' id='word_1_72' title='bbox 1096 1252 1254 1338; x_wconf 80' lang='grc' dir='ltr'><strong><em>Σωφάνεα</em></strong></span> 
     </span>
     <span class='ocr_line' id='line_1_11' title="bbox 259 1347 1275 1440; baseline -0.005 -21"><span class='ocrx_word' id='word_1_73' title='bbox 259 1350 370 1440; x_wconf 91' lang='grc' dir='ltr'><strong><em>χρόνῳ</em></strong></span> <span class='ocrx_word' id='word_1_74' title='bbox 385 1347 529 1435; x_wconf 75' lang='grc' dir='ltr'><strong><em>ὕστερον</em></strong></span> <span class='ocrx_word' id='word_1_75' title='bbox 543 1352 675 1418; x_wconf 91' lang='grc' dir='ltr'><strong><em>τούτων</em></strong></span> <span class='ocrx_word' id='word_1_76' title='bbox 689 1351 850 1436; x_wconf 88' lang='grc' dir='ltr'><strong><em>κατέλαβε</em></strong></span> <span class='ocrx_word' id='word_1_77' title='bbox 864 1347 972 1434; x_wconf 85' lang='grc' dir='ltr'><strong><em>ἀνδρα</em></strong></span> <span class='ocrx_word' id='word_1_78' title='bbox 984 1348 1173 1435; x_wconf 89' lang='grc' dir='ltr'><strong><em>γενόμενον</em></strong></span> <span class='ocrx_word' id='word_1_79' title='bbox 1187 1348 1256 1436; x_wconf 85' lang='grc' dir='ltr'><strong><em>ἀγα·</em></strong></span> <span class='ocrx_word' id='word_1_80' title='bbox 1274 1406 1275 1427; x_wconf 43' lang='grc'><strong><em>,</em></strong></span> 
     </span>
     <span class='ocr_line' id='line_1_12' title="bbox 259 1443 1275 1538; baseline -0.004 -21"><span class='ocrx_word' id='word_1_81' title='bbox 259 1447 344 1534; x_wconf 85' lang='grc' dir='ltr'><strong><em>θδν,</em></strong></span> <span class='ocrx_word' id='word_1_82' title='bbox 357 1445 547 1534; x_wconf 81' lang='grc' dir='ltr'><strong><em>Ἀθηναίων</em></strong></span> <span class='ocrx_word' id='word_1_83' title='bbox 562 1450 806 1534; x_wconf 85' lang='grc' dir='ltr'><strong><em>στρατηγέοντα</em></strong></span> <span class='ocrx_word' id='word_1_84' title='bbox 818 1443 887 1532; x_wconf 83' lang='grc' dir='ltr'><strong><em>άμα</em></strong></span> <span class='ocrx_word' id='word_1_85' title='bbox 897 1446 1037 1538; x_wconf 77' lang='grc' dir='ltr'><strong><em>Λεάγρῳ</em></strong></span> <span class='ocrx_word' id='word_1_86' title='bbox 1048 1454 1094 1536; x_wconf 78' lang='grc' dir='ltr'><strong><em>τῷ</em></strong></span> <span class='ocrx_word' id='word_1_87' title='bbox 1104 1449 1257 1517; x_wconf 86' lang='grc' dir='ltr'><strong><em>Γλαύκω-</em></strong></span> <span class='ocrx_word' id='word_1_88' title='bbox 1274 1446 1275 1481; x_wconf 63' lang='lat'><strong>³</strong></span> 
     </span>
     <span class='ocr_line' id='line_1_13' title="bbox 260 1544 1258 1634; baseline 0 -19"><span class='ocrx_word' id='word_1_89' title='bbox 260 1573 335 1631; x_wconf 93' lang='grc' dir='ltr'><strong><em>νος,</em></strong></span> <span class='ocrx_word' id='word_1_90' title='bbox 353 1544 541 1615; x_wconf 72' lang='grc' dir='ltr'><strong><em>ἀποθανεῖν</em></strong></span> <span class='ocrx_word' id='word_1_91' title='bbox 556 1545 622 1614; x_wconf 79' lang='grc' dir='ltr'><strong><em>ὑπὸ</em></strong></span> <span class='ocrx_word' id='word_1_92' title='bbox 635 1545 794 1614; x_wconf 78' lang='grc' dir='ltr'><strong><em>Ἠδωνῶν</em></strong></span> <span class='ocrx_word' id='word_1_93' title='bbox 809 1548 846 1613; x_wconf 90' lang='grc' dir='ltr'><strong><em>έν</em></strong></span> <span class='ocrx_word' id='word_1_94' title='bbox 856 1545 957 1634; x_wconf 87' lang='grc' dir='ltr'><strong><em>Δάτῳ</em></strong></span> <span class='ocrx_word' id='word_1_95' title='bbox 972 1547 1047 1630; x_wconf 84' lang='grc' dir='ltr'><strong><em>περὶ</em></strong></span> <span class='ocrx_word' id='word_1_96' title='bbox 1062 1553 1132 1613; x_wconf 85' lang='grc' dir='ltr'><strong><em>τών</em></strong></span> <span class='ocrx_word' id='word_1_97' title='bbox 1147 1547 1258 1634; x_wconf 86' lang='grc' dir='ltr'><strong><em>μετάλ·</em></strong></span> 
     </span>
     <span class='ocr_line' id='line_1_14' title="bbox 260 1646 795 1733; baseline 0 -19"><span class='ocrx_word' id='word_1_98' title='bbox 260 1655 331 1714; x_wconf 91' lang='grc' dir='ltr'><strong><em>λων</em></strong></span> <span class='ocrx_word' id='word_1_99' title='bbox 344 1651 412 1712; x_wconf 82' lang='grc' dir='ltr'><strong><em>τών</em></strong></span> <span class='ocrx_word' id='word_1_100' title='bbox 427 1649 579 1731; x_wconf 88' lang='grc' dir='ltr'><strong><em>χρυσέων</em></strong></span> <span class='ocrx_word' id='word_1_101' title='bbox 594 1646 795 1733; x_wconf 90' lang='grc' dir='ltr'><strong><em>μαχόμενον.</em></strong></span> 
     </span>
    </p>

    <p class='ocr_par' dir='ltr' id='par_1_5' title="bbox 211 1740 1275 3606">
     <span class='ocr_line' id='line_1_15' title="bbox 211 1740 1258 1832; baseline -0.002 -22"><span class='ocrx_word' id='word_1_102' title='bbox 211 1762 246 1817; x_wconf 80' lang='grc'><strong><em>76</em></strong></span> <span class='ocrx_word' id='word_1_103' title='bbox 340 1741 399 1822; x_wconf 76' lang='grc' dir='ltr'><strong><em>έδς</em></strong></span> <span class='ocrx_word' id='word_1_104' title='bbox 420 1744 456 1811; x_wconf 78' lang='grc' dir='ltr'><strong><em>δὲ</em></strong></span> <span class='ocrx_word' id='word_1_105' title='bbox 475 1757 559 1813; x_wconf 82' lang='grc' dir='ltr'><strong><em>τοίσι</em></strong></span> <span class='ocrx_word' id='word_1_106' title='bbox 572 1740 707 1831; x_wconf 89' lang='grc' dir='ltr'><strong><em>Ἐλλησι</em></strong></span> <span class='ocrx_word' id='word_1_107' title='bbox 729 1747 767 1812; x_wconf 89' lang='grc' dir='ltr'><strong><em>έν</em></strong></span> <span class='ocrx_word' id='word_1_108' title='bbox 781 1750 965 1832; x_wconf 75' lang='grc' dir='ltr'><strong><em>Πλαταιῇσι</em></strong></span> <span class='ocrx_word' id='word_1_109' title='bbox 987 1746 1216 1830; x_wconf 88' lang='grc' dir='ltr'><strong><em>κατέστρωντο</em></strong></span> <span class='ocrx_word' id='word_1_110' title='bbox 1233 1747 1258 1809; x_wconf 82' lang='grc' dir='ltr'><strong><em>ολ</em></strong></span> 
     </span>
     <span class='ocr_line' id='line_1_16' title="bbox 258 1838 1275 1957; baseline -0.005 -45"><span class='ocrx_word' id='word_1_111' title='bbox 258 1844 435 1933; x_wconf 92' lang='grc' dir='ltr'><strong><em>βάρβαροι,</em></strong></span> <span class='ocrx_word' id='word_1_112' title='bbox 451 1844 603 1913; x_wconf 85' lang='grc' dir='ltr'><strong><em>ένθαύτά</em></strong></span> <span class='ocrx_word' id='word_1_113' title='bbox 614 1863 676 1930; x_wconf 87' lang='grc' dir='ltr'><strong><em>σφι</em></strong></span> <span class='ocrx_word' id='word_1_114' title='bbox 688 1845 814 1930; x_wconf 83' lang='grc' dir='ltr'><strong><em>ἐπηλθε</em></strong></span> <span class='ocrx_word' id='word_1_115' title='bbox 828 1868 915 1927; x_wconf 90' lang='grc' dir='ltr'><strong><em>γυνη</em></strong></span> <span class='ocrx_word' id='word_1_116' title='bbox 932 1838 1160 1928; x_wconf 78' lang='grc' dir='ltr'><strong><em>αὐτόμολος,</em></strong></span> <span class='ocrx_word' id='word_1_117' title='bbox 1145 1870 1166 1928; x_wconf 92' lang='grc' dir='ltr'><strong><em>η</em></strong></span> <span class='ocrx_word' id='word_1_118' title='bbox 1161 1842 1257 1910; x_wconf 88' lang='grc' dir='ltr'><strong><em>ἐπει</em></strong></span> <span class='ocrx_word' id='word_1_119' title='bbox 1274 1856 1275 1957; x_wconf 81' lang='lat'>¹</span> 
     </span>
     <span class='ocr_line' id='line_1_17' title="bbox 259 1937 1275 2034; baseline -0.006 -20"><span class='ocrx_word' id='word_1_120' title='bbox 259 1944 299 2034; x_wconf 90' lang='grc' dir='ltr'><strong><em>δη</em></strong></span> <span class='ocrx_word' id='word_1_121' title='bbox 316 1951 422 2031; x_wconf 80' lang='grc' dir='ltr'><strong><em>ἔμαθε</em></strong></span> <span class='ocrx_word' id='word_1_122' title='bbox 442 1941 659 2023; x_wconf 78' lang='grc' dir='ltr'><strong><em>ἀπολωλότας</em></strong></span> <span class='ocrx_word' id='word_1_123' title='bbox 678 1941 757 2021; x_wconf 83' lang='grc' dir='ltr'><strong><em>τούς</em></strong></span> <span class='ocrx_word' id='word_1_124' title='bbox 773 1944 906 2028; x_wconf 83' lang='grc' dir='ltr'><strong><em>Πέρσας</em></strong></span> <span class='ocrx_word' id='word_1_125' title='bbox 926 1942 981 2008; x_wconf 85' lang='grc' dir='ltr'><strong><em>καὶ</em></strong></span> <span class='ocrx_word' id='word_1_126' title='bbox 1001 1948 1167 2020; x_wconf 78' lang='grc' dir='ltr'><strong><em>νικῶντας</em></strong></span> <span class='ocrx_word' id='word_1_127' title='bbox 1188 1937 1275 2016; x_wconf 82' lang='grc' dir='ltr'><strong><em>τούς</em></strong></span> 
     </span>
     <span class='ocr_line' id='line_1_18' title="bbox 257 1990 1275 2129; baseline -0.008 -17.921"><span class='ocrx_word' id='word_1_128' title='bbox 257 2041 437 2129; x_wconf 89' lang='grc' dir='ltr'><strong><em>Ἐλληνας,</em></strong></span> <span class='ocrx_word' id='word_1_129' title='bbox 466 2045 568 2110; x_wconf 83' lang='grc' dir='ltr'><strong><em>ἐοῦσα</em></strong></span> <span class='ocrx_word' id='word_1_130' title='bbox 589 2037 741 2128; x_wconf 89' lang='grc' dir='ltr'><strong><em>παλλακη</em></strong></span> <span class='ocrx_word' id='word_1_131' title='bbox 767 2039 1002 2124; x_wconf 84' lang='grc' dir='ltr'><strong><em>Φαρανδάτεος</em></strong></span> <span class='ocrx_word' id='word_1_132' title='bbox 1022 2045 1084 2105; x_wconf 83' lang='grc' dir='ltr'><strong><em>τοῦ</em></strong></span> <span class='ocrx_word' id='word_1_133' title='bbox 1102 2039 1255 2115; x_wconf 85' lang='grc' dir='ltr'><strong><em>Τεάσπιος</em></strong></span> <span class='ocrx_word' id='word_1_134' title='bbox 1274 1990 1275 2073; x_wconf 98' lang='lat'>¹</span> 
     </span>
     <span class='ocr_line' id='line_1_19' title="bbox 258 2136 1256 2228; baseline -0.004 -20"><span class='ocrx_word' id='word_1_135' title='bbox 258 2138 381 2226; x_wconf 83' lang='grc' dir='ltr'><strong><em>ἀνδρός</em></strong></span> <span class='ocrx_word' id='word_1_136' title='bbox 391 2142 539 2225; x_wconf 87' lang='grc' dir='ltr'><strong><em>Πέρσεω,</em></strong></span> <span class='ocrx_word' id='word_1_137' title='bbox 556 2143 791 2226; x_wconf 82' lang='grc' dir='ltr'><strong><em>κοσμησαμένη</em></strong></span> <span class='ocrx_word' id='word_1_138' title='bbox 802 2157 914 2228; x_wconf 86' lang='grc' dir='ltr'><strong><em>χρυοῳ</em></strong></span> <span class='ocrx_word' id='word_1_139' title='bbox 900 2142 1038 2226; x_wconf 91' lang='grc' dir='ltr'><strong><em>πολλῳ</em></strong></span> <span class='ocrx_word' id='word_1_140' title='bbox 1048 2136 1158 2203; x_wconf 83' lang='grc' dir='ltr'><strong><em>καὶ’</em></strong></span> <span class='ocrx_word' id='word_1_141' title='bbox 1115 2136 1201 2224; x_wconf 82' lang='grc' dir='ltr'><strong><em>αυτὴ</em></strong></span> <span class='ocrx_word' id='word_1_142' title='bbox 1211 2136 1256 2204; x_wconf 73' lang='grc' dir='ltr'><strong><em>καὶ</em></strong></span> 
     </span>
     <span class='ocr_line' id='line_1_20' title="bbox 259 2239 1275 2329; baseline -0.005 -20"><span class='ocrx_word' id='word_1_143' title='bbox 259 2247 295 2310; x_wconf 87' lang='grc' dir='ltr'><strong><em>αί</em></strong></span> <span class='ocrx_word' id='word_1_144' title='bbox 307 2239 491 2329; x_wconf 86' lang='grc' dir='ltr'><strong><em>ἀμφίπολοι</em></strong></span> <span class='ocrx_word' id='word_1_145' title='bbox 513 2244 568 2308; x_wconf 78' lang='grc' dir='ltr'><strong><em>καὶ</em></strong></span> <span class='ocrx_word' id='word_1_146' title='bbox 583 2243 699 2327; x_wconf 80' lang='grc' dir='ltr'><strong><em>ἐσθῆτι</em></strong></span> <span class='ocrx_word' id='word_1_147' title='bbox 715 2246 755 2329; x_wconf 78' lang='grc' dir='ltr'><strong><em>τῇ</em></strong></span> <span class='ocrx_word' id='word_1_148' title='bbox 773 2245 930 2325; x_wconf 84' lang='grc' dir='ltr'><strong><em>καλλίστη</em></strong></span> <span class='ocrx_word' id='word_1_149' title='bbox 950 2244 1018 2305; x_wconf 83' lang='grc' dir='ltr'><strong><em>τών</em></strong></span> <span class='ocrx_word' id='word_1_150' title='bbox 1037 2241 1255 2323; x_wconf 84' lang='grc' dir='ltr'><strong><em>παρεουσέων,</em></strong></span> <span class='ocrx_word' id='word_1_151' title='bbox 1274 2314 1275 2329; x_wconf 48' lang='grc'><strong><em>,</em></strong></span> 
     </span>
     <span class='ocr_line' id='line_1_21' title="bbox 257 2332 1275 2428; baseline -0.005 -20"><span class='ocrx_word' id='word_1_152' title='bbox 257 2347 430 2427; x_wconf 81' lang='grc' dir='ltr'><strong><em>καταβᾶσα</em></strong></span> <span class='ocrx_word' id='word_1_153' title='bbox 444 2342 480 2407; x_wconf 89' lang='grc' dir='ltr'><strong><em>ἐκ</em></strong></span> <span class='ocrx_word' id='word_1_154' title='bbox 494 2346 551 2426; x_wconf 80' lang='grc' dir='ltr'><strong><em>τῆς</em></strong></span> <span class='ocrx_word' id='word_1_155' title='bbox 566 2337 761 2428; x_wconf 80' lang='grc' dir='ltr'><strong><em>ἁρμαμάξης</em></strong></span> <span class='ocrx_word' id='word_1_156' title='bbox 776 2336 895 2423; x_wconf 86' lang='grc' dir='ltr'><strong><em>ἐχώρεε</em></strong></span> <span class='ocrx_word' id='word_1_157' title='bbox 916 2337 949 2414; x_wconf 91' lang='grc' dir='ltr'><strong><em>ές</em></strong></span> <span class='ocrx_word' id='word_1_158' title='bbox 962 2332 1041 2413; x_wconf 85' lang='grc' dir='ltr'><strong><em>τούς</em></strong></span> <span class='ocrx_word' id='word_1_159' title='bbox 1055 2340 1257 2423; x_wconf 82' lang='grc' dir='ltr'><strong><em>Λακεδαιμο·</em></strong></span> <span class='ocrx_word' id='word_1_160' title='bbox 1274 2370 1275 2425; x_wconf 58' lang='lat'><em>3</em></span> 
     </span>
     <span class='ocr_line' id='line_1_22' title="bbox 257 2430 1275 2527; baseline -0.009 -16"><span class='ocrx_word' id='word_1_161' title='bbox 257 2449 351 2519; x_wconf 85' lang='grc' dir='ltr'><strong><em>νέους</em></strong></span> <span class='ocrx_word' id='word_1_162' title='bbox 367 2445 412 2507; x_wconf 81' lang='grc' dir='ltr'><strong><em>ἔτι</em></strong></span> <span class='ocrx_word' id='word_1_163' title='bbox 429 2441 466 2506; x_wconf 90' lang='grc' dir='ltr'><strong><em>ἐν</em></strong></span> <span class='ocrx_word' id='word_1_164' title='bbox 480 2443 555 2527; x_wconf 75' lang='grc' dir='ltr'><strong><em>τῇσι</em></strong></span> <span class='ocrx_word' id='word_1_165' title='bbox 571 2445 695 2527; x_wconf 78' lang='grc' dir='ltr'><strong><em>φονῇσι</em></strong></span> <span class='ocrx_word' id='word_1_166' title='bbox 708 2438 834 2523; x_wconf 86' lang='grc' dir='ltr'><strong><em>ἐόντας,</em></strong></span> <span class='ocrx_word' id='word_1_167' title='bbox 851 2435 964 2522; x_wconf 84' lang='grc' dir='ltr'><strong><em>ὃρώσα</em></strong></span> <span class='ocrx_word' id='word_1_168' title='bbox 980 2439 1016 2504; x_wconf 80' lang='grc' dir='ltr'><strong><em>δὲ</em></strong></span> <span class='ocrx_word' id='word_1_169' title='bbox 1028 2437 1138 2504; x_wconf 89' lang='grc' dir='ltr'><strong><em>πάντα</em></strong></span> <span class='ocrx_word' id='word_1_170' title='bbox 1154 2439 1258 2505; x_wconf 77' lang='grc' dir='ltr'><strong><em>έκεῖνο</em></strong></span> <span class='ocrx_word' id='word_1_171' title='bbox 1274 2430 1275 2489; x_wconf 61' lang='grc' dir='ltr'><strong>ἶ</strong></span> 
     </span>
     <span class='ocr_line' id='line_1_23' title="bbox 257 2533 1258 2623; baseline -0.009 -15"><span class='ocrx_word' id='word_1_172' title='bbox 257 2540 415 2608; x_wconf 83' lang='grc' dir='ltr'><strong><em>διέποντα</em></strong></span> <span class='ocrx_word' id='word_1_173' title='bbox 431 2544 648 2623; x_wconf 85' lang='grc' dir='ltr'><strong><em>Παυσανίην,</em></strong></span> <span class='ocrx_word' id='word_1_174' title='bbox 664 2536 833 2623; x_wconf 87' lang='grc' dir='ltr'><strong><em>πρότερόν</em></strong></span> <span class='ocrx_word' id='word_1_175' title='bbox 847 2533 932 2604; x_wconf 83' lang='grc' dir='ltr'><strong><em>τετὸ</em></strong></span> <span class='ocrx_word' id='word_1_176' title='bbox 950 2533 1080 2620; x_wconf 77' lang='grc' dir='ltr'><strong><em>οὕνομα</em></strong></span> <span class='ocrx_word' id='word_1_177' title='bbox 1094 2535 1258 2614; x_wconf 83' lang='grc' dir='ltr'><strong><em>έξεπιστα-</em></strong></span> 
     </span>
     <span class='ocr_line' id='line_1_24' title="bbox 257 2630 1258 2726; baseline -0.008 -21"><span class='ocrx_word' id='word_1_178' title='bbox 257 2639 341 2726; x_wconf 90' lang='grc' dir='ltr'><strong><em>μένη</em></strong></span> <span class='ocrx_word' id='word_1_179' title='bbox 358 2637 414 2703; x_wconf 79' lang='grc' dir='ltr'><strong><em>καὶ</em></strong></span> <span class='ocrx_word' id='word_1_180' title='bbox 428 2633 490 2722; x_wconf 79' lang='grc' dir='ltr'><strong><em>την</em></strong></span> <span class='ocrx_word' id='word_1_181' title='bbox 505 2636 637 2723; x_wconf 88' lang='grc' dir='ltr'><strong><em>πάτρην</em></strong></span> <span class='ocrx_word' id='word_1_182' title='bbox 653 2634 737 2703; x_wconf 83' lang='grc' dir='ltr'><strong><em>ώστε</em></strong></span> <span class='ocrx_word' id='word_1_183' title='bbox 750 2635 912 2714; x_wconf 89' lang='grc' dir='ltr'><strong><em>πολλάκις</em></strong></span> <span class='ocrx_word' id='word_1_184' title='bbox 927 2630 1110 2719; x_wconf 86' lang='grc' dir='ltr'><strong><em>ἀκούσασα,</em></strong></span> <span class='ocrx_word' id='word_1_185' title='bbox 1126 2639 1214 2719; x_wconf 84' lang='grc' dir='ltr'><strong><em>έγυω</em></strong></span> <span class='ocrx_word' id='word_1_186' title='bbox 1229 2657 1258 2697; x_wconf 86' lang='grc' dir='ltr'><strong><em>τε</em></strong></span> 
     </span>
     <span class='ocr_line' id='line_1_25' title="bbox 256 2730 1275 2821; baseline -0.008 -18"><span class='ocrx_word' id='word_1_187' title='bbox 256 2734 316 2803; x_wconf 82' lang='grc' dir='ltr'><strong><em>τόν</em></strong></span> <span class='ocrx_word' id='word_1_188' title='bbox 327 2740 527 2821; x_wconf 86' lang='grc' dir='ltr'><strong><em>Παυσανίην</em></strong></span> <span class='ocrx_word' id='word_1_189' title='bbox 540 2738 596 2802; x_wconf 79' lang='grc' dir='ltr'><strong><em>καὶ</em></strong></span> <span class='ocrx_word' id='word_1_190' title='bbox 606 2736 775 2821; x_wconf 84' lang='grc' dir='ltr'><strong><em>λαβομένη</em></strong></span> <span class='ocrx_word' id='word_1_191' title='bbox 791 2742 858 2801; x_wconf 83' lang='grc' dir='ltr'><strong><em>τών</em></strong></span> <span class='ocrx_word' id='word_1_192' title='bbox 873 2732 1051 2820; x_wconf 90' lang='grc' dir='ltr'><strong><em>γουνάτων</em></strong></span> <span class='ocrx_word' id='word_1_193' title='bbox 1062 2738 1155 2819; x_wconf 85' lang='grc' dir='ltr'><strong><em>έλεγε</em></strong></span> <span class='ocrx_word' id='word_1_194' title='bbox 1168 2732 1256 2799; x_wconf 87' lang='grc' dir='ltr'><strong><em>τάδε·</em></strong></span> <span class='ocrx_word' id='word_1_195' title='bbox 1274 2730 1275 2759; x_wconf 63' lang='lat'>¹</span> 
     </span>
     <span class='ocr_line' id='line_1_26' title="bbox 252 2828 1257 2920; baseline -0.003 -20"><span class='ocrx_word' id='word_1_196' title='bbox 252 2828 291 2900; x_wconf 76' lang='grc' dir='ltr'><em>Ὦ</em></span> <span class='ocrx_word' id='word_1_197' title='bbox 313 2839 451 2918; x_wconf 87' lang='grc' dir='ltr'><strong><em>βασιλεῦ</em></strong></span> <span class='ocrx_word' id='word_1_198' title='bbox 467 2832 643 2919; x_wconf 87' lang='grc' dir='ltr'><strong><em>Σπάρτης,</em></strong></span> <span class='ocrx_word' id='word_1_199' title='bbox 669 2835 773 2920; x_wconf 79' lang='grc' dir='ltr'><strong><em>ῥῦσαί</em></strong></span> <span class='ocrx_word' id='word_1_200' title='bbox 786 2858 826 2919; x_wconf 90' lang='grc' dir='ltr'><strong><em>με</em></strong></span> <span class='ocrx_word' id='word_1_201' title='bbox 847 2829 909 2917; x_wconf 78' lang='grc' dir='ltr'><strong><em>τὴν</em></strong></span> <span class='ocrx_word' id='word_1_202' title='bbox 930 2834 1034 2898; x_wconf 79' lang='grc' dir='ltr'><strong><em>ἱκέτιν</em></strong></span> <span class='ocrx_word' id='word_1_203' title='bbox 1055 2829 1257 2916; x_wconf 80' lang='grc' dir='ltr'><strong><em>αἰχμαλώτου</em></strong></span> 
     </span>
     <span class='ocr_line' id='line_1_27' title="bbox 257 2924 1258 3016; baseline -0.006 -19"><span class='ocrx_word' id='word_1_204' title='bbox 257 2930 473 3015; x_wconf 83' lang='grc' dir='ltr'><strong><em>δουλοσύνης.</em></strong></span> <span class='ocrx_word' id='word_1_205' title='bbox 498 2927 541 2998; x_wconf 86' lang='grc' dir='ltr'><strong><em>σύ</em></strong></span> <span class='ocrx_word' id='word_1_206' title='bbox 555 2929 621 3016; x_wconf 82' lang='grc' dir='ltr'><strong><em>γάρ</em></strong></span> <span class='ocrx_word' id='word_1_207' title='bbox 637 2932 693 2998; x_wconf 77' lang='grc' dir='ltr'><strong><em>καὶ</em></strong></span> <span class='ocrx_word' id='word_1_208' title='bbox 710 2934 742 3009; x_wconf 86' lang='grc' dir='ltr'><strong><em>ἐς</em></strong></span> <span class='ocrx_word' id='word_1_209' title='bbox 759 2930 836 2998; x_wconf 89' lang='grc' dir='ltr'><strong><em>τόδε</em></strong></span> <span class='ocrx_word' id='word_1_210' title='bbox 859 2926 989 3016; x_wconf 84' lang='grc' dir='ltr'><strong><em>ώνησας</em></strong></span> <span class='ocrx_word' id='word_1_211' title='bbox 1006 2929 1129 2996; x_wconf 85' lang='grc' dir='ltr'><strong><em>τούσδε</em></strong></span> <span class='ocrx_word' id='word_1_212' title='bbox 1143 2924 1258 2994; x_wconf 76' lang='grc' dir='ltr'><strong><em>άπολέ</em></strong></span> 
     </span>
     <span class='ocr_line' id='line_1_28' title="bbox 257 3023 1259 3111; baseline -0.007 -17"><span class='ocrx_word' id='word_1_213' title='bbox 257 3048 316 3105; x_wconf 86' lang='grc' dir='ltr'><strong><em>σας</em></strong></span> <span class='ocrx_word' id='word_1_214' title='bbox 331 3023 410 3103; x_wconf 88' lang='grc' dir='ltr'><strong><em>τούς</em></strong></span> <span class='ocrx_word' id='word_1_215' title='bbox 424 3024 502 3092; x_wconf 88' lang='grc' dir='ltr'><strong><em>ούτε</em></strong></span> <span class='ocrx_word' id='word_1_216' title='bbox 516 3026 743 3111; x_wconf 82' lang='grc' dir='ltr'><strong><em>δαιμόνωυ”</em></strong></span> <span class='ocrx_word' id='word_1_217' title='bbox 701 3053 778 3095; x_wconf 89' lang='grc' dir='ltr'><strong><em>ουτε</em></strong></span> <span class='ocrx_word' id='word_1_218' title='bbox 791 3034 884 3096; x_wconf 79' lang='grc' dir='ltr'><strong><em>θεῶν</em></strong></span> <span class='ocrx_word' id='word_1_219' title='bbox 874 3025 975 3094; x_wconf 89' lang='grc' dir='ltr'><strong><em>όπιυ</em></strong></span> <span class='ocrx_word' id='word_1_220' title='bbox 987 3030 1131 3111; x_wconf 86' lang='grc' dir='ltr'><strong><em>έχουτας.</em></strong></span> <span class='ocrx_word' id='word_1_221' title='bbox 1153 3051 1170 3091; x_wconf 88' lang='grc' dir='ltr'><strong><em>ε</em></strong></span> <span class='ocrx_word' id='word_1_222' title='bbox 1170 3025 1259 3111; x_wconf 75' lang='grc' dir='ltr'><strong><em>μδδε</em></strong></span> 
     </span>
     <span class='ocr_line' id='line_1_29' title="bbox 256 3120 1261 3244; baseline -0.002 -52"><span class='ocrx_word' id='word_1_223' title='bbox 256 3127 352 3220; x_wconf 81' lang='grc' dir='ltr'><strong><em>γένος</em></strong></span> <span class='ocrx_word' id='word_1_224' title='bbox 366 3125 428 3209; x_wconf 75' lang='grc' dir='ltr'><strong><em>μὲν</em></strong></span> <span class='ocrx_word' id='word_1_225' title='bbox 443 3122 541 3215; x_wconf 89' lang='grc' dir='ltr'><strong><em>Κώη,</em></strong></span> <span class='ocrx_word' id='word_1_226' title='bbox 564 3127 718 3244; x_wconf 75' lang='grc' dir='ltr'><strong><em>θυγάτηρ</em></strong></span> <span class='ocrx_word' id='word_1_227' title='bbox 733 3129 769 3195; x_wconf 80' lang='grc' dir='ltr'><strong><em>δὲ</em></strong></span> <span class='ocrx_word' id='word_1_228' title='bbox 785 3124 1008 3211; x_wconf 88' lang='grc' dir='ltr'><strong><em>Ἡγητορίδεω</em></strong></span> <span class='ocrx_word' id='word_1_229' title='bbox 1027 3128 1089 3189; x_wconf 87' lang='grc' dir='ltr'><strong><em>τού</em></strong></span> <span class='ocrx_word' id='word_1_230' title='bbox 1106 3120 1261 3209; x_wconf 85' lang='grc' dir='ltr'><strong><em>Ἀνταγό-</em></strong></span> 
     </span>
     <span class='ocr_line' id='line_1_30' title="bbox 257 3216 1261 3309; baseline -0.001 -22"><span class='ocrx_word' id='word_1_231' title='bbox 257 3245 331 3306; x_wconf 92' lang='grc' dir='ltr'><strong><em>ρεω.</em></strong></span> <span class='ocrx_word' id='word_1_232' title='bbox 355 3227 411 3308; x_wconf 85' lang='grc' dir='ltr'><strong><em>βίη</em></strong></span> <span class='ocrx_word' id='word_1_233' title='bbox 427 3224 466 3288; x_wconf 88' lang='grc' dir='ltr'><strong><em>δε</em></strong></span> <span class='ocrx_word' id='word_1_234' title='bbox 477 3248 518 3306; x_wconf 91' lang='grc' dir='ltr'><strong><em>με</em></strong></span> <span class='ocrx_word' id='word_1_235' title='bbox 532 3221 646 3309; x_wconf 91' lang='grc' dir='ltr'><strong><em>λαβωυ</em></strong></span> <span class='ocrx_word' id='word_1_236' title='bbox 663 3226 700 3290; x_wconf 87' lang='grc' dir='ltr'><strong><em>ἐν</em></strong></span> <span class='ocrx_word' id='word_1_237' title='bbox 714 3221 818 3291; x_wconf 89' lang='grc' dir='ltr'><strong><em>Κω</em></strong></span> <span class='ocrx_word' id='word_1_238' title='bbox 788 3249 803 3290; x_wconf 90' lang='grc' dir='ltr'><strong><em>ε</em></strong></span> <span class='ocrx_word' id='word_1_239' title='bbox 815 3248 852 3309; x_wconf 90' lang='grc' dir='ltr'><strong><em>χε</em></strong></span> <span class='ocrx_word' id='word_1_240' title='bbox 870 3249 887 3289; x_wconf 95' lang='grc' dir='ltr'><strong><em>ο</em></strong></span> <span class='ocrx_word' id='word_1_241' title='bbox 875 3219 1046 3306; x_wconf 69' lang='grc' dir='ltr'><strong><em>’Πέρσης</em></strong></span> <span class='ocrx_word' id='word_1_242' title='bbox 1066 3216 1190 3288; x_wconf 75' lang='grc' dir='ltr'><strong><em>Ὁδὲ</em></strong></span> <span class='ocrx_word' id='word_1_243' title='bbox 1171 3224 1261 3306; x_wconf 88' lang='grc' dir='ltr'><strong><em>αμεί-</em></strong></span> 
     </span>
     <span class='ocr_line' id='line_1_31' title="bbox 255 3312 1261 3407; baseline -0.001 -25"><span class='ocrx_word' id='word_1_244' title='bbox 255 3326 349 3402; x_wconf 88' lang='grc' dir='ltr'><strong><em>βεται</em></strong></span> <span class='ocrx_word' id='word_1_245' title='bbox 369 3323 457 3385; x_wconf 92' lang='grc' dir='ltr'><strong><em>τοισί</em></strong></span> <span class='ocrx_word' id='word_1_246' title='bbox 442 3321 508 3385; x_wconf 89' lang='grc' dir='ltr'><strong><em>ίδε·</em></strong></span> <span class='ocrx_word' id='word_1_247' title='bbox 538 3319 663 3407; x_wconf 92' lang='grc' dir='ltr'><strong><em>Γύναι,</em></strong></span> <span class='ocrx_word' id='word_1_248' title='bbox 689 3320 815 3406; x_wconf 84' lang='grc' dir='ltr'><strong><em>θάρσεε</em></strong></span> <span class='ocrx_word' id='word_1_249' title='bbox 833 3322 888 3388; x_wconf 80' lang='grc' dir='ltr'><strong><em>καὶ</em></strong></span> <span class='ocrx_word' id='word_1_250' title='bbox 904 3315 949 3395; x_wconf 80' lang='grc' dir='ltr'><strong><em>ὦς</em></strong></span> <span class='ocrx_word' id='word_1_251' title='bbox 965 3317 1081 3403; x_wconf 86' lang='grc' dir='ltr'><strong><em>ίκέτις,</em></strong></span> <span class='ocrx_word' id='word_1_252' title='bbox 1102 3318 1208 3386; x_wconf 82' lang='grc' dir='ltr'><strong><em>καὶεί</em></strong></span> <span class='ocrx_word' id='word_1_253' title='bbox 1193 3312 1261 3399; x_wconf 88' lang='grc' dir='ltr'><strong><em>ίδη</em></strong></span> 
     </span>
     <span class='ocr_line' id='line_1_32' title="bbox 255 3413 1262 3508; baseline -0.002 -27"><span class='ocrx_word' id='word_1_254' title='bbox 255 3413 339 3497; x_wconf 85' lang='grc' dir='ltr'><strong><em>πρός</em></strong></span> <span class='ocrx_word' id='word_1_255' title='bbox 353 3417 461 3508; x_wconf 91' lang='grc' dir='ltr'><strong><em>τούτῳ</em></strong></span> <span class='ocrx_word' id='word_1_256' title='bbox 477 3419 651 3504; x_wconf 87' lang='grc' dir='ltr'><strong><em>τυγχάνεις</em></strong></span> <span class='ocrx_word' id='word_1_257' title='bbox 666 3416 795 3505; x_wconf 84' lang='grc' dir='ltr'><strong><em>ἀληθέα</em></strong></span> <span class='ocrx_word' id='word_1_258' title='bbox 811 3420 955 3504; x_wconf 92' lang='grc' dir='ltr'><strong><em>λέγουσα</em></strong></span> <span class='ocrx_word' id='word_1_259' title='bbox 969 3417 1025 3483; x_wconf 82' lang='grc' dir='ltr'><strong><em>καὶ</em></strong></span> <span class='ocrx_word' id='word_1_260' title='bbox 1046 3414 1093 3493; x_wconf 77' lang='grc' dir='ltr'><strong><em>εἰς</em></strong></span> <span class='ocrx_word' id='word_1_261' title='bbox 1106 3414 1262 3501; x_wconf 87' lang='grc' dir='ltr'><strong><em>θυγάτηο</em></strong></span> 
     </span>
     <span class='ocr_line' id='line_1_33' title="bbox 250 3485 1275 3606; baseline 0.001 -30.007"><span class='ocrx_word' id='word_1_262' title='bbox 250 3485 472 3597; x_wconf 82' lang='grc' dir='ltr'><strong><em>Ἡγητορίδέω</em></strong></span> <span class='ocrx_word' id='word_1_263' title='bbox 489 3540 551 3582; x_wconf 91' lang='grc' dir='ltr'><strong><em>του</em></strong></span> <span class='ocrx_word' id='word_1_264' title='bbox 535 3514 715 3606; x_wconf 82' lang='grc' dir='ltr'><strong><em>”Κῳου,“</em></strong></span> <span class='ocrx_word' id='word_1_265' title='bbox 695 3542 732 3593; x_wconf 88' lang='grc' dir='ltr'><strong><em>ος</em></strong></span> <span class='ocrx_word' id='word_1_266' title='bbox 744 3516 816 3601; x_wconf 82' lang='grc' dir='ltr'><strong><em>ἐμοὶ</em></strong></span> <span class='ocrx_word' id='word_1_267' title='bbox 827 3519 933 3594; x_wconf 75' lang='grc' dir='ltr'><strong><em>ξεῖνος</em></strong></span> <span class='ocrx_word' id='word_1_268' title='bbox 947 3514 1090 3598; x_wconf 87' lang='grc' dir='ltr'><strong><em>μάλιστα</em></strong></span> <span class='ocrx_word' id='word_1_269' title='bbox 1104 3514 1275 3601; x_wconf 78' lang='grc' dir='ltr'><strong><em>τυγχάνει</em></strong></span> 
     </span>
    </p>
   </div>
   <div class='ocr_carea' id='block_1_3' title="bbox 0 0 1298 3926">
    <p class='ocr_par' dir='ltr' id='par_1_6' title="bbox 0 0 1298 3926">
     <span class='ocr_line' id='line_1_34' title="bbox 0 0 1298 3926; baseline 0 1"><span class='ocrx_word' id='word_1_270' title='bbox 0 0 1298 3926; x_wconf 95' lang='lat' dir='ltr'><strong><em> </em></strong></span> 
     </span>
    </p>
   </div>
  </div>
 </body>
</html>
