2594 3936
195 207 258 271 112
567 212 818 271 HERODOTI

125 386 172 441 121
275 376 401 456 Θῶυμα
418 371 458 438 δέ
468 395 543 457 μοι,
567 372 623 438 παὶ
640 366 702 438 οάιι
717 372 892 457 ἐνδέκομαι
907 369 969 440 τδν
988 370 1102 458 λόγον,
1123 367 1203 438 Ἀλ-

192 475 396 560 ιιμαιοινίδας
413 470 457 540 ἀν
476 496 552 540 ποτε
577 468 732 552 ἀναδέξαι
751 476 900 561 Πέρσῃσι
925 474 962 540 ἐκ
982 469 1204 558 συνθήματος

193 569 332 658 ἀσπίδα,
347 574 574 658 βουλομένους
587 568 655 639 υπδ
671 571 875 659 βαρβάροισί
887 595 924 638 τε
937 568 1023 638 εἶναι
1038 566 1202 656 Ἀθηναί-

193 697 253 750 ους
266 673 323 739 καὶ
336 668 403 738 ύπδ
413 668 539 760 Ἱππίῃ,
555 673 676 750 οἵτινες
689 677 819 757 μᾶλλον
832 665 854 758 ἢ
870 666 992 756 ὁμοίως
1006 675 1135 758 Καλλίῃ
1149 676 1199 760 τῷ

192 773 404 855 Φαινίππου,
414 766 607 839 Ἱππονίκου
622 770 660 837 δὲ
669 771 785 856 πατρὶ,
801 775 980 856 φαίνονται
990 769 1200 855 μισοτύραν·

191 891 246 935 νοι
264 865 383 946 ἐόντες.
404 873 550 953 Καλλίης
564 893 600 936 τε
615 864 680 955 γὰρ
694 872 821 952 μοῦνος
834 863 1024 954 Ἀθηναίων
1037 864 1200 936 ἁπάντων

161 998 163 1001 ·
192 964 324 1051 ἐτόλμα,
340 963 427 1043 ὅπως
437 970 673 1052 Πεισίστρατος
684 965 816 1032 ἐκπέσοι
827 965 864 1033 ἐιι
878 969 948 1032 τῶν
957 962 1140 1052 Ἀθηνέων,
1155 961 1197 1032 τά

191 1061 341 1150 χρήματα
361 1059 467 1131 αύτοῦ
486 1061 721 1149 κηρυσσόμενα
744 1056 811 1129 ύπδ
833 1066 895 1128 τού
916 1064 1079 1148 δημοσίου
1095 1057 1199 1129 ἀνέε-

57 1240 60 1249 ,
192 1170 285 1248 σθαι,
300 1163 356 1229 καὶ
369 1158 410 1229 τὰ
421 1158 506 1230 ἀλλα
515 1158 556 1229 τά
568 1166 705 1247 ἔχθιστα
716 1162 749 1239 ἐς
760 1156 865 1229 αὐτὸν
879 1158 989 1228 πύντα
1000 1162 1196 1248 ἐμηχανᾶτο.

125 1273 175 1325 122
191 1263 355 1344 [Καλλίεω
369 1258 406 1326 δὲ
422 1257 547 1328 τούτου
560 1252 656 1340 ἀξιον
669 1264 838 1344 πολλαχοῦ
851 1257 987 1346 μνήμην
1004 1261 1072 1328 ἐστὶ
1086 1258 1198 1327 πάντα

192 1352 267 1425 τινά
288 1361 386 1443 ἔχειν.
413 1356 593 1443 τοῦτομὲν
613 1355 678 1445 γάρ
695 1354 736 1424 τὰ
757 1359 1020 1444 προλελεγμένα,
1044 1353 1089 1437 ὡς
1109 1354 1197 1444 ἀνὴρ

192 1454 294 1540 ἀκρος
307 1457 499 1543 ἐλευθεροῦν
514 1455 578 1543 τὴν
591 1461 750 1543 πατρίδα,
765 1463 865 1527 τοῦτο
880 1456 917 1526 δὲ
930 1453 973 1525 τά
988 1460 1026 1525 ἐν
1035 1455 1199 1547 Ὀλυμπίῃ

192 1555 341 1640 ἐποίησε,
361 1556 452 1644 ἵππῳ
467 1554 623 1642 νικήσας,
646 1560 820 1646 τεθρίππῳ
835 1557 872 1623 δέ
887 1553 1042 1641 δεύτερος
1055 1554 1200 1641 γενόμε-

191 1677 267 1737 νος,
282 1652 401 1720 Πύθια
412 1656 449 1722 δὲ
459 1653 626 1743 πρότερον
637 1650 849 1739 ἀνελόμενος,
861 1650 1063 1740 ἐφανερώθη
1075 1654 1108 1731 ἐς
1118 1648 1199 1732 τούς

189 1750 351 1840 Ἕλληνας
364 1752 492 1833 πάντας
501 1758 672 1842 μεγίστῃσι
683 1751 862 1841 δαπάνῃσι,
877 1757 976 1819 τοῦτο
989 1751 1027 1821 δὲ
1039 1749 1123 1821 τιατά
1137 1750 1198 1832 τάς

192 1853 320 1920 ἑαυτοῦ
340 1853 532 1940 θυγατέρας
546 1851 666 1931 ἐούσας
685 1861 774 1936 τρεῖς
793 1845 864 1928 οἷός
885 1873 934 1928 τις
950 1846 1036 1938 ἀνὴρ
1053 1851 1196 1937 ἐγένετο.
1284 1802 1286 1935 δ

191 1945 305 2035 ἐπειδὴ
320 1945 386 2035 γάρ
401 1949 556 2034 ἐγένοντο
576 1947 689 2035 γύμου
706 1944 841 2036 ἀραίαν,
865 1950 972 2016 έδωιιέ
987 1966 1048 2035 σφι
1063 1944 1198 2034 δωρεὴν

190 2047 545 2167 μεγαλοπρεπεστάτην
559 2049 706 2135 ἐκείνῃσί
711 2070 747 2114 τε
764 2046 954 2131 ἐχαρίσατο·
976 2048 1013 2115 ἐιι
1025 2043 1091 2135 γάρ
1106 2045 1193 2114 πάν-
1284 2106 1285 2113 ,

188 2168 258 2210 των
271 2148 340 2212 τῶν
349 2141 539 2231 Ἀθηναίων
553 2140 615 2212 τδν
631 2143 752 2230 έκάστη
767 2143 879 2211 ἐθέλοι
894 2141 1003 2230 ἀνδρα
1018 2146 1125 2231 ἐωυτῃ
1139 2144 1194 2211 ἐκ

124 2256 174 2312 123
189 2244 359 2327 λέξασθαι,
378 2245 482 2311 ἐδωκε
494 2240 602 2333 ταύτῃ
616 2266 663 2330 τῃ
648 2237 780 2330 ἀνδρί
779 2247 799 2324 .]
765 2242 932 2310 ίΚαλοί
918 2239 1125 2328 λ’Λλιιμαιυν
1126 2243 1196 2308 ίδαι

190 2335 348 2427 ομοίως
325 2367 346 2427 η
363 2338 496 2412 ούδὲν”
475 2359 576 2409 εσσον
586 2339 709 2407 τούτου
722 2331 812 2426 ησαν
826 2337 1075 2427 μισοτύραννοι
1097 2342 1198 2406 θαυ-

188 2464 235 2524 μα
249 2430 299 2506 ἀν
314 2464 387 2529 μοι,
404 2441 460 2508 ναί
475 2464 517 2507 ου
506 2436 708 2528 ’προσίεμαι
724 2463 788 2526 την
803 2433 981 2527 διαβολην,
1001 2437 1141 2516 τούτους
1155 2463 1197 2523 γε

188 2536 344 2656 ἀνμδέξαι
360 2534 500 2625 ἀσπίδα,
517 2540 638 2619 οἵτινες
654 2539 802 2627 ἔφευγόν
815 2564 852 2609 τε
865 2535 927 2608 τδν
943 2536 1053 2607 πάντα
1069 2536 1196 2626 χρόνον

187 2632 267 2715 τούς
279 2635 486 2725 τυράννους,
507 2639 545 2705 ἐιι
561 2664 709 2725 μηχανης
723 2663 759 2706 τε
773 2664 831 2725 της
846 2637 977 2705 τούτου
997 2639 1147 2717 ἐξέλιπον
1162 2640 1198 2705 οί

187 2737 456 2819 Πεισιστρατίδαι
474 2731 537 2822 τὴν
559 2740 753 2820 τυραννίδα.
787 2737 842 2803 καὶ
866 2731 954 2801 οὕτω
971 2731 1031 2812 τάς
1049 2729 1196 2819 Ἀθήνας

189 2824 283 2900 οὗτοι
296 2825 385 2920 ἦσαν
399 2838 432 2901 οί
445 2836 734 2921 ἐλευθερώσαντες
748 2840 860 2925 πολλῷ
875 2840 1003 2920 μᾶλλον
1016 2833 1101 2923 ἥπερ
1114 2831 1196 2919 Ἀρ-

188 2930 305 3018 μύδιύς
319 2957 355 3001 τε
370 2934 425 3000 καὶ
435 2931 700 3023 Ἀριστογείτων,
723 2929 768 3014 ὡς
781 2930 845 3020 έγοδ
861 2937 974 3020 κρίνω.
1004 2935 1038 3000 οί
1050 2933 1112 3018 μὲν
1127 2929 1195 3017 γάρ
1281 2938 1282 2943 ’

188 3028 992 3118 ἐξηγρίωσαντούςὑπολοίπουςΠεισιστρατιδέαν
1011 3026 1197 3116 Ἵππαρχον
1281 3072 1282 3075 =

114 3136 117 3145 '
189 3124 459 3217 ἀποκτείναντες,
480 3126 562 3200 ούδέ
577 3158 609 3200 τι
632 3137 760 3218 μᾶλλον
780 3135 931 3199 ἔπαυσαν
953 3124 1033 3206 τούς
1054 3123 1196 3206 λοιπούς
1281 3112 1282 3157 ¹

187 3223 472 3314 τυραννεύοντας,
489 3225 745 3315 Ἀλιιμαιανίδαι
760 3227 796 3298 δέ
812 3230 985 3315 ἐμφανέως
998 3222 1175 3313 ἠλευθέρω

187 3339 268 3407 σαν,
290 3326 321 3390 εί
334 3321 374 3409 δὴ
391 3316 488 3393 οὗτοί
499 3352 538 3412 γε
558 3324 711 3413 ἀληθέως
729 3319 816 3414 ἦσαν
830 3329 865 3395 οί
878 3321 940 3412 την
955 3328 1094 3410 Πυθίην
1107 3318 1195 3389 ἀνα-

186 3425 358 3501 πείσαντες
367 3429 905 3514 προσημαίνεινΛακεδαιμονίοισι
917 3424 1123 3505 ἐλευθεροῦν
1133 3417 1195 3498 τάς
1280 3444 1281 3459 ’
