2588 3926
208 246 270 310 296
587 240 836 298 HERODOTI

211 409 240 471 εί
252 396 363 489 ἦλθον
377 402 439 486 μὲν
453 398 651 476 ἀπολέοντες
666 394 746 475 τούς
761 399 898 477 Φωκέας
918 403 1112 485 δεηθέντων
1127 412 1217 473 Θεσ-

210 506 339 586 σαλόν,
360 501 429 567 ἐπεὶ
444 497 480 566 δέ
496 495 595 583 ἀρων
609 494 692 583 πρός
707 493 862 583 ἀλέξησιν
874 502 1123 590 τραπομένους,
1146 507 1215 570 δεί-

209 621 325 677 σαντες
339 596 384 685 μὴ
396 599 451 665 καὶ
462 602 557 682 σφίσι
569 597 705 682 γένηται
715 596 887 683 τράματα,
906 597 994 666 οὕτω
1005 597 1046 687 δή
1057 599 1213 690 ἀπήλαυ-

209 727 271 769 νον
285 696 390 767 ὀπίσω
407 693 465 778 (ἀς
479 695 544 781 γάρ
565 714 626 781 σφι
642 695 825 763 ἐνετείλατο
838 695 1065 785 Μαρδόνιος),
1087 698 1161 767 οὔτ’
1185 705 1213 768 εί

209 798 321 869 αάτιδν
332 800 535 882 πειρηθῆναι
548 791 692 913 ήθέλησε
709 803 742 861 εί
750 821 781 860 τι
797 790 899 882 ἀλκῆς
914 797 1094 883 μετέχουσι.
1119 797 1210 880 ὡςδὲ

210 894 315 963 ὀπίσω
325 891 501 978 ἀπήλασαν
513 896 573 959 οί
558 892 694 960 ιππόται
701 897 856 978 ,πέμψας
867 896 1123 980 Μαρδόνιος
1078 923 1211 985 κηρυκα
1272 912 1273 971 ι

210 1000 301 1078 ἐλεγε
314 988 409 1059 τάδε
442 992 622 1078 Θαρσέετε,
637 1017 664 1057 ω
651 982 821 1068 Φωκέες.
850 988 1023 1078 ἀνδρες
983 1018 1048 1081 γαρ
1064 995 1212 1111 ἐφάνητε
1272 1012 1273 1093 χ

210 1090 321 1167 ἐόντες
337 1086 477 1174 ἀγαθοὶ,
492 1084 555 1155 οόκ
571 1085 615 1166 ὡς
630 1085 693 1173 ἐγοδ
706 1088 958 1174 ἐπυνθανόμην.
980 1093 1112 1158 καίνων
1126 1115 1213 1175 προ·
1272 1116 1273 1169 η

208 1187 328 1274 θόμως
343 1183 505 1273 φέρετε
470 1210 531 1251 τον
545 1185 693 1271 πόλεμον
707 1192 844 1252 τοῦτον
867 1181 1072 1276 εὐεργεσίῃσι
1087 1187 1153 1275 γάρ
1169 1185 1211 1256 οὗ

210 1285 362 1373 νικήσετε
371 1281 448 1352 οὕτε
460 1277 509 1352 ἀν
520 1284 576 1372 ἐμὲ
587 1282 664 1353 οότε
675 1287 821 1372 βασιλέα.
844 1282 892 1351 Τά
906 1310 980 1373 περι
971 1288 1186 1356 Φωκέων
1150 1315 1213 1374 μεν

162 1402 196 1456 19
212 1390 244 1465 ές
258 1392 397 1453 τοσοῦτο
412 1386 553 1470 ἐγένετο,
567 1383 827 1469 Λακεδαιμόνιοι
843 1380 916 1450 δὲ’
895 1408 939 1460 ως
953 1382 1036 1461 ές
1001 1409 1061 1452 τον
1074 1381 1273 1489 Ἰσθμόν

209 1478 336 1570 ἦλθον,
358 1484 395 1549 ἐν
414 1480 521 1570 τοότφ
542 1479 869 1567 ἐστρατοπεδεύοντο.
903 1479 1159 1600 πυνθανόμενοι
1175 1464 1273 1548 δὲ

210 1586 313 1647 ταῦτα
328 1582 361 1644 οί
373 1580 483 1645 λοιποί
493 1577 771 1663 Πελοποννήσιοι,
786 1590 871 1644 τοισι
881 1602 921 1643 τα
910 1573 1057 1663 ἀμείνω
1071 1576 1210 1666 ἥνδανε,

210 1683 244 1747 οί
259 1676 296 1745 δὲ
310 1679 366 1744 και
385 1673 537 1762 ὁρέοντες
552 1675 698 1756 ἐξιόντας
712 1675 939 1761 Σπαρτιήτας,
961 1673 1023 1743 οὐκ
1043 1674 1212 1744 ἐδικαίευν

211 1782 385 1846 λείπεσθαι
408 1780 466 1861 τῆς
490 1775 607 1855 ἐξόδου
628 1776 911 1859 Λακεδαιμονίων.
948 1773 985 1839 έκ
1005 1770 1050 1858 δή
1076 1766 1126 1841 ἀν
1150 1781 1211 1841 τοῦ

207 1874 344 1961 Ἰσθμοῦ
362 1874 636 1961 καλλιρησάντων
655 1879 722 1940 τῶν
744 1877 828 1959 ίρων
853 1871 1053 1957 ἐπορεύοντο
1077 1874 1209 1961 πάντες,

211 1977 266 2043 καὶ
277 1972 490 2044 ἀπικνέονται
501 1976 533 2053 ἐς
543 1971 939 2060 Ἐλευσῑνονποιήσαντες
949 1975 985 2041 δέ
996 1978 1051 2042 καὶ
1063 1977 1210 2043 ἐνθαῦτα
1239 2052 1243 2061 Ι

157 2128 162 2135 ,
211 2070 284 2159 έρά,
302 2072 346 2152 ἀς
363 2092 423 2160 σφι
438 2075 615 2156 ἐκαλλίρεε,
630 2069 667 2138 τό
683 2070 798 2153 πρόσω
814 2071 1026 2157 ἐπορεύοντο,
1038 2070 1210 2158 Ἀθηναῖοι

212 2170 248 2240 δέ
262 2170 330 2257 ἀμα
346 2168 485 2254 αὐτοῖσι,
501 2167 676 2255 διαβάντες
689 2167 751 2254 μέν
765 2170 801 2235 ἐκ
812 2175 1014 2253 Σαλαμῖνος,
1029 2170 1212 2254 συμμιγέν-

211 2294 264 2346 τες
276 2271 312 2335 δέ
326 2270 363 2336 ἐν
374 2266 544 2337 Ἐλευσῖνι.
569 2263 613 2344 ὡς
626 2266 663 2334 δέ
676 2264 741 2351 ἀρα
759 2263 918 2334 ἀπίκοντο
932 2272 990 2351 της
1004 2274 1163 2352 Βοιωτίης
1178 2271 1211 2346 ἐς

207 2363 389 2453 Ἐρυθράς,
404 2363 534 2450 ἐμαθόν
547 2390 583 2432 τε
598 2361 638 2450 δή
650 2362 729 2442 τοδς
742 2363 935 2451 βαρβάρους
950 2365 1003 2431 ἐπὶ
1018 2370 1064 2454 τῷ
1075 2361 1214 2456 Ἀσωπβ

212 2464 588 2549 στρατοπεδευομένους,
605 2463 813 2549 φρασθέντες
828 2461 864 2528 δέ
875 2467 974 2527 τοῦτο
989 2458 1211 2530 ἀντετάσσον-

162 2578 198 2630 20
213 2584 251 2628 το
267 2561 319 2627 ε’πί
335 2564 392 2644 τῆς
406 2553 558 2645 ὑπωρέης
572 2564 632 2626 τοῦ
646 2565 870 2646 Κιθαιρῶνος.
894 2559 1090 2644 Μαρδόνιος
1105 2560 1152 2647 δέ,
1168 2556 1213 2640 ὡς

213 2656 254 2728 06
268 2659 466 2744 κατέβαινον
478 2656 672 2745 οίἝλληνες
683 2661 716 2736 ές
725 2656 762 2725 τό
776 2661 902 2741 πεδίον,
914 2660 1034 2744 πέμπει
1046 2662 1079 2739 ἐς
1090 2656 1213 2738 αι’ποάς

212 2765 324 2825 πᾶσαν
338 2755 399 2844 τήν
414 2759 535 2844 ίππον,
559 2765 616 2845 τῆς
632 2758 792 2843 ίππάρχεε
807 2763 993 2836 Μασίστιος
1009 2755 1213 2844 εὐδοκιμέων

212 2853 302 2940 παρὰ
313 2856 472 2943 Πέρσησι,
487 2853 709 2942 τὸνἝλληνες
721 2860 912 2921 Μακίστιον
926 2856 1094 2943 καλέουσι,
1109 2857 1212 2923 ἵππον

213 2958 298 3039 ἔχων
312 2959 457 3020 Νισαῖον
473 2951 716 3038 χρυσοχάλινόν
729 2977 764 3018 τε
779 2954 834 3018 καὶ
845 2949 953 3031 άλλως
963 2956 1213 3038 κεκοσμημένον

214 3056 330 3128 καλῶς.
360 3052 507 3118 ἐνθαῦτα
530 3047 573 3128 ὡς
594 3049 809 3135 προσήλασαν
827 3053 861 3117 oc
878 3050 1014 3118 ίππόται
1035 3048 1120 3136 πρδς
1135 3051 1213 3132 τούς

214 3144 385 3234 Ἕλληνας,
400 3152 610 3235 προσέβαλον
619 3145 702 3215 κατὰ
714 3148 823 3215 τέλεα·
846 3147 1094 3234 προσβαλόντες
1108 3148 1145 3216 δέ
1153 3175 1214 3215 κα-

213 3242 255 3313 κά
280 3244 405 3331 μεγάλα
433 3247 610 3332 ἐργάζοντο
631 3249 686 3314 καὶ
703 3245 867 3331 γυναικός
892 3265 997 3331 σφεας
1017 3243 1211 3317 ἀπεκάλεον.

164 3360 197 3410 21
215 3338 309 3407 Κατά
327 3348 508 3429 συντυχίην
523 3344 559 3410 δέ
572 3347 745 3429 Μεγαρέες
760 3348 878 3430 ἔτυχον
891 3344 1118 3430 ταχθέντες
1078 3372 1118 3434 τη
1132 3371 1166 3413 τε
1177 3344 1213 3415 τό

215 3437 462 3524 ἐπιμαχώτατον
483 3433 527 3528 ήν
547 3448 608 3508 τοῦ
629 3448 753 3528 χωρίου
773 3439 913 3528 παντός,
940 3440 1030 3530 καλή
1051 3442 1215 3524 πρόσοδος
