2622 3928
1189 9 1302 157 ,Α

194 240 237 303 ςς
569 232 820 291 οτοοοοει

195 398 260 486 γάρ
278 388 518 465 καταιτιῶνται.
541 394 696 478 λέγονται
711 391 746 460 δέ
757 390 882 478 Σάμιοι
897 397 1047 465 ἐνθαῦτα
1060 397 1143 467 κατά
1159 399 1200 467 τά

195 502 396 584 συγκείμενα
411 490 495 579 πρός
515 490 576 559 τόν
592 491 721 560 Αἰάκεα
741 488 936 578 ἀειράμενοι
952 491 993 562 τά
1013 498 1100 563 ίστία
1114 492 1201 563 άπο-

194 602 324 667 πλάσαι
340 596 376 662 ἐκ
391 599 448 680 τής
461 590 571 671 τάξιος
586 592 619 670 ἐς
632 587 695 677 τήν
710 589 845 677 Σάμον,
860 588 949 677 πλήν
965 593 1085 661 ένδεκα
1100 601 1198 663 νεῶν.
1300 612 1302 681 ξ

195 696 325 766 τούτων
335 692 373 761 δέ
384 696 419 760 οί
427 690 621 778 τριήραρχοι
632 693 821 778 παρέμενον
831 693 886 758 καὶ
898 690 1105 778 ἐναυμάχεον
1116 689 1201 779 άυη-

195 791 439 880 κουστήσαντες
454 802 539 857 τοίσι
554 802 781 877 στρατηγοῖσι·
803 795 862 857 καί
872 809 933 875 σφι
947 787 985 858 τό
1001 789 1119 859 κοινόν
1132 798 1201 859 τῶν

119 920 135 949 ·
196 900 336 982 Σαμίων
351 896 454 961 ἔδωκε
474 888 530 958 διά
546 896 645 958 τοῦτο
666 886 703 957 τὸ
721 896 856 977 πρήγμα
873 894 910 958 ἐν
930 891 1035 980 στήλη
1050 890 1200 979 άναγρα-

196 1002 301 1082 φῆναι
315 991 489 1078 πατρόθεν
504 985 549 1067 ὡς
563 985 706 1072 άνδράσι
723 985 881 1075 άγαθοίσι
895 992 1122 1076 γενομένοισι,
1144 992 1199 1057 καὶ

196 1099 264 1162 ἔστι
279 1089 363 1176 αὕτη
380 1086 401 1175 ἡ
417 1088 521 1176 στήλη
536 1089 573 1155 ἐν
587 1093 627 1175 τή
641 1083 756 1175 άγορή.
780 1085 929 1173 ίδόμευοι
944 1089 980 1155 δέ
993 1089 1049 1156 καί
1061 1090 1198 1175 Λέσβιοι

195 1189 273 1269 τούς
285 1188 464 1274 προσεχέας
475 1186 662 1273 φεύγοντας
671 1181 778 1252 τάυτό
786 1187 922 1254 έποίευν
931 1191 1193 1273 τοίσιΣαμίοισι·

195 1285 239 1367 δός
256 1286 293 1355 δέ
309 1288 364 1354 καί
377 1291 412 1354 οί
420 1291 562 1362 πλεῦνες
571 1289 639 1351 τάν
649 1279 771 1351 Ἰάνων
785 1283 920 1350 ἐποίευν
931 1281 970 1352 τά
984 1280 1070 1352 αότά
1083 1291 1196 1352 ταῦτα.

147 1405 181 1456 15
201 1394 277 1455 Τῶν
298 1384 335 1453 δέ
354 1382 634 1470 παραμεινάντων
658 1384 695 1450 ἐν
717 1387 758 1469 τῇ
777 1387 943 1469 ναυμαχίῃ
964 1385 1198 1470 περιέφθησαν
1300 1444 1302 1452 .

195 1484 381 1574 τρηχύτατα
397 1490 474 1551 Χίοι
491 1480 537 1561 ὡς
552 1479 835 1566 ἀποδεικνύμενοί
845 1505 881 1548 τε
895 1485 976 1568 ἔργα
989 1479 1125 1568 λαμπρά
1142 1484 1199 1549 καὶ

197 1580 259 1652 οὐκ
280 1581 571 1659 ἐθελοκακέοντες·
599 1584 796 1667 παρείχοντο
817 1578 880 1666 μέν
899 1578 982 1668 γάρ,
1006 1578 1118 1667 ὥσπερ
1142 1583 1199 1648 καὶ

195 1683 362 1772 πρότερον
379 1684 509 1768 εἰρέθη,
533 1683 610 1760 νέας
625 1677 819 1749 έκατόνκαλ
839 1678 892 1750 ἐπ’
913 1681 1052 1769 ἑκάστης
1067 1679 1197 1750 αὐτέων

195 1783 321 1869 ἄνδρας
329 1780 570 1869 τεσσεράκοντα
578 1776 763 1849 τῶνάστάν
773 1778 1196 1869 λογάδαςέπιβατεάοντας·

195 1880 348 2005 ὁρέοντες
368 1879 405 1948 δέ
425 1877 504 1959 τούς
518 1876 664 1958 πολλοδς
682 1904 751 1948 των
771 1877 955 2001 συμμάχων
974 1878 1197 1967 προδιδόντας

195 1979 258 2050 οὐκ
269 1983 437 2050 ἐδικαίευν
448 1980 607 2064 γενέσθαι
617 1991 703 2046 τοῖσι
714 1991 845 2047 κακοίσι
861 1975 974 2046 αὐτῶν
990 1975 1117 2065 ὁμοίοι,
1135 1975 1196 2046 άλ-

194 2075 235 2147 λά
254 2103 313 2164 μετ
316 2074 465 2162 ’ὀλίγων
477 2075 668 2195 συμμάχων
685 2076 939 2165 μεμουνωμένοι
957 2071 1197 2154 διεκπλέοντες

194 2174 411 2261 ἐναυμάχεον,
419 2171 483 2252 ές“
463 2198 481 2239 ο
492 2198 561 2240 των
571 2179 740 2260 πολεμίων
747 2171 927 2252 έλόντες’
888 2199 967 2253 νεας
978 2169 1197 2261 συχνάςάπέ-

193 2281 299 2361 βαλον
308 2296 376 2338 των
387 2270 560 2357 σφετέρων
570 2277 658 2338 νεῶν
668 2268 726 2349 τάς
737 2276 891 2350 πλεῦνας.
907 2279 984 2340 Χίοι
994 2272 1057 2359 μέν
1069 2270 1111 2360 δή
1121 2277 1197 2361 τησι

146 2385 178 2439 16
193 2375 327 2459 λοιπῇσι
341 2374 408 2436 τῶν
428 2374 516 2436 νειόυ
530 2365 764 2455 άποφιάγουσι
784 2372 818 2448 ἐς
836 2368 899 2457 τήν
914 2369 1065 2457 ἑαυτῶν,
1087 2367 1195 2441 ὅσοισι

192 2468 229 2537 δὲ
241 2472 310 2535 τῶν
320 2470 414 2534 Χίων
427 2462 589 2534 άδάνατοι
605 2458 690 2554 ήσαν
703 2471 740 2536 αλ
751 2467 826 2547 νέες
839 2465 905 2537 ὑπό
920 2468 1115 2557 τρωμάτων,
1133 2460 1196 2538 οὖ-
1286 2494 1289 2499 ’

191 2593 243 2636 τοι
257 2565 294 2634 δέ
309 2562 354 2645 ὡς
368 2565 565 2655 ἐδιώκοντο,
581 2566 880 2657 καταφυγγάνουσι
896 2568 981 2659 πρός
994 2569 1057 2659 τήν
1067 2570 1195 2641 Μυκά-

189 2677 261 2755 λην.
285 2666 364 2745 νέας
381 2666 443 2752 μέν
459 2662 499 2753 δή
515 2663 620 2737 αὐτοῦ
640 2668 746 2757 ταάτη
759 2673 989 2749 ἐποκείλαντες
1001 2669 1194 2756 κατέλιπον,
1296 2696 1298 2717 ι

190 2772 224 2833 οί
237 2766 273 2835 δέ
284 2772 363 2855 πεζή
379 2770 568 2852 ἐκομίζοντο
583 2764 638 2835 διά
653 2773 712 2854 τῆς
724 2764 874 2856 ήπείρου.
897 2769 968 2837 ἐπεὶ
982 2768 1019 2837 δέ
1033 2768 1194 2857 ἐσέβαλον
1295 2806 1298 2871 4

190 2868 223 2942 ἐς
236 2862 299 2949 τήν
309 2861 465 2950 Ἐφεσίην
479 2865 690 2952 κομιζόμενοι
708 2868 742 2934 οί
755 2873 849 2952 Χῖοι,
864 2865 987 2945 νυκτός
1000 2891 1036 2935 τε
1053 2864 1194 2935 άπίκατο
1295 2876 1297 2879 ’

191 2966 224 3042 ἐς
239 2959 346 3049 αὐτήν
359 2966 415 3030 καί
430 2964 556 3032 ἐόντων
569 2972 644 3054 τήσι
657 2966 790 3087 γυναιξὶ
801 2962 925 3035 αὐτόθι
941 2974 1191 3089 θεσμοφορίων.

191 3065 340 3132 ένθαυτα
355 3059 395 3149 δή
412 3059 463 3129 οῖ’
457 3061 615 3152 Εφέσιοι,
633 3062 711 3133 οὔτε
720 3064 967 3152 προακηκοότες
981 3090 1027 3144 ως
1040 3062 1105 3151 είχε
1117 3066 1194 3152 περὶ
1295 3116 1296 3125 .

189 3168 258 3229 τῶν
267 3164 376 3245 Χίων,
392 3158 520 3240 ίδόντες
532 3188 568 3231 τε
583 3160 727 3250 στρατόν
741 3160 826 3242 ἐς
789 3188 852 3250 την
864 3162 978 3252 χάρην
992 3163 1194 3251 ἐσβεβληκό-

190 3288 246 3346 τα,
268 3259 379 3344 πάγχυ
396 3260 501 3344 σφέας
520 3263 760 3343 καταδόξαντες
781 3259 866 3331 εἶναι
882 3267 1016 3340 κλωπας
1035 3263 1091 3329 καί
1107 3259 1194 3331 ίέναι

190 3354 294 3426 έπλ
256 3382 316 3435 τας
329 3368 491 3441 γυναίκας
501 3359 701 3456 ἐξεβοήθεον
711 3362 877 3448 πανδημεὶ
887 3361 944 3429 καλ
954 3364 1105 3429 ἔκτεινον
1114 3383 1194 3438 τους

191 3462 300 3532 Χίους
336 3445 430 3521 οὗτοι
457 3455 519 3541 μέν
537 3484 603 3525 νου
628 3459 799 3547 τοιαότησι
824 3456 1041 3545 περιέπιπτον
1065 3456 1211 3544 τύχησε,
