2622 3928
238 239 324 294 LIB
355 237 391 292 V.
426 236 755 293 GAP.124-Llss
788 237 835 291 VI.
870 236 967 293 CAP
1001 242 1027 294 5
1093 237 1133 298 61

121 394 346 484 Ἀρταφέρνης
362 394 426 482 μέν
444 398 548 461 ταῦτα
568 393 602 473 ἐς
621 387 685 514 την
707 388 892 461 ἀπόστασιν
913 399 1029 480 ἔχοντα
1049 393 1165 482 εἷπε,λ

7 484 9 531 ³
119 494 270 573 Ἱστιαῖος
292 492 328 579 δέ
350 484 507 570 δείσας
485 516 530 570 ως
554 492 712 557 θυνιὲνΐα
732 486 999 576 'onaoee‘pvw
981 515 1048 559 ”⁷⁶⁰
1070 490 1133 579 τὴν

123 593 261 680 πρύτην
276 573 490 659 ἐπελθοῦσαν
503 588 611 657 νύκτα
622 584 749 673 ἀπέδρη
765 588 818 656 ἐπὶ
831 587 1020 676 θάλασσαν,
1034 597 1133 677 βασι-

6 736 7 741 1
122 697 182 767 λέα
193 704 342 779 Δαρείου
353 686 616 787 ἐξηπατηκάς,“
596 715 633 768 ος
644 686 769 777 Σαρδοδ
783 695 890 776 νησον
899 714 962 777 την
972 694 1132 777 μεγίστην

6 805 23 840 '·
121 791 372 895 ὑποδεξάμενος
391 788 658 877 κατεργάσεσθαι
678 785 827 859 ῦπέδυνε
847 794 915 855 τῶν
932 785 1055 858 Ἰάνων
1068 785 1132 875 τὴν

123 874 306 978 ἡγεμονίην
319 913 380 956 του
390 911 474 976 προς
484 897 633 972 Δαρεῖον
643 884 801 972 πολεμου
824 882 1129 1009 διαβάςδέέςΧίον

122 983 264 1109 ἐδέθη
247 983 313 1065 υπὸ
334 992 444 1073 Χίων,
472 987 723 1071 καταγνωσθεὶς
742 982 826 1072 πρὸς
848 983 961 1053 αύτῦν
981 985 1128 1071 νεάτερα

5 1094 6 1097 ’
121 1085 285 1179 πρήσσειν
300 1086 476 1174 πρήγματα
496 1088 529 1163 ἐς
551 1081 697 1162 έωυτοῦς
718 1085 754 1151 ἐκ
768 1089 926 1171 Δαρείου
961 1083 1128 1171 μαθόντες

121 1189 236 1274 μέντοι
250 1189 285 1253 oc
298 1193 375 1254 Χλοι
388 1182 448 1253 τὸν
464 1184 574 1252 πάντα
588 1181 709 1269 λόγον,
733 1178 777 1262 ὡς
794 1184 950 1267 πολέμιος
964 1191 1018 1269 εἴη
1028 1189 1127 1302 βασι-

121 1287 188 1370 λέί,
206 1289 329 1351 ἔλυσαν
343 1281 456 1352 αύτόν.
490 1280 657 1352 Ἐνταῦθα
668 1279 709 1368 δὴ
727 1278 995 1368 είρωτεύμενος
977 1278 1043 1349 υπό
1059 1307 1128 1348 των
1141 1292 1158 1346 3

120 1384 242 1457 Ἰύνων
262 1382 280 1453 6
298 1382 463 1472 Ἱστιαῖος,
481 1381 555 1452 κατ’
574 1381 639 1451 ὅτι
654 1382 841 1468 προθύμως
856 1379 945 1448 ούτω
962 1382 1127 1449 ἐπέστειλε

119 1510 166 1577 τφ
152 1480 394 1571 Ἀρισταγόρῃ
408 1479 648 1553 ἀπίστασθαι’
628 1505 694 1549 απο
683 1478 863 1569 βασιλέος
877 1483 932 1549 καλ
949 1477 1055 1549 κακὸν
1069 1506 1127 1547 το-

120 1591 221 1654 σοῦτο
239 1593 290 1670 εἴη
296 1582 412 1665 Ἴωνας
429 1584 684 1670 ἐξεργασμένος,
703 1607 765 1667 την
784 1581 847 1666 μέν
861 1582 1047 1666 γενομένην
1062 1576 1126 1646 αύ-

119 1699 204 1754 τολσι
221 1691 330 1772 αἰτίην
346 1682 388 1752 06
404 1684 493 1771 μάλα
507 1679 702 1770 ἐξέφαινε,
687 1708 705 1750 ο
721 1682 758 1749 δέ
773 1684 867 1768 ἐλεγέ
879 1700 951 1769 σφι,
967 1678 1013 1760 ὡς
1027 1688 1125 1769 βασι-

4 1830 6 1865 :
119 1781 197 1863 Ᾱὸῧς
208 1793 353 1870 Δαρελος
367 1782 589 1871 ἐβουλεύσατο
602 1789 762 1862 Φοίνικας
776 1781 839 1868 μὲν
850 1781 1074 1869 ἐξαναστήσας
1087 1784 1124 1850 ἐν
1212 1827 1217 1837 ·

4 1878 6 1883 ’
118 1891 158 1971 τῇ
166 1880 273 1970 Ἰωνίη
287 1889 489 1968 κατοικίσαι,
502 1881 621 1962 Ἴωνας
638 1884 675 1951 δέ
690 1884 727 1951 ἐν
741 1888 781 1971 τῇ
796 1888 954 1972 Φοινίκη,
974 1878 1030 1979 καὶ
1043 1881 1125 1949 τού-
1179 1951 1180 1955 ,

118 2007 187 2048 των
199 1984 327 2049 εἵνεκεν
336 1983 536 2052 ἐπιστείλειε.
555 1981 656 2051 ούδέν
666 2010 698 2052 τι
708 1982 841 2062 πάντας
850 1989 954 2052 ταῦτα
968 1983 1120 2071 βασιλέος

119 2083 391 2168 βουλευσαμένου
405 2082 580 2168 ἐδειμάτου
594 2079 805 2163 τοῦςἼωνας.
833 2079 930 2149 Μετὰ
947 2080 983 2149 δὲ
997 2077 1150 2149 wau-4

3 2270 4 2275 ἵ
38 2254 40 2257 ,
118 2195 189 2260 αλος
203 2179 249 2248 δι’
262 2177 406 2268 ἀγγέλου
417 2185 616 2270 ποιεύμενος
624 2182 810 2272 Ἑρμίππου
822 2181 946 2271 ἀνδρὸς
956 2181 1125 2270 Ἀταρνεί-

116 2305 180 2349 τεω
194 2294 279 2349 τοῖσι
301 2282 338 2349 ἐν
352 2281 499 2371 Σάρδισι
520 2285 612 2352 ἐοῦσι
624 2288 785 2370 Περσέων
801 2289 925 2370 ἔπεμπε
946 2291 1058 2373 βιβλία
1079 2279 1124 2360 ὡς

3 2376 6 2453 ἶ
114 2385 494 2468 προλελεσχηνευμένων
515 2378 606 2473 αὐτῷ
623 2379 825 2460 ἀποστάσιος
838 2384 923 2469 πέρι.
953 2380 971 2450 6
994 2383 1031 2450 δέ
1044 2379 1122 2465 Ἕρ-

3 2558 4 2561 ,
114 2502 254 2566 μιππος,
270 2478 355 2564 πρὸς
370 2479 451 2562 τοῦς
465 2482 528 2570 μὲν
543 2479 767 2570 ἀπεπέμφθη,
782 2479 824 2551 οῦ
838 2486 936 2569 διδολ,
955 2485 1069 2571 φέρων
1086 2483 1122 2550 δέ

2 2591 6 2679 J
116 2578 293 2663 ἐνεχείρισε
306 2576 346 2646 τά
362 2586 475 2667 βιβλία
492 2578 715 2670 Ἀρταφέρνεί.
747 2579 764 2651 6
787 2583 823 2650 δὲ
840 2580 963 2668 μαθάυ
979 2581 1070 2651 ἀπαν
1082 2581 1120 2650 τὸ

113 2675 297 2763 γινόμενον
312 2677 492 2747 ἐκέλευε
457 2704 518 2748 τον
525 2679 714 2768 Ἕρμιππον
723 2706 765 2750 τα
752 2678 838 2767 μὲν
852 2679 942 2770 παρά
954 2707 1015 2751 του
1000 2682 1122 2751 Ἱστι-

51 2804 56 2813 ·
115 2779 193 2842 αίου
208 2778 329 2842 δοῦναι
341 2776 487 2861 φέροντα
502 2785 591 2846 τοδσί
602 2803 665 2898 περ
681 2785 790 2901 ἔφερε,
805 2778 895 2848 τάδέ
907 2776 1066 2868 ἀμοιβαῖα
1080 2777 1120 2848 τά

3 2952 4 2957 ¹
114 2867 205 2953 παρά
221 2896 291 2940 των
302 2872 495 2958 Περσέων’
475 2877 748 2963 ἀντιπεμπόμενα
756 2874 930 2969 “lauatgo
912 2902 1024 2969 εωυτφ
1010 2881 1120 2947 δοῦ-
1196 2896 1198 2899 ’

3 2978 4 2981 ’
112 2996 179 3041 ναι.
203 2969 335 3039 τούτων
349 2971 387 3041 δέ
403 2975 597 3060 γενομένων
611 2972 955 3063 φαυερῦνάπέκτειυε
970 2978 1119 3046 ἐνθαῦτα

2 3106 7 3133 ι
111 3067 258 3149 πολλοῦς
274 3070 470 3156 Περσέων
456 3097 473 3140 0
489 3069 722 3162 Ἀρταφέρνης.
759 3075 844 3160 Περὶ
857 3075 986 3164 Σάρδις
1002 3078 1064 3163 μὲν
1078 3074 1151 3163 δηο

3 3196 5 3217 1
111 3172 242 3256 ἐγένετο
254 3167 391 3259 ταραχὴ,
402 3169 558 3242 Ἱστιαῖον
569 3171 606 3242 δέ
617 3175 739 3261 ταύτης
749 3171 985 3261 ἀποσφαλέντα
996 3181 1054 3261 τῆς
1065 3175 1120 3242 ἐλ-

6 3348 11 3355 ⁵
111 3270 207 3347 πίδος
220 3275 300 3337 Χῖοι
312 3276 459 3363 κατῆγον
474 3273 507 3351 ἐς
521 3278 677 3360 Μίλητον
691 3270 796 3343 αῦτοῦ
805 3273 960 3343 Ἱστιαίου
976 3274 1119 3361 δεηθέν-

110 3387 175 3442 τος.
199 3369 234 3433 ολ
246 3365 283 3434 δὲ
294 3365 459 3455 Μιλήσιοι
469 3366 608 3457 ἅσμενοι
620 3367 888 3458 ἀπαλλαχθέντες
902 3372 957 3439 καὶ
968 3367 1119 3459 Ἀριστα-

5 3510 9 3535 =
111 3460 221 3547 yo'oem
238 3461 393 3554 Οὐδαμῶς
412 3468 586 3557 πρόθυμοι
608 3462 696 3565 ἦσαν
718 3468 822 3539 ἀλλον
837 3469 1009 3555 τύραννον
1025 3469 1118 3535 δίκε·
