2588 3926
357 271 443 327 ΗΒ.
475 270 522 326 lx.
559 271 656 328 cAP.
690 277 831 334 10-15.
1035 271 1096 335 263

92 428 206 499 ὑκοίάν
220 457 251 498 τι
266 428 462 517 ποιήσουσι,
477 430 532 497 καὶ
544 426 621 496 οὔτε
631 429 792 516 ἐπήμαινε
802 430 879 501 οὑτε
894 436 1019 504 ἐσίνετο
1029 441 1094 523 γῆν

90 525 153 615 τήν
162 524 329 615 Ἀττικήν,
344 530 484 608 ἐλπίζων
498 524 553 595 διά
569 524 694 606 παντὸς
709 535 771 597 τοῦ
783 529 909 618 χρόνου
926 531 1092 622 ὁμολογή-

91 647 164 695 σειν
177 630 296 712 σφέας·
325 627 394 693 ἐπεὶ
409 624 446 692 δὲ
460 623 523 692 οὑκ
541 630 672 712 ἔπειθε,
693 627 889 714 πυθόμενος
908 627 969 698 τὸν
983 630 1091 699 πάντα

89 724 209 809 λόγον,
226 726 306 809 πρὶν
319 718 342 809 ή
356 720 436 801 τοὺς
450 720 532 809 μετά
549 730 750 792 Παυσανίεω
764 726 797 803 ἐς
810 723 871 794 τὺν
883 723 1019 813 ’λσθμδν
1034 731 1092 814 ἐμ-

9 858 10 863 1
90 831 204 910 βαλεῖν
220 819 424 909 ὑπεξεχώρεε
439 822 608 908 ἐμπρήσας
624 847 660 889 τε
674 819 733 900 τάς
742 818 898 910 Ἀθήνας,
912 828 968 893 καί
983 835 1017 894 εί
1026 827 1091 895 κου’

36 963 46 973 -
88 946 119 987 τι
134 916 243 1006 ὀρθὰν
258 912 303 1006 ήν
322 925 390 987 τών
403 923 537 1006 τειχέων
556 915 579 1007 ἢ
592 925 660 987 τών
674 920 863 1007 οἰκημάτων
876 918 900 1010 ή
913 929 981 992 τῶν
995 928 1089 1012 ίρών,

88 1015 196 1084 πάντα
211 1014 409 1105 καταβαλών
422 1020 479 1086 καὶ
493 1016 674 1104 συγχώσας.
696 1018 855 1105 ἐξήλαυνε
871 1021 907 1089 δὲ
920 1024 1026 1089 τώνδε
1042 1023 1090 1088 εἴ·

87 1141 201 1199 νεκεν,
216 1114 266 1183 ὅτι
281 1112 358 1183 οὔτε
371 1120 534 1202 ἱππασίμη
547 1112 568 1201 ἡ
583 1115 674 1203 χώρη
690 1108 735 1202 ἦν
748 1113 768 1204 ἡ
781 1113 924 1205 Ἀττική,
940 1127 974 1187 εί
983 1143 1018 1186 τε
1035 1144 1088 1186 νι-

86 1225 172 1309 κῷτο
183 1215 375 1305 συμβαλών,
390 1215 571 1298 ἀπάλλαξις
582 1214 644 1285 οὑκ
658 1210 713 1304 ἦν,
729 1215 780 1286 ὅτι
791 1215 835 1305 μή
847 1218 930 1287 κατά
943 1215 1087 1304 στεινὸν,

88 1320 171 1390 ὥστε
187 1322 242 1388 καὶ
256 1315 390 1406 ὀλίγους
410 1320 514 1406 σφέας
528 1316 734 1403 ἀνθρώπους
748 1326 861 1405 ίσχειν.
891 1318 1086 1438 ἐβουλεύετο

88 1411 136 1487 ών
150 1418 406 1540 ἐπαναχωρήσας
422 1414 505 1497 ἐς
468 1443 527 1496 τας
538 1415 650 1504 Θήβας
663 1423 847 1503 συμβαλεῖν
861 1414 944 1504 πρὸς
958 1416 1036 1485 πόλι
1051 1440 1086 1483 τε

87 1525 180 1610 φιλίῃ
194 1520 249 1586 καὶ
265 1518 357 1607 χώρῃ
370 1522 548 1608 ίπτιασίμω.
572 1513 818 1600 Μαρδόνιος
782 1540 845 1600 μεν
860 1512 900 1602 δή
919 1512 1084 1601 ὑπεξεχώ-
1101 1532 1135 1587 14

31 1682 43 1695 ,
86 1642 151 1705 ρεε,
166 1614 229 1705 ήδη
245 1616 281 1682 δὲ
297 1616 334 1683 ἐν
349 1641 389 1703 τῃ
374 1610 470 1704 ὁδώ
486 1609 628 1680 ἐόντι’
586 1637 676 1702 αυτςο
662 1604 776 1699 ήλθε
790 1609 925 1699 άγγελίη
939 1610 1087 1698 πρόδρο-

85 1743 150 1802 μον
163 1715 268 1803 άλλην
289 1712 448 1802 στρατιην
466 1710 563 1799 ήκειν
582 1715 615 1791 ἐς
631 1681 791 1801 Μέγαρα,
812 1716 1086 1799 Λακεδαιμονίων

7 1864 9 1891 ;
59 1870 65 1881 .
83 1822 217 1901 χιλίους.
241 1813 484 1899 πυθόμενοςδέ
495 1837 599 1879 ταυτα
610 1811 817 1899 ἐβουλευετο,
829 1813 968 1899 ἐθέλων,
980 1820 1014 1880 εί
1020 1837 1086 1890 κως

83 1914 225 1990 τούτους
238 1917 371 1998 πρώτον
387 1913 464 1979 ἐλοι.
498 1906 708 1994 ὑποστρέψας
725 1911 760 1977 δὲ
776 1906 838 1997 τήν
853 1907 1011 1997 στρατιήν
1023 1903 1085 1998 ἦγε

6 2014 8 2023 ”
84 2013 136 2080 ἐπὶ
153 2035 192 2076 τα
181 2004 414 2094 Μέγαρα*
396 2034 417 2094 η
439 2010 511 2075 W
496 2030 597 2085 ιππος
616 2014 848 2094 προελθοῦσα
855 2009 1082 2079 κατιππάσατο

82 2109 196 2203 χώρην
217 2104 279 2194 τήν
294 2110 480 2226 Μεγαρίδα.
508 2108 541 2184 ἐς
556 2106 682 2192 ταύτην
703 2102 778 2191 δή
760 2105 927 2173 εκαστάτω
942 2111 999 2193 τῆς
1013 2104 1084 2174 Μά-

84 2205 196 2326 ρώπης
210 2201 247 2273 τδ
264 2200 347 2289 πρὸς
360 2200 458 2292 ἡλίου
474 2200 666 2281 δύνοντος’
650 2229 670 2289 η
685 2201 833 2290 Περσική
848 2202 932 2291 αὑτη
948 2202 1083 2292 στρατιή

6 2330 8 2337 '
83 2303 129 2372 άπ
129 2311 226 2372 ί.κετο
247 2299 344 2370 Μετά
357 2301 393 2371 δέ
406 2292 726 2422 ταὺταΜαρδονίῳ
703 2326 764 2387 ηκε
775 2298 957 2422 άγγελίῃ,’
935 2327 979 2380 ως
989 2297 1083 2380 διλέες
1100 2325 1131 2376 1⁵

83 2412 198 2491 είησαν
219 2406 253 2471 οί
261 2396 416 2488 Έλληνες
438 2401 476 2468 ἐν
494 2405 540 2489 τῷ
556 2395 687 2489 Ἰσθμῷ.
718 2397 806 2466 οὑτω
821 2396 900 2486 δή’
884 2405 990 2468 οπίσω
1004 2401 1084 2467 ἐπο-

83 2501 198 2583 ρεύετο
214 2496 269 2567 διά
281 2505 468 2584 Δεκελείης.
491 2502 525 2566 oc
538 2495 603 2583 γάρ
618 2497 818 2585 βοιωτάρχαι
834 2500 1084 2585 μετεπέμψαντο

82 2597 161 2676 τοὺς
172 2596 388 2684 προσχώρους
399 2603 468 2665 τών
480 2595 663 2683 Ἀσωπίων,
675 2590 769 2666 οὑτοι
781 2596 818 2665 δέ
829 2596 918 2688 αὑτῷ
929 2596 991 2688 τήν
1001 2595 1084 2669 ὁδὸν

81 2694 259 2785 ήγέοντο’
242 2721 275 2774 ες
290 2697 523 2783 Σφενδαλέας,
545 2698 706 2764 ἐνθεῦτεν
726 2695 763 2764 δέ
779 2697 813 2774 ἐς
830 2697 1018 2815 Τανάγρῃν.
1048 2700 1084 2765 ἐν

85 2791 243 2879 Τανάγρῃ
264 2791 301 2859 δὲ
323 2792 429 2860 νάκτα
455 2792 715 2880 ἐναυλισάμενος
738 2795 793 2861 καὶ
813 2793 1021 2881 τραπόμενος
1044 2803 1084 2885 τῃ

82 2890 238 2977 ὑστεραίῃ
255 2892 287 2968 ἐς
301 2896 443 2960 Σκώλον
458 2894 551 2959 ἐν
508 2919 552 2981 γῃ
566 2917 606 2979 τῃ
592 2883 814 2979 0’θηβαίων
791 2917 844 2977 ην
878 2894 1026 2961 ἐνθαυτα
1048 2895 1083 2962 δέ

80 2995 149 3057 τών
172 2992 329 3073 Θηβαίων
349 2994 468 3075 καίπερ
489 2989 696 3111 μηδιζόντων
717 2994 824 3076 ἔκειρε
844 2986 923 3069 τοὺς
942 2991 1082 3078 χώρους,

81 3082 153 3155 οὑτι
165 3109 248 3152 κατα
236 3082 412 3170 ἐχθος’
370 3093 492 3173 αυτών,
505 3084 610 3156 ἀλλ’
592 3112 640 3154 υπ
643 3086 843 3175 ’ἀναγκαίης
854 3090 998 3176 μεγάλης
1010 3088 1084 3175 ἐχό-

79 3206 189 3270 μενος,
205 3182 412 3269 βουλόμενος
423 3183 530 3271 ἐρυμά
540 3209 576 3252 τε
587 3211 632 3276 τω
618 3189 854 3277 στρατοπέδω
866 3185 1082 3279 ποιήσασθαι,

79 3277 192 3366 καλήν
205 3282 461 3369 συμβαλόντι
426 3309 457 3352 οι
471 3309 516 3370 μη
505 3281 668 3373 ἐκβαίνῃ
683 3281 799 3353 ὁκοῖόν
812 3310 843 3352 τι
859 3285 981 3370 ἐθέλοι,
999 3308 1083 3372 κρη-

42 3438 47 3443 .
79 3381 249 3467 οφάγετον
269 3390 367 3451 τοῦτο
384 3385 538 3453 ἐποιέετο.
567 3391 696 3470 παρῆκε
712 3381 804 3452 δὲ’
763 3390 867 3452 αυτοῦ
889 3381 926 3451 τδ
942 3381 1083 3467 στρατό-

77 3481 183 3548 πεδον
197 3476 419 3566 άρξάμενου’
399 3505 465 3549 απο
453 3478 669 3568 Ἐρυθρέων
680 3480 769 3569 παρὰ
778 3479 898 3566 Ῥσιάς,
917 3481 1081 3548 κατέτεινε
