2588 3926
195 277 258 340 318
576 276 825 335 HERODOTI

146 457 177 513 61
198 438 381 508 ἐσακούειν.
419 442 532 506 Ταῦτα
549 441 582 504 οί
597 432 769 520 Ἀθηναῖοι
787 430 833 513 ὡς
846 434 1033 520 ἐπύθοντο,
1055 429 1210 522 ὁρμέατο

195 548 356 629 βοηθέειν
371 541 426 606 καλ
439 534 480 604 τά
496 537 638 624 μάλιστα
655 534 848 621 ἐπαμύνειν.
883 539 941 601 καί
954 553 1016 620 σφι
1035 531 1101 621 ῆδη
1117 538 1209 603 στεί-
1274 606 1275 617 χ

195 657 292 726 χουσι
308 639 512 705 ἐπιτίθενται
531 639 564 702 οί
581 631 834 719 ἀντιταχθέντες
848 630 1018 720 Ἑλλήνων
1032 639 1102 701 τῶν
1123 627 1206 719 μετὰ
1274 628 1275 717 λ

196 739 350 828 βασιλέος
359 736 554 822 γενομένων
563 731 647 801 οδστε
657 733 772 819 μηκέτι
784 733 1152 820 δυ’νασθαιβοηθῆσαι·
1168 726 1207 798 τδ

196 834 261 924 γάρ
278 832 523 922 προσκείμενόν
538 853 642 918 σφεας
657 829 784 900 έλόπεε.
807 829 896 898 οὕτω
914 828 954 918 δῆ
968 832 1206 918 μουνωθέντες

196 931 456 1018 Λακεδαιμόνιοι
469 933 524 998 καλ
539 936 706 1017 Τεγεῆται,
718 928 828 1007 ἐόντες
839 925 905 997 σύν
916 937 1042 1011 ψιλοῖσι
1053 925 1206 1017 άριθμδν

196 1037 231 1101 οἱ
242 1033 304 1118 μέν
318 1030 605 1116 πεντακισμύριοι,
620 1034 776 1116 Τεγεῆται
788 1029 824 1096 δέ
833 1034 1004 1114 τρισχίλιοι
1018 1020 1129 1116 (οὗτοι
1139 1021 1205 1111 γάρ

197 1127 328 1216 οὐδαμά
340 1127 551 1216 ἀπεσχίζοντο
566 1123 632 1196 άπδ
644 1130 945 1214 Λακεδαιμονίων),
961 1125 1204 1213 ἐσφαγιάζοντο

198 1228 242 1310 ὡς
252 1231 496 1317 συμβαλέοντες
507 1231 692 1319 Μαρδονίῳ
704 1232 759 1296 καί
769 1235 809 1316 τῆ
820 1236 956 1319 στρατιῇ
966 1235 1010 1319 τῆ
1018 1227 1203 1316 παρεοόσμ

196 1327 251 1396 καὶ
262 1323 305 1395 οὐ
314 1326 380 1412 γάρ
390 1347 451 1412 σφι
464 1330 591 1414 έγίνετο
602 1323 642 1395 τά
655 1326 783 1413 σφάγια
792 1324 929 1415 χρηστά,
941 1327 1082 1396 έπιπτόν
1091 1353 1129 1396 τε
1140 1322 1201 1393 αδ

196 1434 265 1496 τῶν
279 1429 317 1495 έν
328 1427 437 1518 τοότφ
447 1435 494 1517 τῷ
504 1427 614 1519 χρόνῳ
626 1427 743 1495 πολλοὶ
756 1428 811 1495 καλ
821 1435 933 1519 πολλῷ
948 1434 1089 1506 πλεῦνες
1100 1429 1203 1514 έτρω-
1277 1422 1278 1489 λ

197 1529 385 1613 ματίζοντο·
415 1523 601 1611 φράξαντες
615 1522 680 1611 γάρ
698 1521 738 1592 τά
753 1528 857 1613 γέρρα
871 1530 906 1594 υί
916 1527 1043 1612 Πέρσαι
1061 1521 1204 1594 άπίεσαν
1277 1592 1278 1615 χ

196 1632 265 1693 τῶν
275 1623 489 1709 τοξευμάτων
500 1621 607 1692 πολλά
617 1622 791 1712 ἀφειδέως,
804 1623 893 1693 οὕτω
906 1623 988 1693 ὥστε
999 1626 1203 1710 πιεζομένων

196 1728 264 1789 τῶν
277 1724 516 1808 Σπαρτιητέων
530 1722 584 1789 καὶ
600 1727 669 1789 τῶν
685 1729 840 1809 σφαγίων
855 1720 897 1790 οὐ
913 1725 1101 1809 γινομένων
1117 1717 1201 1788 άπο·

196 1823 365 1909 βλέψαντα
379 1819 441 1890 τόν
451 1829 651 1909 Παυσανίην
661 1821 745 1908 πρδς
758 1820 796 1890 τδ
806 1821 944 1912 Ἡραίου
957 1820 994 1892 τδ
1006 1825 1202 1892 Πλαταιέων

196 1923 456 1992 ἐπικαλέσασθαι
468 1922 531 2011 τῆν
540 1919 637 2010 θεὸν,
646 1929 820 2010 χρηίζοντα
830 1927 989 2010 μηδαμῶς
1001 1942 1105 2010 σφεας
1117 1937 1201 2005 τίεν·
1279 1994 1280 2015 χ

148 2038 182 2092 62
197 2027 323 2106 σθῆναι
337 2026 395 2105 τῆς
410 2024 551 2101 ἐλπίδος.
579 2028 689 2090 Ταῦτα
701 2019 734 2089 δ’
748 2027 794 2090 ἐτι
805 2021 928 2090 τοάτου
940 2024 1200 2108 ἐπικαλεομένου
1279 2018 1280 2035 ’

195 2120 501 2204 προεξαναστάντες
517 2120 674 2206 πρότεροι
696 2123 731 2187 οί
745 2125 902 2204 Τεγεῆται
917 2117 1060 2206 ἐχόρεον
1074 2121 1107 2198 ἐς
1121 2117 1202 2199 τοδς
1279 2112 1280 2117 ¹

196 2215 403 2303 βαρβάρους,
426 2222 481 2287 καί
494 2233 579 2288 τοίσι
595 2221 889 2304 Λακεδαιμονίοισι
904 2214 1022 2288 αὐτίκα
1036 2218 1119 2307 μετά
1139 2218 1202 2307 τῆν

197 2310 298 2399 εὐχὴν
308 2311 576 2400 τῆνΠαυσανίεω
584 2318 710 2402 έγίνετο
721 2317 920 2401 θυομένοισι
930 2313 972 2384 τά
980 2317 1108 2404 σφάγια
1117 2342 1202 2404 χρη-

196 2414 266 2481 στά.
296 2408 341 2491 ὡς
356 2413 392 2480 δέ
406 2413 516 2506 χρόνῳ
534 2414 608 2482 κοτέ
629 2417 776 2502 έγένετο,
803 2412 945 2500 ἐχάρεου
967 2419 1022 2485 καί
1039 2409 1131 2484 οὗτοι
1146 2419 1201 2485 έπλ

195 2505 275 2587 τοδς
284 2513 428 2598 Πέρσας,
444 2514 497 2579 καὶ
509 2515 544 2579 οί
550 2513 677 2597 Πέρσαι
688 2510 795 2580 άντίοι
808 2508 850 2579 τά
860 2511 939 2593 τόξα
948 2516 1105 2599 μετέντες.
1129 2515 1203 2600 ἐγί-

195 2633 271 2676 νετο
289 2608 325 2676 δέ
345 2616 480 2696 πρῶτον
500 2612 575 2697 περὶ
590 2607 630 2679 τά
645 2612 748 2697 γέρρα
761 2609 859 2697 μάχη.
889 2607 984 2689 ὡςδὲ
1004 2617 1107 2679 ταῦτα
1123 2614 1201 2680 έπε-

195 2706 404 2795 πτάκεε,ῆδη
412 2708 537 2794 ἐγίνετο
547 2708 634 2796 μάχη
645 2706 763 2796 ίσχυρῆ
774 2704 946 2793 παράότδ
957 2705 1200 2796 τδΔημῆτριον

194 2809 250 2874 καί
269 2806 394 2893 χρόνον
415 2807 467 2875 ἐπὶ
486 2805 631 2894 πολλόν,
652 2809 685 2886 ἐς
702 2802 722 2876 δ
741 2803 900 2875 άπίκοντο
916 2808 949 2885 ἐς
966 2802 1136 2894 ὠθισμόν·
1157 2805 1200 2875 τά

193 2900 259 2990 γάρ
282 2903 428 2989 δοόρατα
453 2906 756 2993 ἐπιλαμβανόμενοι
777 2907 946 2975 κατέκλων
967 2908 1002 2973 οέ
1020 2905 1197 2994 βάρβαροι.

194 3002 312 3090 λῆματι
327 3005 389 3088 μέν
409 3029 476 3073 νυν
491 3005 544 3073 καὶ
565 3003 661 3093 όάμη
677 3001 740 3071 οὐκ
760 3005 895 3083 ἐσσονες
910 2995 998 3092 ῆσαν
1011 3008 1046 3072 οί
1058 3005 1197 3091 Πέρσαι,

193 3103 334 3172 άνοπλοι
349 3104 384 3171 δὲ
400 3104 511 3184 έόντες
526 3106 582 3173 καί
596 3101 681 3192 πρὸς
695 3101 956 3192 άνεπιστῆμουες
965 3095 1053 3190 ἦσαν
1066 3102 1122 3171 καί
1134 3098 1199 3170 οὐκ

193 3198 302 3289 όμοίοι
321 3216 406 3272 τοῖσι
421 3206 602 3273 ἐναντίοισι
618 3209 750 3289 σοφίην.
783 3205 1056 3290 προεξαΐσσοντες
1070 3201 1107 3268 δέ
1120 3199 1195 3267 κατ’

194 3303 253 3370 ἕνα
264 3305 319 3371 καί
331 3302 427 3391 δέκα,
443 3308 496 3372 καί
513 3307 654 3382 πλεῦνές
664 3327 698 3371 τε
710 3303 765 3371 καὶ
779 3302 956 3380 ἐλάσσονες
967 3301 1198 3389 συστρεφόμε-

192 3426 264 3487 νοι,
288 3402 466 3470 ἐσέπιπτον
488 3405 521 3483 ές
543 3400 624 3481 τοὺς
643 3400 855 3490 Σπαρτιήτας
875 3402 930 3470 καί
949 3404 1195 3488 διεφθείροντο.

144 3513 178 3567 63
197 3504 245 3583 Τῇ
261 3497 297 3564 δέ
314 3495 472 3586 έτόγχανε
486 3497 587 3578 αότδς
601 3496 667 3567 ἐάν
681 3499 879 3585 Μαρδόνιος
893 3494 952 3567 ἀπ’
965 3499 1071 3565 ἵππου
1080 3521 1113 3566 τε
1129 3524 1198 3584 μα-
