2536 3934
329 241 415 313 ΗΒ.
446 247 465 301 1.
500 243 598 304 cAP.
631 249 771 306 14-19.
1030 240 1053 305 9

72 408 128 469 τοῖν
141 399 249 491 άγρολν
263 403 343 474 οὔτε
357 408 536 492 κατέβαλλε
550 403 630 473 οὔτε
647 407 831 493 ἐνεπίμπρη
845 405 924 495 οὔτε
939 406 1052 495 θάρας

73 503 200 592 άπέσπα,
215 512 253 575 έα
267 508 305 575 δὲ
320 504 405 575 κατά
421 507 535 595 χωρην
551 507 703 575 έστάναι·
725 503 744 573 ὁ
759 510 795 575 δὲ
809 508 850 576 τά
862 534 899 576 τε
912 511 1051 596 δένδρεα

72 608 114 670 καλ
127 601 183 670 τόν
196 602 327 692 καρπὸν
352 603 413 673 τὸν
433 607 471 673 ἐν
483 612 523 694 τῇ
536 612 580 694 γῇ
597 603 685 683 ὅκως
699 610 923 695 διαφθείρειε,
944 603 1052 675 άπαλ-

72 702 189 770 λάσσετο
199 701 315 772 ὀπίσω.
342 711 400 790 τῆς
415 701 481 791 γάρ
495 703 671 789 θαλάσσης
686 708 720 771 οί
731 702 894 790 Μιλήσιοι
910 704 1050 791 ἐπεκρά·

71 826 145 888 ιεον,
165 799 247 871 ὥστε
268 806 408 893 ἐπέδρης
428 802 473 890 μη
493 802 579 872 εἶναι
593 809 695 892 ἔργον
709 810 750 893 τῇ
763 811 909 892 στρατιῇ.
941 803 1000 882 τάς
1015 808 1052 871 δὲ

70 904 156 979 οίκίας
168 899 209 968 οὐ
224 891 405 990 κατέβαλλε
416 899 555 979 ὁΛυδὸς
565 905 674 968 τῶνδε
689 904 827 987 εἵνεκεν,
843 899 931 980 ὅκως
946 906 1052 986 ἔχοιεν

71 1000 209 1067 ἐνθεῦτεν
232 997 436 1088 ὁρμεοῇενοι
456 999 519 1088 τὴν
539 1007 777 1089 γῆνκσπείρειν
791 1026 826 1068 τε
842 1002 898 1070 καὶ
919 1002 1018 1089 έργάζ
1032 1041 1052 1052 -

33 1150 34 1165 ,
70 1107 135 1164 σθαι
154 1105 187 1166 οί
201 1100 385 1187 Μιλήσιοι,
409 1096 511 1178 αὐτὸς
532 1103 568 1167 δὲ
590 1102 729 1168 ἐκείνων
743 1102 970 1187 ἐργαζομένων
984 1105 1051 1186 ἔχοι

70 1220 93 1259 τι
104 1199 150 1263 καὶ
162 1203 319 1265 σίνεσθαι
330 1199 512 1285 ἐσβάλλων.
539 1204 651 1265 Ταῦτα
664 1200 788 1266 ποιέων
805 1200 959 1285 ἐπολέμεε
975 1204 1047 1266 ἔτεα
1059 1214 1094 1267 18

71 1295 182 1382 ἕνδεκα,
209 1299 249 1363 έν
272 1311 360 1365 τοῖσι
381 1296 539 1383 τριέματα
559 1296 688 1382 μεγάλα
713 1295 853 1381 διφάσια
872 1301 1051 1380 Μιλησίων

70 1394 186 1482 ἐγένετο,
204 1401 243 1464 ἐν
257 1422 296 1464 τε
309 1402 480 1486 Λιμενηίῳ
494 1396 605 1483 χάρης
617 1401 676 1481 της
691 1396 851 1480 σφετέρης
867 1397 1051 1479 μαχεσαμέ-

70 1514 122 1556 νων
139 1495 192 1561 καλ
211 1496 250 1562 ἐν
267 1495 475 1581 Μαιάνδρου
489 1497 601 1583 πεδίφ.
631 1490 672 1560 τά
686 1495 748 1579 μέν
769 1518 834 1559 νυν
849 1496 882 1572 ἓξ
897 1498 970 1561 ἔτεα
983 1498 1051 1575 τῶν

70 1597 168 1666 ἕνδεκα
192 1596 394 1684 Σαδυάττης
421 1590 598 1685 δ’Ἀρδυος
624 1600 672 1663 ἐτι
692 1596 818 1662 Λυδῶν
842 1585 923 1679 ἦρχε
948 1587 966 1658 ὁ
991 1592 1048 1658 καὶ

70 1696 198 1782 έσβαλάν
230 1704 415 1788 τηνικαῦτα
445 1699 479 1776 ές
508 1695 571 1789 την
594 1698 764 1780 Μιλησίην
794 1690 856 1777 τὴν
882 1690 1047 1781 στρατιήν.

70 1789 148 1878 οὗτος
174 1802 239 1891 γὰρ
277 1800 334 1867 καὶ
362 1792 380 1867 ὁ
406 1798 466 1866 τὸν
489 1796 637 1884 πόλεμον
663 1787 707 1879 ἦν
737 1791 905 1873 συνάψας·
940 1790 980 1858 τὰ
1011 1790 1050 1858 δέ

33 1908 35 1989 χ
69 1898 146 1964 πέντε
166 1905 234 1966 τῶν
256 1901 359 1967 ἐτέων
380 1897 421 1966 τά
442 1898 588 1983 ἑπόμενα
607 1908 693 1963 τοῖσι
707 1897 741 1974 ἐξ
753 1890 961 1979 Ἀλνάττηςὸ
977 1899 1050 1960 Σα-

34 2044 35 2065 2
70 1995 192 2065 δνάιτεω
207 2000 385 2084 ἐπολέμεε,
401 1993 438 2075 ὃς
452 1996 732 2084 παραδεξάμενος,
751 1989 795 2072 ὡς
815 1996 871 2062 καλ
884 1992 1050 2081 πρότερόν

70 2118 110 2176 μοι
121 2097 319 2185 δεδήλωται,
343 2095 433 2184 παρά
450 2104 511 2165 τοῦ
525 2094 650 2184 πατρὸς
663 2093 724 2162 τὸν
738 2094 886 2180 πόλεμον
899 2107 1051 2181 προσεῖχε

69 2194 278 2282 ἐντεταμένως.
308 2212 397 2264 τοῖσι
417 2198 454 2265 δέ
467 2202 666 2284 Μιλησίοισι
688 2191 831 2279 οὐδαμοὶ
848 2192 970 2263 Ἰάνων
991 2191 1052 2261 τὸν

69 2293 194 2381 πόλεμον
213 2303 338 2365 τοῦτον
355 2296 677 2384 συνεπελάφρυνον,
698 2291 750 2362 ὅτι
771 2289 815 2379 μη
829 2301 906 2361 Χῖοι
919 2298 1049 2377 μοῦνοι.

69 2382 142 2459 οὗτοι
155 2396 191 2462 δὲ
205 2392 245 2462 τὸ
262 2391 383 2480 ὁμοῖον
397 2392 678 2471 ἀνταποδιδόντες
692 2391 890 2479 ἐτιμώρεον·
916 2389 1050 2479 καὶγὰρ

35 2544 36 2589 ,
68 2490 98 2577 δὴ
115 2495 277 2582 πρότερον
300 2499 334 2563 οί
353 2495 517 2582 Μιλήσιοι
536 2508 623 2563 τοῖσι
643 2500 755 2562 Χίοισι
774 2490 836 2560 τὸν
854 2491 939 2580 πρὸς
955 2489 1052 2579 Ἐρυ-

35 2598 36 2679 ξ
68 2599 188 2676 θραίους
205 2594 357 2680 πόλεμον
370 2596 619 2682 συνδιήνεικαν.
652 2600 706 2683 Τῷ
721 2597 758 2661 δὲ
772 2593 971 2683 δυωδεκάτῳ
987 2597 1053 2660 ἔτεϊ
1063 2616 1096 2669 19

35 2708 36 2713 ’
69 2694 146 2773 ληίου
167 2692 422 2778 ἐμπιπραμένου
446 2691 515 2761 ὑπὸ
539 2699 598 2780 τῆς
618 2698 773 2780 στρατιῆς
793 2699 999 2779 συνηνείχθη
1019 2717 1050 2758 τι

69 2787 179 2854 τοιόνδε
198 2792 362 2875 γενέσθω
383 2797 536 2878 πρῆγμα·
561 2788 607 2869 ὡς
627 2788 725 2877 ἅφθη
739 2791 874 2877 τάχιστα
887 2790 926 2860 τὸ
943 2792 1050 2879 ληίον,

69 2878 160 2975 ἇνέμφ
174 2886 349 2973 βιώμενον
371 2886 479 2969 άφατο
501 2894 588 2976 νηοῦ
601 2887 779 2976 Ἀθηναίης
793 2893 966 2978 ἐπίκλησιν
976 2888 1051 2958 Ἀσ-

69 2990 180 3070 σησίης,
196 2982 323 3073 ἁφθεὶς
337 2989 374 3054 δὲ
388 2984 405 3055 ὁ
421 2982 503 3073 νηὸς
519 2989 721 3074 κατεκαύθη.
743 2991 799 3055 καὶ
811 2987 848 3056 τό
863 2994 1050 3074 παραυτίκα

70 3081 116 3163 μέν
127 3084 224 3170 λόγος
242 3084 353 3165 οὐδεὶς
370 3089 518 3172 ἐγένετο,
543 3085 625 3172 μετά
642 3090 678 3154 δὲ
692 3093 749 3173 τῆς
763 3094 916 3173 στρατιῆς
930 3084 1050 3155 άπικο-

70 3182 152 3267 μένης
170 3185 204 3263 ἐς
224 3185 354 3274 Σάρδις
364 3181 556 3269 ένοάσησεὸ
573 3182 759 3270 Ἀλυάττης.
790 3187 993 3272 μακροτέρης
1014 3189 1054 3252 δέ
1123 3260 1127 3263 Α

72 3280 285 3369 οίγενομένης
304 3288 363 3369 τῆς
382 3283 511 3351 νούσου
533 3286 655 3370 πέμπει
675 3285 708 3362 ές
723 3281 882 3368 Δελφοὺς
901 3284 1050 3370 θεοπρό-

72 3398 148 3466 πους,
164 3390 228 3449 είτε
238 3380 279 3470 δὴ
291 3384 607 3471 συμβουλεύσαντός
620 3410 689 3470 τευ,
708 3392 773 3451 είτε
787 3384 842 3448 καὶ
855 3379 945 3468 αὐτῷ
959 3384 1051 3455 ἔδοξε

36 3504 38 3567 η
74 3478 226 3563 σέρραντα
245 3480 306 3550 τὸν
321 3481 408 3551 θεὸν
423 3487 615 3572 ἐπείρεσθαι
634 3485 710 3569 περὶ
726 3486 783 3565 τῆς
800 3477 936 3544 νούσου.
966 3484 1051 3537 τοῖσι
