2606 3930
372 249 459 309 ιιι.
491 249 538 308 Ν.
571 250 670 309 εει.
701 256 843 313 ιιι-ιε.
1045 250 1115 318 309

106 410 180 482 οδδα
194 409 319 492 ταύτας
333 410 509 498 ποιεύσας,
530 415 605 500 τήσι
619 410 656 479 δέ
666 411 868 500 παρθένοισι
881 411 1020 504 ταύτησι
1033 420 1109 507 τήσι

105 515 139 595 έξ
153 510 387 600 Ὑπερβορέων
408 510 666 601 τελευτησάσῃσι
690 513 728 581 έν
746 511 850 606 Δήλφ
870 521 1036 602 κείρονται
1052 517 1109 585 καί

105 618 143 683 αί
159 619 282 701 κοῦραι
302 613 357 680 καί
371 615 406 679 οί
423 613 538 689 παῖδες
552 615 587 679 οί
598 618 753 699 Δηλίων*
775 616 813 681 αί
829 612 891 698 μὲν
910 610 975 701 πρὸ
994 611 1108 701 γόμου
1135 608 1138 621 ’

105 714 283 801 πλόκαμον
300 708 572 799 ἀποταμνόμεναι
593 714 648 779 καί
669 714 745 799 περὶ
765 710 929 799 ἄτρακτον
949 716 1108 794 εἱλίξασαι

107 814 161 883 ἐπὶ
175 810 214 881 τό
229 818 319 900 σῆμα
333 820 455 881 τιθεῖσι
469 806 522 899 (τό
538 810 576 877 δὲ
590 810 680 897 σῆμά
694 812 763 878 ἐστι
780 815 844 878 ἔσω
858 810 892 890 ές
907 808 945 878 τό
959 809 1108 898 Ἀρτεμί-

105 933 181 981 σιον
195 909 319 979 ἐσιόντι
335 906 509 997 ἀριστερῆς
531 904 657 995 χειρός,
679 910 864 995 ἐπιπέφυκε
884 910 925 978 δέ
937 914 972 978 οί
986 910 1106 995 ἐλαίη),

106 1015 141 1079 οί
153 1011 190 1079 δὲ
201 1013 316 1089 παῖδες
326 1016 395 1078 τῶν
404 1014 543 1096 Δηλίων
553 1008 629 1095 περὶ
642 1007 746 1095 χλόην
759 1005 834 1077 τινά
850 1011 1026 1089 εἱλίξαντες
1039 1015 1107 1076 τῶν

105 1115 228 1196 τριχῶν
244 1117 433 1195 προτιθείσι
447 1108 502 1176 καὶ
518 1098 613 1175 οὑτοι
628 1107 682 1176 έπδ
697 1102 734 1176 τό
751 1112 847 1194 σῆμα.
871 1099 971 1176 αὑται
985 1104 1047 1195 μέν
1063 1103 1105 1194 δή

105 1205 234 1293 ταύτην
254 1202 317 1294 τήν
337 1203 436 1293 τιμήν
462 1211 575 1292 έχουσι
591 1201 675 1293 πρός
693 1211 762 1274 τόν
778 1204 896 1294 Δήλου
910 1205 1106 1295 οἰκητόρων,

106 1306 189 1390 φασί
203 1303 240 1373 δέ
255 1309 290 1374 oc
302 1303 397 1374 αύτολ
410 1307 465 1374 καί
478 1302 675 1394 τήνἌργην
685 1330 721 1375 τε
733 1307 790 1375 καί
799 1303 861 1393 τήν
871 1297 972 1375 Ὦπιν
985 1303 1106 1384 ἐούσας
1119 1320 1154 1377 35

108 1406 302 1492 παρθένους
321 1405 355 1486 έξ
370 1401 600 1492 Ὑπερβορέων
620 1399 705 1473 κατὰ
723 1400 804 1483 τοὺς
823 1400 948 1484 αύτούς
967 1403 1108 1488 τούτους

107 1498 314 1590 ἀνθρώπους
328 1506 557 1592 πορευομένας
576 1500 757 1573 ἀπικέσθαι
777 1504 811 1581 ές
824 1508 941 1591 Δῆλον
959 1507 1007 1572 ἔτι
1021 1501 1108 1591 πρό-

106 1627 205 1691 τερον
220 1599 399 1691 Ὑπερόχης
421 1630 458 1673 τε
476 1607 532 1674 καί
550 1608 725 1691 Λαοδίκης.
759 1601 883 1684 ταύτας
901 1605 964 1691 μέν
984 1629 1051 1674 νυν
1066 1609 1108 1692 τῇ

110 1707 283 1790 Εἰλειθυίῃ
294 1698 530 1792 ἀποφερούσας
540 1700 614 1772 ἀντὶ
625 1707 688 1770 τοῦ
695 1697 869 1770 ὠκυτόκου
878 1698 940 1771 τόν
950 1700 1107 1782 έτάξαντο

108 1802 219 1890 φόρον
232 1798 429 1892 ἀπικέσθαι,
451 1803 514 1893 τήν
527 1807 564 1874 δὲ
579 1802 704 1890 Ἄργην
723 1827 759 1870 τε
774 1804 831 1872 καί
850 1799 913 1890 τήν
923 1795 1024 1871 Ὦπιν
1037 1800 1107 1889 ἀμα

108 1897 238 1971 τύτοϊσι
258 1913 344 1970 τοῖσι
364 1913 475 1973 θεοίσι
497 1901 677 1972 ἀπικέσθαι
697 1901 832 1988 λέγουσι
851 1906 911 1970 καί
930 1920 991 1988 σφι
1012 1897 1108 1988 τιμάς

108 1997 210 2079 ἄλλας
225 1998 385 2071 δεδόσθαι
405 2000 490 2088 πρός
504 2002 635 2089 σφέων·
656 2000 713 2068 καί
725 1994 789 2086 γάρ
810 1995 958 2086 ἀγείρειν
972 2019 1034 2089 σφι
1048 1995 1108 2078 τάς

108 2111 270 2189 γυναίκας
284 2100 575 2189 έπουνομαζούσας
584 2095 625 2168 τά
636 2095 806 2186 οὐνόματα
818 2101 855 2166 έν
864 2104 911 2189 τῷ
925 2095 1032 2190 ὑμνφ,
1046 2097 1107 2168 τόν

107 2219 168 2286 σφι
178 2193 282 2283 Ὠλήν
297 2193 383 2287 ἀνήρ
393 2199 518 2279 Λύκιος
530 2202 680 2286 ἐποίησε,
697 2193 787 2285 παρά
798 2197 836 2265 δὲ
846 2198 960 2284 σφέων
973 2196 1108 2285 μαθόν-

106 2324 164 2377 τας
177 2295 343 2384 νησιώτας
357 2323 393 2368 τε
406 2296 584 2378 καλἼωνας
600 2294 738 2385 ὑμνέειν
747 2287 847 2365 Ὦπίν
862 2322 899 2365 τε
912 2296 968 2365 καί
979 2293 1107 2384 ’Ἆργην

107 2395 356 2484 ούνομόζοντάς
368 2422 406 2467 τε
425 2397 481 2466 καί
496 2394 691 2486 ἀγείροντας
712 2387 826 2486 (οὗτος
843 2393 879 2463 δέ
894 2390 912 2463 ὑ
929 2391 1032 2481 Ὠλήν
1050 2396 1107 2463 καί

108 2492 188 2575 τοὺς
208 2493 331 2576 ἀλλους
346 2491 425 2576 τούς
445 2492 608 2575 παλαιούς
628 2493 758 2581 ὕμνους
778 2496 913 2582 έποίησε
927 2499 963 2564 έκ
980 2500 1108 2581 Λυκίης

108 2592 222 2665 έλθάν
243 2592 322 2674 τοὺς
343 2591 560 2683 ἀειδομένους
587 2597 624 2663 έν
647 2594 782 2682 Δήλῳ),
809 2597 954 2664 καὶτῶν
977 2599 1107 2683 μηρίων

107 2694 376 2780 καταγιζομένων
391 2695 444 2763 έπί
456 2701 502 2788 τῷ
512 2700 614 2788 βωμῷ
628 2691 692 2782 τήν
705 2688 833 2761 σποδόν
842 2691 968 2780 ταύτην
978 2694 1031 2761 ἐπὶ
1045 2688 1108 2779 τήν

106 2789 223 2879 θήκην
237 2788 299 2880 τήν
308 2789 429 2872 Ὤπιός
442 2818 478 2861 τε
494 2795 550 2863 καί
560 2791 683 2880 ’Λργης
694 2789 957 2878 ἀναισιμοῦσθαι
970 2792 1107 2879 ἐπιβαλ-

106 2891 263 2978 λομένην.
285 2887 308 2980 ή
324 2892 361 2961 δέ
373 2891 465 2979 θήκη
476 2889 606 2961 αύτέων
620 2892 688 2960 έστὶ
698 2888 821 2960 ὄπισθε
830 2895 892 2959 τού
902 2886 1107 2978 Ἀρτεμισίου

105 2986 193 3080 πρός
210 2986 260 3078 ήῶ
274 2991 479 3081 τετραμμένη
495 2990 665 3080 ἀγχοτάτω
684 2997 746 3060 τού
760 2996 877 3078 Κηίων
893 2995 1105 3079 ίστιητορίου.

191 3091 258 3160 Καὶ
273 3097 378 3160 ταῦτα
392 3093 455 3178 μὲν
462 3089 691 3182 Ὑπερβορέων
704 3089 781 3178 πέρι
791 3088 947 3178 είρήσθω.
969 3085 1030 3159 τόν
1039 3083 1106 3175 γάρ
1120 3103 1155 3163 36

105 3191 183 3275 περὶ
201 3186 356 3278 Ἀβάριος
375 3189 479 3278 λόγον
496 3197 559 3260 τού
580 3191 765 3278 λεγομένου
788 3187 873 3258 εἶναι
885 3185 1108 3274 Ὑπερβορέου

107 3287 149 3359 ού
168 3289 274 3377 λέγω,
288 3291 429 3375 λέγοντα
440 3283 485 3371 ὥς
495 3285 556 3359 τόν
564 3288 679 3362 ὀιστόν
698 3291 875 3380 περιέφερε
891 3287 975 3359 κατὰ
994 3291 1107 3356 πᾶσαν

107 3385 169 3476 τήν
182 3394 249 3475 γῆν
264 3386 367 3459 οὐδέν
381 3389 580 3480 σιτεόμενος.
611 3397 642 3462 εί
661 3392 701 3461 δέ
717 3395 783 3460 είσί
797 3416 886 3470 τινες
906 3384 1109 3474 ὑπερβόρεοι
1179 3402 1183 3409 ·

106 3486 305 3579 ἅνθρωποι,
327 3491 390 3563 εἰσὶ
408 3494 465 3562 καί
483 3490 678 3583 ὑπερνότιοι
698 3489 804 3562 ἀλλοι.
823 3485 928 3576 γελόω
942 3484 979 3554 δέ
1000 3480 1108 3572 ὁρέων
