2622 3928
364 314 449 369 ΜΒ.
484 314 529 368 vl.
567 313 663 369 οΑΡ.
701 319 839 373 ιι-ιο.
1062 310 1103 374 67

96 470 282 552 Διονύσιος
297 473 334 540 δέ
348 467 366 541 6
383 468 558 550 Φωκαιεὺς
577 472 650 539 έπεί
663 496 698 537 τε
713 476 818 557 ἔμαθε
832 481 900 540 τῶν
917 472 1039 544 Ἰύυων
1062 472 1102 541 τὰ
1121 491 1151 548 ιτ

96 566 274 656 πρήγματα
291 572 542 656 διεφθαρμένα,
560 571 637 646 νέας
651 565 736 636 ἑλών
750 582 837 652 τρεῖς
853 577 922 639 τῶν
935 580 1104 656 πολεμίων

96 665 252 737 ἀπέπλωε
273 671 306 746 ές
320 667 383 754 μὲν
398 668 559 736 Φύκαιαν
576 665 703 753 ούκέτι,
725 661 765 736 εύ
781 668 892 758 είδδς,
917 670 962 751 δις
977 670 1103 760 ἄνδρα·

96 769 260 833 ποδιείται
275 762 341 831 σύν
356 772 395 854 τή
412 763 497 855 ἄλλη
508 763 632 854 Ἰωνίη,
654 762 673 833 ὁ
688 767 725 833 δὲ
738 770 839 847 ἰθέως
854 766 899 847 ὡς
920 767 983 856 εἶχε
998 775 1104 838 ἕπλωε

96 863 311 947 έςΦοινίκην,
319 861 467 947 γαύλους
481 864 517 931 δὲ
529 865 678 931 ένδαύτα
690 864 878 943 καταδύσας
888 868 943 934 καί
954 867 1104 955 χρήματα

96 959 212 1047 λαβύν
226 958 332 1029 πολλοὶ
349 965 455 1029 ἕπλωε
474 965 507 1040 ές
518 967 695 1048 Σικελίην,
710 959 914 1050 ὁρμεύμενος
929 965 966 1032 δέ
980 970 1103 1032 ἐνθεῦ-

96 1084 154 1127 τεν
169 1055 303 1145 ληλστής
319 1058 516 1147 κατεστήκεε
524 1057 695 1146 Ελλήνων
711 1061 774 1146 μὲν
788 1058 946 1149 ούδενός,
967 1069 1102 1150 Καρχη·

97 1161 222 1224 δονίίων
237 1155 344 1223 δὲκαὶ
361 1163 634 1253 Τυρσηνων
1214 1234 1219 1255 x

183 1258 228 1323 Οί
240 1256 276 1323 δὲ
289 1257 416 1340 Πέρσαι
432 1257 506 1325 έπεί
515 1282 551 1324 τε
565 1259 605 1345 τη
591 1252 786 1344 ναυμαχίη
800 1258 921 1326 έυίκων
935 1258 1013 1337 τούς
1027 1257 1101 1328 ’'lw-
1119 1276 1150 1328 18

97 1380 174 1441 νας,
197 1350 260 1439 τήν
274 1358 428 1440 Μίλητον
449 1354 702 1439 πολιορκέοντες
721 1356 757 1421 ἐκ
777 1360 838 1456 μής
858 1359 912 1423 καί
928 1358 1102 1476 δριλύσσης

95 1449 184 1522 καί“
166 1450 436 1540 νπορύσσοντες
426 1477 466 1520 τα
455 1449 596 1539 τείχεα
599 1455 655 1521 καί
639 1459 868 1576 παντοίας
835 1452 985 1576 μηχανὰς
995 1474 1101 1542 προσ-

96 1550 259 1640 φέροντες
270 1550 420 1653 αίρέουσι
431 1547 507 1620 κατ’
517 1549 622 1648 ἄκρης
635 1553 718 1641 ἕκτρο
729 1556 797 1619 ἔτει
805 1550 871 1620 απδ
882 1550 939 1641 τῆς
953 1549 1092 1621 ύποστύ-

95 1673 167 1733 σιος
181 1658 238 1739 τής
255 1646 515 1773 Αρισταγήρεω,
537 1641 593 1720 καλ
613 1636 958 1738 ἠνδραποδίσαντο
922 1679 985 1740 την
1000 1654 1100 1722 πόλιν

96 1751 180 1821 ωστε
194 1763 376 1836 συμπεσεῖν
389 1748 426 1818 τδ
443 1748 555 1829 πύδος
569 1756 614 1839 τῶ
634 1750 870 1841 χρηστηρίῳ
837 1775 884 1818 τω
869 1752 989 1828 έςΜ
986 1757 1100 1837 ίλητον

9 1846 11 1941 ,
94 1852 275 1939 γενομένω.
353 1854 358 1863 ’

10 2004 11 2039 3
180 1951 415 2066 Χρεομένοισι
417 1946 483 2034 γὰρ
494 1944 670 2036 Ἀργείοισι
682 1949 720 2015 έν
730 1956 895 2032 Δελφοῖσι
906 1948 981 2034 περὶ
992 1965 1099 2063 σωτή-
1117 1961 1149 2015 19

96 2053 218 2136 ρίης
179 2071 237 2131 της
248 2045 371 2123 πόλιος
377 2052 433 2132 τής
443 2050 605 2168 σφετέρης
618 2045 766 2154 ἐχρήσθη
777 2049 952 2135 ἐπίκοινον
958 2046 1097 2131 χρηστή-

10 2208 11 2213 ,
96 2173 183 2232 ριον,
196 2169 233 2213 το
223 2139 308 2231 μὲν
319 2141 404 2224 ές
362 2169 486 2223 αντονς
497 2169 576 2223 τους
585 2142 754 2233 Αρηείους
766 2140 929 2231 φέρον,
892 2169 954 2229 την
966 2144 1002 2215 δὲ
1013 2167 1100 2230 παρ

11 2236 12 2241 ¹
96 2247 247 2336 ενθήκην
259 2251 376 2335 ἔχρησε
387 2246 633 2363 έςΜιλησίους.
645 2268 683 2313 το
672 2240 758 2333 μέν
768 2270 835 2312 νυν
845 2237 932 2322 ές’
890 2238 1014 2320 αυτούς
1025 2239 1100 2362 Ἀρ-

36 2364 53 2405 ο
94 2353 205 2432 μείους
209 2351 312 2437 έχον,
328 2341 431 2413 έπεαν
442 2367 527 2411 κατα
538 2367 637 2411 τουτο
651 2344 799 2430 γένωμαι
814 2369 874 2411 τον
860 2342 1011 2429 λόγου,
1025 2338 1100 2410 τότε
1194 2376 1271 2443 ³&

12 2492 14 2529 5
95 2444 341 2547 μνησθησομαι,
349 2470 389 2511 τα
377 2441 435 2511 δὲ
444 2447 733 2528 τολσιΜιλησίοισι
745 2466 787 2509 ου
797 2446 960 2528 παρεουσι
972 2443 1098 2527 ἔχρησε,
1275 2434 1276 2441 '

12 2604 14 2637 ,
83 2552 161 2633 »ἔχει
177 2537 258 2613 ὦδε

12 2640 15 2693 ³·
139 2649 203 2716 Καὶ
217 2646 292 2713 τότε
306 2643 365 2731 δή,
380 2651 528 2731 Μίλητε,
543 2649 659 2711 κακῶν
673 2641 887 2731 έπιμήχανεέ
885 2665 988 2759 ρρων,

79 2748 319 2811 Πολλοϊσιν
334 2740 473 2809 δείπνύν
483 2767 523 2808 τε
539 2743 595 2810 καὶ
609 2739 717 2827 ἀγλαοὶ
732 2744 825 2829 δωρα
837 2738 974 2859 μενήση,

137 2843 204 2911 Σαλ
217 2838 249 2907 δ’
267 2838 381 2925 ἄλοχοι
394 2847 547 2908 πολλοῖσι
561 2839 667 2920 πόδας
680 2847 818 2922 νίψουσι
831 2837 1000 2927 κομήταις,

15 2984 16 2987 =
137 2944 236 3026 λίηον
250 2934 282 3005 δ
298 2934 463 3061 ἡμετέρου
476 2938 642 3024 Διδύμοις
657 2937 787 3006 ύλλοισι
801 2937 945 3026 μελήσει

94 3045 167 3112 τότε
184 3037 225 3126 δή
242 3045 347 3107 ταῦτα
358 3035 438 3118 τούς
452 3045 642 3126 Μιλησίους
656 3035 938 3126 κατελύμβανε,”
918 3062 974 3107 οτε
986 3063 1025 3125 με
1037 3034 1099 3104 611-

95 3148 170 3230 δρες
184 3141 246 3227 μὲν
267 3143 302 3210 οί
313 3146 454 3220 πλεῦνες
471 3143 658 3210 ἐκτείνοντο
674 3137 740 3209 ύπδ
762 3145 831 3207 τῶν
846 3141 1005 3227 Περσέων
1023 3137 1100 3205 έύν-

95 3266 161 3308 των
182 3241 369 3327 κομητέων,
394 3253 552 3326 γυναῖκες
572 3243 609 3310 δέ
628 3241 685 3308 καλ
703 3240 803 3307 τέκνα
818 3240 856 3306 έν
868 3235 1100 3360 ἀνδραπόδων

15 3376 19 3385 1
95 3337 184 3460 λήηρο
199 3339 367 3426 έγίνοντο,
387 3336 515 3427 ίρδυδὲ
534 3365 571 3409 το
560 3337 628 3409 ἐν
641 3333 878 3424 Διδύμοισι,
862 3332 978 3421 ονηύς
993 3357 1028 3400 τε
1044 3333 1099 3398 καὶ

95 3435 131 3507 τδ
146 3439 365 3528 χρηστήριον,
389 3443 582 3562 ρνληδέυτιι
602 3443 834 3527 ἐνεπίμπρατο.
863 3439 932 3501 τῶν
952 3428 982 3498 δ’
1000 3430 1038 3497 έν
1052 3434 1099 3547 τρδ

94 3541 156 3668 ίρρο
170 3538 277 3626 τούτρι
292 3539 470 3625 χρημάτων
484 3541 644 3619 πολλάκις
656 3538 792 3626 μνήμην
810 3532 950 3615 ἑτέρωθι
965 3495 1100 3594 tofi-16
