2562 3926
190 211 193 219 “
325 208 407 268 ΗΒ.
440 210 484 267 111.
518 206 616 267 061³.
648 211 790 270 δθ-δλ,
823 224 826 230 ·
996 198 1058 266 229
1111 214 1114 219 ’
1203 198 1206 203 ’

83 363 170 438 καί
139 394 194 438 τον
205 368 458 458 μένΚαμβύσην
473 367 617 458 ἥδεσθαι
627 368 828 458 θηεύμενον,
842 367 907 459 τήν
919 370 955 440 δέ
970 393 1055 458 παρ-

82 469 188 555 ημένην
201 467 367 563 δακρύειν.
411 468 598 557 Καμβύσην
616 469 653 537 δὲ
667 467 822 555 μαθόντα
844 476 942 540 τοῦτο
965 469 1058 542 ἐπεί·

82 574 197 654 ρεσθαι,
217 567 301 638 διότι
322 568 480 656 δακρύει,
503 564 565 655 τήν
588 567 624 638 δέ
647 565 815 657 εἰπεῖν,
792 580 837 649 ως
858 568 1030 639 ἰδοῦσα
996 587 1058 639 ιον

80 662 228 734 σκύλακα.
236 673 282 758 τῷ
306 663 458 759 ἀδελφεῷ
488 667 721 755 τιμωρήσαντα
746 667 941 757 δακρύσειε,
971 692 1058 757 μνη-
1165 672 1169 678 ’

79 763 180 834 σθελσύ
197 791 231 835 τε
243 766 484 855 Σμέρδιοςκαδ
504 763 720 854 μαθοῦσα,’
697 791 742 845 ως
757 763 927 859 έκείνμ’
887 792 951 855 ουκ
966 763 1051 856 εἴη’
1036 794 1058 839 ο,

79 862 261 950 τιμωρήσων.
307 862 463 955 Ἕλληνες
482 866 545 951 μὲν
561 861 601 951 66
624 861 679 940 διὰ
700 871 799 934 τοῦτο
821 862 859 935 τό
877 864 956 945 ἐπος
975 867 1057 952 φασὶ

77 957 168 1049 αύτήν
176 961 358 1035 ἀπολέσθαι
371 961 438 1034 ὑπὸ
451 966 659 1053 Καμβύσεω,
670 962 852 1053 Αίγύπτιον
864 968 900 1034 δὲ
918 961 962 1045 ὥς
975 990 1057 1053 τροι-

56 1062 141 1149 ιτέζη
161 1068 429 1155 περικατημένων
452 1071 635 1153 λαβοῦσαν
649 1066 796 1151 θρίδακα
820 1060 884 1157 τήν
913 1078 1057 1150 γυναῖκα

75 1169 217 1245 αεριτῐλαι
232 1164 288 1232 καί
304 1166 538 1250 έπανείρεσθαι
553 1158 613 1231 τόν
628 1158 752 1249 ἀνδρα,
773 1160 912 1247 κότερον
925 1186 1056 1249 περιτε-

39 1322 42 1327 ,
77 1257 231 1346 ιιλμένη
202 1288 229 1349 η
246 1258 385 1331 δασέα’
368 1289 390 1350 η
410 1263 532 1346 θρίδαξ
548 1262 650 1329 ἐοῦσα
669 1268 719 1346 εἴη
739 1266 902 1348 καλλίων,
924 1256 1029 1337 καί
994 1283 1056 1326 τον

75 1354 164 1437 ρύναι
179 1360 319 1447 δασέαν,
339 1353 455 1457 τήνδ’
472 1362 594 1425 είπελν·
637 1356 771 1443 Ταύτην
784 1358 898 1443 μέντοι
914 1357 990 1425 κοτέ
1010 1351 1054 1423 σύ
1116 1371 1119 1376 “

75 1445 124 1536 τὴν
140 1459 283 1539 θρίδακα
299 1448 479 1544 ἐμιμήσαο,
500 1450 562 1522 τόν
574 1450 693 1540 Κύρου
713 1450 807 1522 οἷκον
828 1450 1052 1535 ἀποριλωσας
1117 1453 1121 1459 ’

77 1545 133 1616 Τόν
145 1549 178 1620 δέ
197 1557 405 1641 θυμωθέντα
426 1554 610 1640 ἐμπηδῆσαι
627 1547 712 1641 αύτή
732 1549 854 1641 έχούση
873 1553 911 1620 ἐν
926 1554 1054 1641 γαστρὶ,
1118 1597 1122 1603 -

73 1653 121 1714 καί
137 1674 192 1773 μιν
212 1648 426 1738 ἐκτρώσασαν
446 1646 642 1727 ἀποθανεῖν
697 1656 808 1717 Ταῦτα
833 1652 906 1773 μὲν
917 1651 950 1731 ἐς
975 1646 1103 1745 τούςρς

71 1750 200 1833 move
213 1777 232 1820 ο
219 1744 433 1838 ’Καμβύσης
448 1747 669 1839 έξεμάνη,ἐίτε
683 1743 724 1834 δή
739 1742 843 1814 διά
809 1772 870 1817 τον
878 1740 977 1816 Ἀπιν
990 1740 1055 1817 εἴτε
1117 1788 1128 1804 „
1218 1788 1222 1799 1

66 1853 114 1920 καὶ
135 1851 259 1945 ἄλλως,
286 1849 345 1925 οία
366 1854 472 1931 πολλὰ
499 1858 585 1924 ἐωθε
611 1849 816 1942 ἀνθρώπους
842 1845 937 1917 κακά
953 1873 1057 1915 κατα
1138 1922 1141 1926 Α

66 1953 247 2040 ἀνμβάνειν
286 1955 350 2025 καὶ
369 1954 434 2043 γύρ
458 1981 536 2045 τινα
555 1955 591 2022 ἐκ
617 1956 735 2039 γενεής
757 1953 885 2019 νούσου
909 1945 1057 2036 μεγάλην

69 2056 181 2141 λέγεται
195 2054 313 2149 ἔχειν
299 2084 317 2128 ο
332 2041 532 2143 Καμβύσης,
546 2049 609 2137 τήν
622 2045 700 2135 ίρήν
717 2042 940 2130 ούνομάζουσι
954 2046 1051 2122 τινές.

68 2158 240 2229 ουννντοι
252 2155 361 2236 αεικὲς
372 2144 504 2240 ουδέν
505 2174 598 2218 ντου
609 2169 760 2232 σωματος
770 2148 897 2217 νουσον
906 2138 1055 2229 μεγαλην

67 2256 228 2337 νοσέοντος
242 2254 328 2344 μηδὲ
341 2249 400 2333 τάς
414 2179 573 2338 666669‘
555 2251 730 2333 υγιαίνειν.
779 2235 912 2309 Τύδεδ’
928 2239 961 2317 ἐς
975 2234 1054 2316 τούς
1068 2263 1102 2339 ηη
1139 2291 1143 2300 .

65 2349 173 2435 ἄλλους
182 2360 319 2444 Πέρσας
332 2349 488 2440 ἐξεμάνη·
509 2348 638 2433 λέγεται
652 2339 718 2431 γάρ
733 2345 838 2410 εἰπεῖν
852 2333 957 2406 αύτδν
970 2331 1055 2430 πρὸς

64 2448 330 2540 Πρηξάσπεα,
295 2478 356 2520 τον
377 2450 469 2536 ἐτίμα
485 2470 521 2514 τε
540 2443 681 2531 μάλιστα
702 2445 762 2508 καί
777 2441 811 2506 οἱ
828 2433 885 2516 τὰς
899 2432 1054 2555 ἀγγελίας

63 2546 170 2634 ἐφόρεε
186 2544 306 2634 οὗτος,
326 2546 450 2618 τούτου
468 2567 504 2612 τε
524 2539 542 2612 ὁ
565 2555 641 2618 παῖς
661 2534 811 2624 οἰνοχόος
831 2528 922 2626 ἦν
891 2561 937 2602 τω
923 2540 1054 2621 Καμ-

60 2648 157 2739 ἀῦθβ,
177 2647 257 2737 τιμή
280 2648 393 2719 δὲκαὶ
414 2642 507 2731 αύτη
518 2639 559 2710 ού
581 2635 758 2727 σμικρή,ε
743 2642 848 2706 εἰπεῖν
869 2632 905 2701 66
926 2634 1055 2719 λέγεται

60 2747 145 2817 τόδε·
166 2757 246 2836 Πρη
239 2741 495 2830 ξασπες,κοῑόν
508 2743 551 2828 μέ
562 2764 637 2807 τινα
651 2740 820 2823 νομιῖουσι
831 2733 958 2817 Πέρσαι
970 2727 1057 2799 εἶναι
1128 2788 1130 2793 .
1232 2743 1234 2748 “

61 2840 174 2934 ἀνδρα,
195 2852 294 2923 τίνας
312 2869 348 2913 τι
368 2842 493 2928 λόγους
510 2839 585 2922 περὶ
609 2837 685 2922 ἐμέο
706 2837 894 2927 αοιεῦνταις
930 2826 998 2898 Τόν
1019 2829 1068 2897 66
1119 2907 1123 2915 Ι

59 2949 182 3014 εἰπεῖν·
197 2937 240 3013 Ω
257 2944 419 3028 δέσποτα,
441 2965 482 3009 τα
470 2936 560 3026 μὲν
574 2932 659 3004 ἀλλα
674 2931 782 3004 πάντα
796 2921 947 3017 μεγάλως
961 2929 1084 2996 ἐπαι-

59 3047 156 3133 νίεαι,
182 3053 225 3138 τῇ
250 3044 288 3112 66
313 3047 464 3132 φιλοινίη
487 3048 526 3109 σέ
548 3057 631 3127 φασι
652 3034 801 3119 πλεόνως
821 3018 1054 3127 προσκέεσθαι

59 3139 120 3211 Τόν
134 3147 202 3231 μὲν
214 3141 258 3231 66
274 3145 385 3231 λέγειν
403 3147 507 3210 ταῦτα
521 3139 597 3223 περὶ
611 3137 787 3220 Περσέων,
806 3129 866 3206 τὸν
880 3133 917 3199 δὲ
935 3139 1057 3215 θυμω-
1125 3143 1129 3151 ’

58 3243 152 3313 θέντα
175 3247 306 3323 τοιοίδε
327 3239 541 3328 ἀμείβεσθαι·
576 3242 660 3305 Νῦν
682 3231 747 3320 ἀρα
769 3232 813 3317 μέ
829 3247 912 3318 φασι
930 3228 1066 3311 Πέρσαι

55 3348 130 3430 οίνω
140 3348 391 3429 προσκείμενον
400 3337 650 3426 παραφρονέειν
660 3334 715 3402 και
726 3355 790 3405 ουκ
800 3325 884 3398 εἶναι
895 3345 1055 3408 νοημονα

53 3432 163 3514 οὐδ’
140 3466 207 3527 αρα
223 3443 390 3531 σρέωνοί
401 3433 670 3543 πρότεροιλόγοι
681 3424 769 3527 ήσαυ
782 3405 931 3521 ἀληθέες
963 3416 1052 3546 Πρό·
1180 3469 1184 3477 .
