2606 3920
189 229 252 291 206
568 232 819 291 HERODOTI

189 414 245 469 τος
255 393 396 479 ἐγένετο,
408 393 590 479 ἐσήμαινον
600 390 709 458 πάντα
720 388 759 458 τοὶ
770 390 937 478 γινόμενα
949 395 1025 478 περὶ
1035 391 1096 479 τήν
1109 420 1194 462 vav-

189 494 297 574 ηγίηυ.
326 492 360 556 ολ
373 491 410 557 δὲ
426 486 470 568 ὦς
486 489 673 573 ἐπύθοντο,
690 493 895 557 Ποσειδέωνι
912 499 1034 579 σωτῆρι
1052 490 1193 579 εὐξάμε-

188 609 242 652 νοι
263 587 318 653 καλ
336 585 484 667 σπουδᾶς
501 589 700 674 προχέαντες
715 584 777 673 τήν
797 595 951 675 ταχίστην
973 587 1079 659 ὀπίσω
1100 589 1194 677 ήπεί-

186 710 288 771 γοντο
303 687 355 753 έπλ
373 683 410 753 τὸ
429 683 650 772 Ἀρτεμίσιον,
672 687 863 764 ἐλπίσαντες
885 684 997 772 ὀλίγας
1017 688 1110 768 τινάς
1132 707 1194 774 σφι

187 779 362 864 ἀντιξόους
376 790 513 852 ἔσεσθαι
524 785 609 861 νέας.
635 787 679 850 OC
686 785 749 869 μὲν
763 780 804 869 δή
814 780 852 850 τὸ
865 783 1024 870 δεύτερον
1035 784 1193 863 ἐλθόντες

186 878 314 968 περὶτὰ
332 880 537 970 Ἀρτεμίσιον
558 882 776 969 ἐναυλόχεον,
793 885 1022 963 Ποσειδέωνος
1045 893 1193 973 σωτήρος

121 995 169 1053 193
187 985 380 1069 ἐπωνυμίην
394 980 459 1050 ἀπὸ
475 982 598 1051 τούτου
613 988 661 1051 ἔτι
678 985 733 1051 καλ
747 984 780 1060 ές
794 983 871 1051 τόδε
886 991 1090 1072 νομίζοντες,
1108 989 1143 1053 oc
1156 983 1192 1052 δὲ

185 1079 367 1169 βάρβαροι,
384 1078 428 1159 ὦς
443 1081 612 1151 ἐπαύσατό
627 1108 662 1151 τε
678 1080 697 1151 ὁ
712 1079 835 1169 ἄνεμος
846 1084 901 1151 καὶ
912 1081 950 1152 τὸ
966 1092 1056 1172 κῦμα
1066 1091 1189 1170 έστρω·

184 1207 238 1267 το,
259 1180 529 1260 κατασπάσαντες
543 1178 601 1260 τὰς
617 1185 694 1261 νέας
709 1188 839 1252 ἔπλωον
855 1180 944 1269 παρὰ
961 1181 1022 1271 τήν
1038 1182 1191 1271 ἤπειρον,

184 1282 375 1369 κάμψαντες
389 1282 426 1350 δέ
442 1279 504 1369 τήν
523 1281 631 1368 ι’ίκρηυ
649 1289 705 1368 τής
722 1291 922 1371 Μαγνησίης
940 1285 1039 1353 ἰθέαν
1059 1290 1191 1353 ἔπλωον
1262 1284 1267 1293 ’

183 1383 216 1459 ές
229 1380 289 1449 τὸν
304 1381 432 1449 κόλπου
446 1378 506 1449 τὸν
516 1383 568 1449 έπλ
579 1387 764 1467 Παγασέων
775 1384 933 1467 φέροντα.
954 1386 1022 1449 ἔστι
1037 1384 1073 1449 δὲ
1083 1389 1190 1469 χῶρος

183 1482 220 1548 έν
240 1486 286 1570 τῷ
304 1480 417 1569 κόλπῳ
435 1478 543 1569 τούτῳ
563 1487 621 1566 τῆς
637 1490 852 1568 Μαγνησίης,
877 1486 963 1548 ἔνθα
980 1483 1108 1565 λέγεται
1129 1480 1190 1551 τὸν

176 1576 341 1660 Ἡρακλέα
355 1585 622 1664 καταλειφθῆναι
637 1577 703 1647 ὑπὸ
723 1578 867 1666 Ἰήσονος
881 1605 917 1647 τε
931 1581 985 1646 καὶ
1002 1586 1071 1646 τῶν
1086 1601 1170 1648 συνο

182 1679 307 1757 ταίρωυ
322 1674 358 1741 ἐκ
372 1681 429 1760 τῆς
443 1673 579 1761 Ἀργοῦς
592 1673 645 1743 ἐπ’
659 1674 752 1761 ὕδωρ
767 1680 980 1763 πεμφθέντα,
998 1668 1068 1745 εὖτ’
1085 1679 1138 1745 ἐπὶ
1148 1676 1188 1745 τὰ

181 1780 270 1852 κῶας
284 1778 415 1841 ἔπλωον
429 1774 462 1851 ές
477 1770 563 1840 Αἶαν
578 1769 640 1859 τήν
651 1779 812 1860 Κολχίδα·
834 1778 996 1842 ἐνθεῦτεν
1008 1772 1074 1861 γὰρ
1090 1780 1186 1861 ἔμελ-

181 1880 243 1938 λον
259 1867 506 1958 ὑδρευσάμενοι
523 1873 556 1950 ές
566 1868 603 1938 τὰ
619 1872 761 1957 πέλαγος
771 1868 929 1959 ολπήσιιυ,
946 1875 998 1941 έπλ
1015 1872 1137 1940 τούτου
1149 1871 1187 1940 δὲ

180 1977 226 2061 τῷ
239 1971 336 2062 χείρω
351 1971 481 2058 οὕνομα
494 1972 613 2057 γέγονε
626 1967 767 2069 Ἀφεταί.
789 1974 827 2040 ἐν
843 1971 953 2063 τούτῳ
968 1965 1018 2039 οἷν
1034 1970 1140 2059 ὅρμον
1154 1976 1188 2038 ολ

117 2072 164 2128 ¹9⁴
179 2070 307 2153 Ξέρξεω
325 2071 507 2137 ἐποιεῦντο.
542 2073 786 2140 Πεντεκαίδεκα
807 2069 844 2137 δὲ
858 2076 926 2136 των
947 2076 1035 2137 νεῶν
1054 2069 1185 2137 τούτων
1214 2099 1218 2105 ·

180 2166 299 2252 ἔτυχόν
312 2192 348 2234 τε
363 2165 501 2234 ὕσταται
518 2162 645 2235 πολλόν
660 2170 906 2254 ἐξαναχθεῖσαι,
922 2175 981 2236 καί
994 2194 1060 2246 κως
1075 2181 1186 2235 κατεῖ-

180 2268 242 2332 δον
256 2261 315 2341 τὰς
326 2260 378 2331 ἐπ’
391 2260 582 2354 Ἀρτεμισίῳ
594 2269 661 2330 τῶν
671 2262 840 2351 Ἐλλήνων
853 2267 939 2344 νέας.
963 2264 1081 2343 ἔδοξάν
1095 2288 1131 2331 τε
1142 2261 1184 2349 δή

178 2360 237 2441 τὰς
252 2361 413 2443 σφετέρας
429 2357 513 2426 ελναι
528 2364 562 2428 οί
574 2359 750 2448 βάρβαροι,
768 2365 823 2430 καλ
835 2360 1002 2439 πλώοντας
1016 2366 1136 2427 ἔπεσον
1151 2360 1185 2436 ές

178 2455 258 2535 τοὺς
272 2463 460 2541 πολεμίους.
482 2463 551 2523 τῶν
568 2457 763 2545 ἐστρατήγεε
778 2456 796 2526 ὁ
812 2455 877 2527 ιλπό
894 2457 1013 2544 Κύμης
1028 2464 1085 2543 τῆς
1099 2462 1146 2524 Αἰ
1165 2494 1184 2507 ·

178 2559 269 2633 λίδος
284 2552 431 2640 ὕπαρχος
445 2553 631 2642 Σανδώκης
645 2553 662 2623 ὁ
679 2563 870 2642 Θαμασίου,
885 2553 946 2622 τὸν
960 2553 1001 2641 δή
1017 2553 1185 2641 πρότερον

176 2653 305 2722 τούτων
326 2650 484 2741 βασιλευς
499 2661 644 2740 Δαρεῖος
664 2652 716 2723 ἐπ’
737 2661 824 2743 αἰτίη
841 2656 952 2741 τοιήδε
971 2648 1086 2739 λαβων
1102 2647 1184 2718 ἄνε-

175 2751 358 2839 σταιλρωσε,
371 2752 469 2821 έόντα
481 2757 549 2822 τῶν
558 2760 740 2842 βασιληίων
752 2756 943 2822 δικαστέων.
964 2747 982 2820 ὅ
994 2749 1185 2836 Σανδώκης

175 2853 228 2919 ἐπὶ
242 2849 385 2937 χρήμασι
396 2849 515 2918 ἄδικον
529 2855 627 2938 δίκην
642 2853 781 2919 ἐδίκασε.
806 2847 1119 2936 ἀνακρεμασθέντος
1132 2842 1182 2914 ελυ

175 2948 279 3019 αὐτοῦ
301 2951 513 3039 λογιζόμενος
528 2947 546 3019 ὁ
561 2960 706 3039 Δαρεῖος
727 2944 807 3038 εὗρέ
819 2954 854 3018 ολ
868 2950 957 3017 πλέω
980 2943 1094 3034 ἀγαθοὶ
1111 2953 1181 3014 τοῖν

174 3047 420 3136 ἁμαρτημάτων
435 3053 641 3135 πεποιημένα
662 3052 695 3129 ές
711 3049 804 3118 οἶκον
818 3045 879 3117 τὸν
898 3046 1090 3134 βασιλήιον·
1121 3041 1180 3110 εὑ-

173 3143 244 3228 ρων
258 3148 294 3213 δὲ
308 3152 407 3214 τοῦτο
427 3142 447 3214 ὁ
462 3155 606 3232 Δαρεῖος
621 3151 676 3216 καλ
696 3145 816 3234 γνοὺς,
836 3143 881 3224 ὦς
894 3142 1057 3230 ταχύτερα
1077 3137 1180 3220 αὐτὸς

174 3240 194 3330 ή
212 3242 387 3329 σοφώτερα
398 3245 601 3330 ἐργασμένος
616 3255 678 3333 εἴη,
695 3251 800 3315 ἔλυσε.
824 3246 961 3332 βασιλέα
972 3241 1036 3327 μέν
1050 3238 1091 3328 δή
1103 3251 1179 3309 Δα-

173 3352 265 3420 ρεῖον
279 3335 367 3406 οὕτω
382 3339 560 3428 διαφυγών
574 3341 618 3429 μή
635 3339 821 3431 ἀπολέσθαι
838 3348 973 3427 περιήν,
995 3338 1069 3408 τότε
1089 3340 1126 3406 δὲ
1144 3341 1179 3418 ές

171 3431 419 3523 τοῦςἝλληνυς
437 3441 673 3512 καταπλώσας.
688 3448 803 3516 ἔμελλε
818 3436 859 3507 οὐ
873 3436 910 3506 τὰ
927 3437 1086 3526 δεύτερον
1100 3443 1179 3507 δια-
