<?xml version="1.0" encoding="UTF-8"?>
<!DOCTYPE html PUBLIC "-//W3C//DTD XHTML 1.0 Transitional//EN"
    "http://www.w3.org/TR/xhtml1/DTD/xhtml1-transitional.dtd">
<html xmlns="http://www.w3.org/1999/xhtml" xml:lang="en" lang="en">
 <head>
  <title>
</title>
<meta http-equiv="Content-Type" content="text/html;charset=utf-8" />
  <meta name='ocr-system' content='tesseract 3.04.00' />
  <meta name='ocr-capabilities' content='ocr_page ocr_carea ocr_par ocr_line ocrx_word'/>
</head>
<body>
  <div class='ocr_page' id='page_1' title='image "./historiarumlibr03herogoog_0011.png"; bbox 0 0 2536 3934; ppageno 0'>
   <div class='ocr_carea' id='block_1_1' title="bbox 210 204 856 314">
    <p class='ocr_par' dir='ltr' id='par_1_1' title="bbox 210 204 856 314">
     <span class='ocr_line' id='line_1_1' title="bbox 210 204 856 314; baseline -0.003 -2"><span class='ocrx_word' id='word_1_1' title='bbox 210 246 231 312; x_wconf 74' lang='lat'>2</span> <span class='ocrx_word' id='word_1_2' title='bbox 269 272 272 278; x_wconf 88' lang='grc'><strong>’</strong></span> <span class='ocrx_word' id='word_1_3' title='bbox 588 204 856 314; x_wconf 61' lang='grc' dir='ltr'><strong>ΗΕΕΟΒΟΤΓ</strong></span> 
     </span>
    </p>
   </div>
   <div class='ocr_carea' id='block_1_2' title="bbox 84 408 1211 1296">
    <p class='ocr_par' dir='ltr' id='par_1_2' title="bbox 84 408 1211 1296">
     <span class='ocr_line' id='line_1_2' title="bbox 210 408 1207 501; baseline -0.001 -20"><span class='ocrx_word' id='word_1_4' title='bbox 210 411 312 492; x_wconf 90' lang='grc' dir='ltr'><strong><em>ἀλλας</em></strong></span> <span class='ocrx_word' id='word_1_5' title='bbox 327 439 363 481; x_wconf 91' lang='grc' dir='ltr'><strong><em>τε</em></strong></span> <span class='ocrx_word' id='word_1_6' title='bbox 380 411 504 492; x_wconf 84' lang='grc' dir='ltr'><strong><em>πολλάς</em></strong></span> <span class='ocrx_word' id='word_1_7' title='bbox 520 416 575 481; x_wconf 87' lang='grc' dir='ltr'><strong><em>καλ</em></strong></span> <span class='ocrx_word' id='word_1_8' title='bbox 594 412 633 500; x_wconf 80' lang='grc' dir='ltr'><strong><em>δη</em></strong></span> <span class='ocrx_word' id='word_1_9' title='bbox 653 417 708 483; x_wconf 79' lang='grc' dir='ltr'><strong><em>καὶ</em></strong></span> <span class='ocrx_word' id='word_1_10' title='bbox 725 419 787 481; x_wconf 89' lang='grc' dir='ltr'><strong><em>τοῦ</em></strong></span> <span class='ocrx_word' id='word_1_11' title='bbox 800 418 952 501; x_wconf 77' lang='grc' dir='ltr'><strong><em>βασιλέος</em></strong></span> <span class='ocrx_word' id='word_1_12' title='bbox 962 408 1148 500; x_wconf 72' lang='grc' dir='ltr'><em>θυγατέρα·</em></span> <span class='ocrx_word' id='word_1_13' title='bbox 1170 437 1207 480; x_wconf 88' lang='grc' dir='ltr'><strong><em>το</em></strong></span> 
     </span>
     <span class='ocr_line' id='line_1_3' title="bbox 210 508 1209 599; baseline 0 -21"><span class='ocrx_word' id='word_1_14' title='bbox 210 513 250 578; x_wconf 87' lang='grc' dir='ltr'><strong><em>δέ</em></strong></span> <span class='ocrx_word' id='word_1_15' title='bbox 258 515 292 578; x_wconf 78' lang='grc' dir='ltr'><strong><em>οἱ</em></strong></span> <span class='ocrx_word' id='word_1_16' title='bbox 307 508 436 598; x_wconf 86' lang='grc' dir='ltr'><strong><em>οῦνομα</em></strong></span> <span class='ocrx_word' id='word_1_17' title='bbox 448 510 550 598; x_wconf 81' lang='grc' dir='ltr'><strong><em>εἶναι,</em></strong></span> <span class='ocrx_word' id='word_1_18' title='bbox 568 510 652 580; x_wconf 87' lang='grc' dir='ltr'><strong><em>κατά</em></strong></span> <span class='ocrx_word' id='word_1_19' title='bbox 663 509 769 580; x_wconf 78' lang='grc' dir='ltr'><strong><em>τώυτό</em></strong></span> <span class='ocrx_word' id='word_1_20' title='bbox 781 508 818 578; x_wconf 89' lang='grc' dir='ltr'><strong><em>τδ</em></strong></span> <span class='ocrx_word' id='word_1_21' title='bbox 831 514 886 580; x_wconf 84' lang='grc' dir='ltr'><strong><em>καλ</em></strong></span> <span class='ocrx_word' id='word_1_22' title='bbox 895 510 1051 598; x_wconf 83' lang='grc' dir='ltr'><strong><em>Ἕλληνες</em></strong></span> <span class='ocrx_word' id='word_1_23' title='bbox 1062 515 1209 599; x_wconf 80' lang='grc' dir='ltr'><strong><em>λέγουσι,</em></strong></span> 
     </span>
     <span class='ocr_line' id='line_1_4' title="bbox 84 607 1210 701; baseline 0.002 -24"><span class='ocrx_word' id='word_1_24' title='bbox 84 660 87 665; x_wconf 63' lang='grc'><strong><em>«</em></strong></span> <span class='ocrx_word' id='word_1_25' title='bbox 205 607 293 677; x_wconf 82' lang='grc' dir='ltr'><em>Ἰοῦν</em></span> <span class='ocrx_word' id='word_1_26' title='bbox 320 607 381 695; x_wconf 83' lang='grc' dir='ltr'><strong><em>τὴν</em></strong></span> <span class='ocrx_word' id='word_1_27' title='bbox 403 608 541 696; x_wconf 83' lang='grc' dir='ltr'><strong><em>Ἰνάχου.</em></strong></span> <span class='ocrx_word' id='word_1_28' title='bbox 575 611 698 690; x_wconf 80' lang='grc' dir='ltr'><strong><em>ταύτας</em></strong></span> <span class='ocrx_word' id='word_1_29' title='bbox 724 611 846 690; x_wconf 90' lang='grc' dir='ltr'><strong><em>στάσας</em></strong></span> <span class='ocrx_word' id='word_1_30' title='bbox 867 610 951 679; x_wconf 86' lang='grc' dir='ltr'><strong><em>κατά</em></strong></span> <span class='ocrx_word' id='word_1_31' title='bbox 972 613 1131 701; x_wconf 82' lang='grc' dir='ltr'><strong><em>πρύμνην</em></strong></span> <span class='ocrx_word' id='word_1_32' title='bbox 1150 619 1210 698; x_wconf 79' lang='grc' dir='ltr'><strong><em>τῆς</em></strong></span> 
     </span>
     <span class='ocr_line' id='line_1_5' title="bbox 208 705 1209 802; baseline 0.006 -28"><span class='ocrx_word' id='word_1_33' title='bbox 208 706 285 802; x_wconf 77' lang='grc' dir='ltr'><strong><em>νεός</em></strong></span> <span class='ocrx_word' id='word_1_34' title='bbox 298 705 462 777; x_wconf 73' lang='grc' dir='ltr'><strong><em>ὠνέεσθαι</em></strong></span> <span class='ocrx_word' id='word_1_35' title='bbox 472 717 540 777; x_wconf 79' lang='grc' dir='ltr'><strong><em>των</em></strong></span> <span class='ocrx_word' id='word_1_36' title='bbox 552 718 718 800; x_wconf 80' lang='grc' dir='ltr'><em>φορτίων,</em></span> <span class='ocrx_word' id='word_1_37' title='bbox 728 718 797 779; x_wconf 78' lang='grc' dir='ltr'><strong><em>τῶν</em></strong></span> <span class='ocrx_word' id='word_1_38' title='bbox 808 731 868 798; x_wconf 90' lang='grc' dir='ltr'><strong><em>σφι</em></strong></span> <span class='ocrx_word' id='word_1_39' title='bbox 879 705 923 799; x_wconf 79' lang='grc' dir='ltr'><strong><em>ἦν</em></strong></span> <span class='ocrx_word' id='word_1_40' title='bbox 933 711 1045 801; x_wconf 80' lang='grc' dir='ltr'><strong><em>θυμός</em></strong></span> <span class='ocrx_word' id='word_1_41' title='bbox 1055 716 1209 800; x_wconf 84' lang='grc' dir='ltr'><strong><em>μάλιστα,</em></strong></span> 
     </span>
     <span class='ocr_line' id='line_1_6' title="bbox 172 804 1208 899; baseline 0.002 -23"><span class='ocrx_word' id='word_1_42' title='bbox 172 872 175 876; x_wconf 87' lang='grc'>.</span> <span class='ocrx_word' id='word_1_43' title='bbox 208 810 263 874; x_wconf 83' lang='grc' dir='ltr'><strong><em>καλ</em></strong></span> <span class='ocrx_word' id='word_1_44' title='bbox 279 804 358 887; x_wconf 86' lang='grc' dir='ltr'><strong><em>τοῦς</em></strong></span> <span class='ocrx_word' id='word_1_45' title='bbox 369 815 528 888; x_wconf 87' lang='grc' dir='ltr'><strong><em>Φοίνικας</em></strong></span> <span class='ocrx_word' id='word_1_46' title='bbox 545 814 866 897; x_wconf 76' lang='grc' dir='ltr'><strong><em>διακελευσαμένους</em></strong></span> <span class='ocrx_word' id='word_1_47' title='bbox 877 808 1020 899; x_wconf 81' lang='grc' dir='ltr'><strong><em>ὅρμησαι</em></strong></span> <span class='ocrx_word' id='word_1_48' title='bbox 1034 808 1080 879; x_wconf 85' lang='grc' dir='ltr'><strong><em>ἐπ’</em></strong></span> <span class='ocrx_word' id='word_1_49' title='bbox 1094 809 1208 888; x_wconf 85' lang='grc' dir='ltr'><strong><em>αότάς.</em></strong></span> 
     </span>
     <span class='ocr_line' id='line_1_7' title="bbox 208 906 1211 998; baseline 0.003 -24"><span class='ocrx_word' id='word_1_50' title='bbox 208 906 267 986; x_wconf 86' lang='grc' dir='ltr'><strong><em>τάς</em></strong></span> <span class='ocrx_word' id='word_1_51' title='bbox 284 911 346 995; x_wconf 78' lang='grc' dir='ltr'><strong><em>μέν</em></strong></span> <span class='ocrx_word' id='word_1_52' title='bbox 364 908 404 996; x_wconf 79' lang='grc' dir='ltr'><strong><em>δὴ</em></strong></span> <span class='ocrx_word' id='word_1_53' title='bbox 422 916 568 990; x_wconf 79' lang='grc' dir='ltr'><strong><em>πλεῦνας</em></strong></span> <span class='ocrx_word' id='word_1_54' title='bbox 584 918 653 979; x_wconf 76' lang='grc' dir='ltr'><strong><em>τῶν</em></strong></span> <span class='ocrx_word' id='word_1_55' title='bbox 670 916 842 998; x_wconf 77' lang='grc' dir='ltr'><strong><em>γυναικῶν</em></strong></span> <span class='ocrx_word' id='word_1_56' title='bbox 858 907 1066 997; x_wconf 82' lang='grc' dir='ltr'><strong><em>ἀποφυγεῖν,</em></strong></span> <span class='ocrx_word' id='word_1_57' title='bbox 1098 909 1161 997; x_wconf 78' lang='grc' dir='ltr'><strong><em>τὴν</em></strong></span> <span class='ocrx_word' id='word_1_58' title='bbox 1173 913 1211 978; x_wconf 76' lang='grc' dir='ltr'><strong><em>δὲ</em></strong></span> 
     </span>
     <span class='ocr_line' id='line_1_8' title="bbox 205 1003 1210 1098; baseline 0.003 -27"><span class='ocrx_word' id='word_1_59' title='bbox 205 1003 292 1072; x_wconf 84' lang='grc' dir='ltr'><strong><em>Ἰοῦν</em></strong></span> <span class='ocrx_word' id='word_1_60' title='bbox 310 1003 375 1072; x_wconf 83' lang='grc' dir='ltr'><strong><em>σῦν</em></strong></span> <span class='ocrx_word' id='word_1_61' title='bbox 392 1006 509 1096; x_wconf 86' lang='grc' dir='ltr'><strong><em>ἀλλησι</em></strong></span> <span class='ocrx_word' id='word_1_62' title='bbox 527 1007 760 1098; x_wconf 77' lang='grc' dir='ltr'><strong><em>ἁρπασθῆναι·</em></strong></span> <span class='ocrx_word' id='word_1_63' title='bbox 782 1012 1025 1096; x_wconf 79' lang='grc' dir='ltr'><strong><em>ἐσβαλομένους</em></strong></span> <span class='ocrx_word' id='word_1_64' title='bbox 1042 1013 1078 1077; x_wconf 76' lang='grc' dir='ltr'><strong><em>δέ</em></strong></span> <span class='ocrx_word' id='word_1_65' title='bbox 1095 1013 1128 1089; x_wconf 88' lang='grc' dir='ltr'><strong><em>ἐς</em></strong></span> <span class='ocrx_word' id='word_1_66' title='bbox 1146 1008 1210 1096; x_wconf 84' lang='grc' dir='ltr'><strong><em>την</em></strong></span> 
     </span>
     <span class='ocr_line' id='line_1_9' title="bbox 178 1104 1210 1195; baseline 0.008 -27"><span class='ocrx_word' id='word_1_67' title='bbox 178 1107 269 1170; x_wconf 70' lang='grc' dir='ltr'><strong><em>λνέα</em></strong></span> <span class='ocrx_word' id='word_1_68' title='bbox 291 1112 441 1189; x_wconf 86' lang='grc' dir='ltr'><strong><em>οίχεσθαι</em></strong></span> <span class='ocrx_word' id='word_1_69' title='bbox 469 1104 708 1188; x_wconf 69' lang='grc' dir='ltr'><strong><em>ἀποπλέοντας</em></strong></span> <span class='ocrx_word' id='word_1_70' title='bbox 732 1105 784 1176; x_wconf 86' lang='grc' dir='ltr'><strong><em>ἐπ’</em></strong></span> <span class='ocrx_word' id='word_1_71' title='bbox 807 1109 992 1195; x_wconf 88' lang='grc' dir='ltr'><strong><em>Αίγόπτου.</em></strong></span> <span class='ocrx_word' id='word_1_72' title='bbox 1027 1108 1124 1178; x_wconf 87' lang='grc' dir='ltr'><strong><em>Οῦτω</em></strong></span> <span class='ocrx_word' id='word_1_73' title='bbox 1146 1113 1210 1194; x_wconf 78' lang='grc' dir='ltr'><strong><em>μὲν</em></strong></span> 
     </span>
     <span class='ocr_line' id='line_1_10' title="bbox 206 1198 1209 1296; baseline 0.006 -28"><span class='ocrx_word' id='word_1_74' title='bbox 206 1198 293 1268; x_wconf 84' lang='grc' dir='ltr'><strong><em>Ἰοῦν</em></strong></span> <span class='ocrx_word' id='word_1_75' title='bbox 317 1202 350 1278; x_wconf 86' lang='grc' dir='ltr'><strong><em>ές</em></strong></span> <span class='ocrx_word' id='word_1_76' title='bbox 365 1209 540 1289; x_wconf 85' lang='grc' dir='ltr'><strong><em>Αίγυπτον</em></strong></span> <span class='ocrx_word' id='word_1_77' title='bbox 558 1203 739 1275; x_wconf 76' lang='grc' dir='ltr'><strong><em>ἀπικέσθαι</em></strong></span> <span class='ocrx_word' id='word_1_78' title='bbox 761 1211 897 1294; x_wconf 90' lang='grc' dir='ltr'><strong><em>λέγουσι</em></strong></span> <span class='ocrx_word' id='word_1_79' title='bbox 914 1211 1057 1296; x_wconf 81' lang='grc' dir='ltr'><strong><em>Πέρσαι,</em></strong></span> <span class='ocrx_word' id='word_1_80' title='bbox 1082 1206 1144 1275; x_wconf 85' lang='grc' dir='ltr'><strong><em>οῦκ</em></strong></span> <span class='ocrx_word' id='word_1_81' title='bbox 1158 1205 1209 1285; x_wconf 80' lang='grc' dir='ltr'><strong><em>ὡς</em></strong></span> 
     </span>
    </p>
   </div>
   <div class='ocr_carea' id='block_1_3' title="bbox 208 1296 1254 1393">
    <p class='ocr_par' dir='ltr' id='par_1_3' title="bbox 208 1296 1254 1393">
     <span class='ocr_line' id='line_1_11' title="bbox 208 1296 1254 1393; baseline 0.006 -28"><span class='ocrx_word' id='word_1_82' title='bbox 208 1296 381 1386; x_wconf 83' lang='grc' dir='ltr'><strong><em>Ἕλληνες,</em></strong></span> <span class='ocrx_word' id='word_1_83' title='bbox 412 1305 467 1370; x_wconf 80' lang='grc' dir='ltr'><strong><em>καὶ</em></strong></span> <span class='ocrx_word' id='word_1_84' title='bbox 492 1311 560 1371; x_wconf 76' lang='grc' dir='ltr'><strong><em>τῶν</em></strong></span> <span class='ocrx_word' id='word_1_85' title='bbox 581 1304 796 1393; x_wconf 76' lang='grc' dir='ltr'><strong><em>ἀδικημάτων</em></strong></span> <span class='ocrx_word' id='word_1_86' title='bbox 818 1310 916 1372; x_wconf 90' lang='grc' dir='ltr'><strong><em>τοῦτο</em></strong></span> <span class='ocrx_word' id='word_1_87' title='bbox 942 1308 1076 1390; x_wconf 73' lang='grc' dir='ltr'><strong><em>πρῶτον</em></strong></span> <span class='ocrx_word' id='word_1_88' title='bbox 1093 1301 1207 1390; x_wconf 84' lang='grc' dir='ltr'><strong><em>ἀρξαι·</em></strong></span> <span class='ocrx_word' id='word_1_89' title='bbox 1253 1318 1254 1321; x_wconf 76' lang='grc'>’</span> 
     </span>
    </p>
   </div>
   <div class='ocr_carea' id='block_1_4' title="bbox 174 1394 1214 2079">
    <p class='ocr_par' dir='ltr' id='par_1_4' title="bbox 174 1394 1214 2079">
     <span class='ocr_line' id='line_1_12' title="bbox 210 1394 1208 1490; baseline 0.007 -28"><span class='ocrx_word' id='word_1_90' title='bbox 210 1394 291 1482; x_wconf 89' lang='grc' dir='ltr'><strong><em>μετά</em></strong></span> <span class='ocrx_word' id='word_1_91' title='bbox 309 1400 346 1465; x_wconf 73' lang='grc' dir='ltr'><strong><em>δέ</em></strong></span> <span class='ocrx_word' id='word_1_92' title='bbox 361 1406 465 1467; x_wconf 87' lang='grc' dir='ltr'><strong><em>ταῦτα</em></strong></span> <span class='ocrx_word' id='word_1_93' title='bbox 477 1401 646 1490; x_wconf 79' lang='grc' dir='ltr'><strong><em>Ἑλλήνων</em></strong></span> <span class='ocrx_word' id='word_1_94' title='bbox 656 1404 757 1483; x_wconf 52' lang='grc' dir='ltr'><strong><em>’τινάς</em></strong></span> <span class='ocrx_word' id='word_1_95' title='bbox 776 1402 832 1490; x_wconf 91' lang='grc' dir='ltr'><strong><em>(οά</em></strong></span> <span class='ocrx_word' id='word_1_96' title='bbox 849 1403 914 1490; x_wconf 87' lang='grc' dir='ltr'><strong><em>γάρ</em></strong></span> <span class='ocrx_word' id='word_1_97' title='bbox 931 1409 1042 1488; x_wconf 82' lang='grc' dir='ltr'><strong><em>έχουσι</em></strong></span> <span class='ocrx_word' id='word_1_98' title='bbox 1058 1401 1208 1486; x_wconf 86' lang='grc' dir='ltr'><strong><em>τοῦνομα</em></strong></span> 
     </span>
     <span class='ocr_line' id='line_1_13' title="bbox 211 1493 1208 1589; baseline 0.004 -28"><span class='ocrx_word' id='word_1_99' title='bbox 211 1493 461 1585; x_wconf 76' lang='grc' dir='ltr'><strong><em>ἀπηγήσασθαι)</em></strong></span> <span class='ocrx_word' id='word_1_100' title='bbox 484 1504 565 1587; x_wconf 85' lang='grc' dir='ltr'><strong><em>φασλ</em></strong></span> <span class='ocrx_word' id='word_1_101' title='bbox 585 1510 643 1589; x_wconf 79' lang='grc' dir='ltr'><strong><em>τῆς</em></strong></span> <span class='ocrx_word' id='word_1_102' title='bbox 661 1508 820 1587; x_wconf 80' lang='grc' dir='ltr'><strong><em>Φοινίκης</em></strong></span> <span class='ocrx_word' id='word_1_103' title='bbox 837 1503 869 1578; x_wconf 90' lang='grc' dir='ltr'><strong><em>ές</em></strong></span> <span class='ocrx_word' id='word_1_104' title='bbox 891 1500 1003 1588; x_wconf 87' lang='grc' dir='ltr'><strong><em>Τόρον</em></strong></span> <span class='ocrx_word' id='word_1_105' title='bbox 1019 1499 1208 1589; x_wconf 84' lang='grc' dir='ltr'><strong><em>προσσχόν-</em></strong></span> 
     </span>
     <span class='ocr_line' id='line_1_14' title="bbox 210 1593 1204 1689; baseline 0 -28"><span class='ocrx_word' id='word_1_106' title='bbox 210 1620 267 1674; x_wconf 89' lang='grc' dir='ltr'><strong><em>τας</em></strong></span> <span class='ocrx_word' id='word_1_107' title='bbox 312 1593 458 1682; x_wconf 79' lang='grc' dir='ltr'><strong><em>ἁρπάσαι</em></strong></span> <span class='ocrx_word' id='word_1_108' title='bbox 485 1608 553 1668; x_wconf 88' lang='grc' dir='ltr'><strong><em>τοῦ</em></strong></span> <span class='ocrx_word' id='word_1_109' title='bbox 567 1605 720 1689; x_wconf 86' lang='grc' dir='ltr'><strong><em>βασιλέος</em></strong></span> <span class='ocrx_word' id='word_1_110' title='bbox 746 1597 808 1685; x_wconf 76' lang='grc' dir='ltr'><strong><em>τὴν</em></strong></span> <span class='ocrx_word' id='word_1_111' title='bbox 833 1601 1004 1685; x_wconf 77' lang='grc' dir='ltr'><strong><em>θυγατέρα</em></strong></span> <span class='ocrx_word' id='word_1_112' title='bbox 1024 1597 1204 1685; x_wconf 75' lang='grc' dir='ltr'><strong><em>Εάροόπην.</em></strong></span> 
     </span>
     <span class='ocr_line' id='line_1_15' title="bbox 212 1691 1209 1788; baseline 0.002 -27"><span class='ocrx_word' id='word_1_113' title='bbox 212 1703 327 1780; x_wconf 86' lang='grc' dir='ltr'><strong><em>είησαν</em></strong></span> <span class='ocrx_word' id='word_1_114' title='bbox 344 1692 374 1760; x_wconf 84' lang='grc' dir='ltr'><strong><em>δ’</em></strong></span> <span class='ocrx_word' id='word_1_115' title='bbox 389 1691 432 1762; x_wconf 87' lang='grc' dir='ltr'><strong><em>ἀν</em></strong></span> <span class='ocrx_word' id='word_1_116' title='bbox 449 1691 543 1767; x_wconf 86' lang='grc' dir='ltr'><strong><em>οῦτοι</em></strong></span> <span class='ocrx_word' id='word_1_117' title='bbox 556 1707 692 1788; x_wconf 78' lang='grc' dir='ltr'><strong><em>Κρῆτες.</em></strong></span> <span class='ocrx_word' id='word_1_118' title='bbox 717 1702 821 1764; x_wconf 86' lang='grc' dir='ltr'><strong><em>ταῦτα</em></strong></span> <span class='ocrx_word' id='word_1_119' title='bbox 839 1699 901 1781; x_wconf 74' lang='grc' dir='ltr'><strong><em>μέν</em></strong></span> <span class='ocrx_word' id='word_1_120' title='bbox 919 1694 958 1782; x_wconf 80' lang='grc' dir='ltr'><strong><em>δη</em></strong></span> <span class='ocrx_word' id='word_1_121' title='bbox 978 1707 1033 1766; x_wconf 86' lang='grc' dir='ltr'><strong><em>ίσα</em></strong></span> <span class='ocrx_word' id='word_1_122' title='bbox 1051 1717 1111 1784; x_wconf 90' lang='grc' dir='ltr'><strong><em>σφι</em></strong></span> <span class='ocrx_word' id='word_1_123' title='bbox 1119 1694 1209 1784; x_wconf 82' lang='grc' dir='ltr'><strong><em>πρὸς</em></strong></span> 
     </span>
     <span class='ocr_line' id='line_1_16' title="bbox 211 1792 1208 1883; baseline -0.001 -21"><span class='ocrx_word' id='word_1_124' title='bbox 211 1803 266 1862; x_wconf 86' lang='grc' dir='ltr'><strong><em>ίσα</em></strong></span> <span class='ocrx_word' id='word_1_125' title='bbox 282 1797 456 1877; x_wconf 84' lang='grc' dir='ltr'><strong><em>γενέσθαι·</em></strong></span> <span class='ocrx_word' id='word_1_126' title='bbox 478 1796 559 1883; x_wconf 86' lang='grc' dir='ltr'><strong><em>μετὰ</em></strong></span> <span class='ocrx_word' id='word_1_127' title='bbox 576 1800 613 1864; x_wconf 79' lang='grc' dir='ltr'><strong><em>δέ</em></strong></span> <span class='ocrx_word' id='word_1_128' title='bbox 628 1803 732 1863; x_wconf 89' lang='grc' dir='ltr'><strong><em>ταῦτα</em></strong></span> <span class='ocrx_word' id='word_1_129' title='bbox 741 1792 902 1879; x_wconf 86' lang='grc' dir='ltr'><strong><em>Ἕλληνας</em></strong></span> <span class='ocrx_word' id='word_1_130' title='bbox 919 1800 1044 1874; x_wconf 81' lang='grc' dir='ltr'><strong><em>αἰτίους</em></strong></span> <span class='ocrx_word' id='word_1_131' title='bbox 1059 1802 1117 1882; x_wconf 80' lang='grc' dir='ltr'><strong><em>τῆς</em></strong></span> <span class='ocrx_word' id='word_1_132' title='bbox 1128 1800 1208 1863; x_wconf 80' lang='grc' dir='ltr'><strong><em>δευ·</em></strong></span> 
     </span>
     <span class='ocr_line' id='line_1_17' title="bbox 174 1890 1214 1981; baseline 0 -21"><span class='ocrx_word' id='word_1_133' title='bbox 174 1973 176 1977; x_wconf 31' lang='grc'><strong>,</strong></span> <span class='ocrx_word' id='word_1_134' title='bbox 201 1897 305 1981; x_wconf 82' lang='grc' dir='ltr'><strong><em>τέρης</em></strong></span> <span class='ocrx_word' id='word_1_135' title='bbox 316 1890 443 1981; x_wconf 89' lang='grc' dir='ltr'><strong><em>ἀδικίης</em></strong></span> <span class='ocrx_word' id='word_1_136' title='bbox 457 1900 623 1981; x_wconf 88' lang='grc' dir='ltr'><strong><em>γενέσθαι.</em></strong></span> <span class='ocrx_word' id='word_1_137' title='bbox 647 1891 927 1970; x_wconf 73' lang='grc' dir='ltr'><strong><em>καταπλώσαντας</em></strong></span> <span class='ocrx_word' id='word_1_138' title='bbox 944 1890 1008 1978; x_wconf 90' lang='grc' dir='ltr'><strong><em>γάρ</em></strong></span> <span class='ocrx_word' id='word_1_139' title='bbox 1025 1900 1134 1981; x_wconf 79' lang='grc' dir='ltr'><strong><em>μακρῇ</em></strong></span> <span class='ocrx_word' id='word_1_140' title='bbox 1150 1897 1214 1978; x_wconf 86' lang='grc' dir='ltr'><strong><em>νηῒ</em></strong></span> 
     </span>
     <span class='ocr_line' id='line_1_18' title="bbox 211 1989 1210 2079; baseline -0.005 -17"><span class='ocrx_word' id='word_1_141' title='bbox 211 1997 244 2073; x_wconf 86' lang='grc' dir='ltr'><strong><em>ές</em></strong></span> <span class='ocrx_word' id='word_1_142' title='bbox 256 1991 345 2061; x_wconf 87' lang='grc' dir='ltr'><strong><em>Αίάν</em></strong></span> <span class='ocrx_word' id='word_1_143' title='bbox 361 2018 397 2060; x_wconf 88' lang='grc' dir='ltr'><strong><em>τε</em></strong></span> <span class='ocrx_word' id='word_1_144' title='bbox 412 1991 474 2079; x_wconf 79' lang='grc' dir='ltr'><strong><em>τὴν</em></strong></span> <span class='ocrx_word' id='word_1_145' title='bbox 483 1996 630 2078; x_wconf 83' lang='grc' dir='ltr'><strong><em>Κολχίδα</em></strong></span> <span class='ocrx_word' id='word_1_146' title='bbox 643 1995 698 2059; x_wconf 83' lang='grc' dir='ltr'><strong><em>καλ</em></strong></span> <span class='ocrx_word' id='word_1_147' title='bbox 717 1993 769 2059; x_wconf 84' lang='grc' dir='ltr'><strong><em>έπλ</em></strong></span> <span class='ocrx_word' id='word_1_148' title='bbox 780 1997 890 2059; x_wconf 80' lang='grc' dir='ltr'><strong><em>Φᾶσιν</em></strong></span> <span class='ocrx_word' id='word_1_149' title='bbox 902 1989 1069 2078; x_wconf 79' lang='grc' dir='ltr'><strong><em>ποταμόν,</em></strong></span> <span class='ocrx_word' id='word_1_150' title='bbox 1083 1994 1210 2059; x_wconf 83' lang='grc' dir='ltr'><strong><em>ἐνθεῦ-</em></strong></span> 
     </span>
    </p>
   </div>
   <div class='ocr_carea' id='block_1_5' title="bbox 14 2083 1209 2179">
    <p class='ocr_par' dir='ltr' id='par_1_5' title="bbox 14 2083 1209 2179">
     <span class='ocr_line' id='line_1_19' title="bbox 14 2083 1209 2179; baseline -0.006 -18"><span class='ocrx_word' id='word_1_151' title='bbox 14 2098 15 2111; x_wconf 71' lang='grc'>’</span> <span class='ocrx_word' id='word_1_152' title='bbox 80 2093 83 2096; x_wconf 63' lang='grc'><strong>’</strong></span> <span class='ocrx_word' id='word_1_153' title='bbox 199 2094 590 2179; x_wconf 29' lang='grc' dir='ltr'><strong><em>,τενμδιαπρηξαμένους</em></strong></span> <span class='ocrx_word' id='word_1_154' title='bbox 608 2094 663 2159; x_wconf 80' lang='grc' dir='ltr'><strong><em>καί</em></strong></span> <span class='ocrx_word' id='word_1_155' title='bbox 679 2083 784 2157; x_wconf 88' lang='grc' dir='ltr'><strong><em>τάλλα</em></strong></span> <span class='ocrx_word' id='word_1_156' title='bbox 824 2095 893 2156; x_wconf 75' lang='grc' dir='ltr'><strong><em>τῶν</em></strong></span> <span class='ocrx_word' id='word_1_157' title='bbox 909 2089 1038 2155; x_wconf 79' lang='grc' dir='ltr'><strong><em>εἵνεκεν</em></strong></span> <span class='ocrx_word' id='word_1_158' title='bbox 1054 2086 1209 2174; x_wconf 85' lang='grc' dir='ltr'><strong><em>ἀπίκατο,</em></strong></span> 
     </span>
    </p>
   </div>
   <div class='ocr_carea' id='block_1_6' title="bbox 185 2183 1214 3556">
    <p class='ocr_par' dir='ltr' id='par_1_6' title="bbox 185 2183 1214 3556">
     <span class='ocr_line' id='line_1_20' title="bbox 211 2183 1211 2279; baseline -0.008 -20"><span class='ocrx_word' id='word_1_159' title='bbox 211 2188 358 2279; x_wconf 80' lang='grc' dir='ltr'><strong><em>ἁρπάσαι</em></strong></span> <span class='ocrx_word' id='word_1_160' title='bbox 381 2195 442 2257; x_wconf 92' lang='grc' dir='ltr'><strong><em>τοῦ</em></strong></span> <span class='ocrx_word' id='word_1_161' title='bbox 464 2192 616 2276; x_wconf 86' lang='grc' dir='ltr'><strong><em>βασιλέος</em></strong></span> <span class='ocrx_word' id='word_1_162' title='bbox 644 2186 706 2274; x_wconf 78' lang='grc' dir='ltr'><strong><em>τὴν</em></strong></span> <span class='ocrx_word' id='word_1_163' title='bbox 727 2190 900 2273; x_wconf 79' lang='grc' dir='ltr'><strong><em>θυγατέρα</em></strong></span> <span class='ocrx_word' id='word_1_164' title='bbox 922 2183 1088 2273; x_wconf 79' lang='grc' dir='ltr'><strong><em>Μήδειαν.</em></strong></span> <span class='ocrx_word' id='word_1_165' title='bbox 1122 2188 1211 2270; x_wconf 84' lang='grc' dir='ltr'><strong><em>πέμ-</em></strong></span> 
     </span>
     <span class='ocr_line' id='line_1_21' title="bbox 211 2282 1211 2371; baseline -0.008 -15"><span class='ocrx_word' id='word_1_166' title='bbox 211 2302 319 2369; x_wconf 81' lang='grc' dir='ltr'><strong><em>ψαντα</em></strong></span> <span class='ocrx_word' id='word_1_167' title='bbox 336 2288 373 2354; x_wconf 79' lang='grc' dir='ltr'><strong><em>δέ</em></strong></span> <span class='ocrx_word' id='word_1_168' title='bbox 390 2283 450 2352; x_wconf 85' lang='grc' dir='ltr'><strong><em>τόν</em></strong></span> <span class='ocrx_word' id='word_1_169' title='bbox 463 2286 595 2371; x_wconf 83' lang='grc' dir='ltr'><strong><em>Κόλχον</em></strong></span> <span class='ocrx_word' id='word_1_170' title='bbox 612 2287 645 2363; x_wconf 89' lang='grc' dir='ltr'><strong><em>ἐς</em></strong></span> <span class='ocrx_word' id='word_1_171' title='bbox 661 2283 723 2370; x_wconf 85' lang='grc' dir='ltr'><strong><em>την</em></strong></span> <span class='ocrx_word' id='word_1_172' title='bbox 734 2282 876 2353; x_wconf 82' lang='grc' dir='ltr'><strong><em>Ἑλλάδα</em></strong></span> <span class='ocrx_word' id='word_1_173' title='bbox 887 2282 1019 2370; x_wconf 83' lang='grc' dir='ltr'><strong><em>κη’ρυκα</em></strong></span> <span class='ocrx_word' id='word_1_174' title='bbox 1038 2286 1159 2352; x_wconf 86' lang='grc' dir='ltr'><strong><em>αίτέειν</em></strong></span> <span class='ocrx_word' id='word_1_175' title='bbox 1172 2308 1211 2349; x_wconf 85' lang='grc' dir='ltr'><strong><em>τε</em></strong></span> 
     </span>
     <span class='ocr_line' id='line_1_22' title="bbox 212 2379 1210 2471; baseline -0.006 -18"><span class='ocrx_word' id='word_1_176' title='bbox 212 2390 305 2463; x_wconf 91' lang='grc' dir='ltr'><strong><em>δίκας</em></strong></span> <span class='ocrx_word' id='word_1_177' title='bbox 314 2389 371 2468; x_wconf 81' lang='grc' dir='ltr'><strong><em>τῆς</em></strong></span> <span class='ocrx_word' id='word_1_178' title='bbox 381 2379 531 2469; x_wconf 78' lang='grc' dir='ltr'><strong><em>ἁρπαγῆς</em></strong></span> <span class='ocrx_word' id='word_1_179' title='bbox 542 2386 597 2451; x_wconf 82' lang='grc' dir='ltr'><strong><em>καὶ</em></strong></span> <span class='ocrx_word' id='word_1_180' title='bbox 609 2380 776 2451; x_wconf 86' lang='grc' dir='ltr'><strong><em>ἀπαιτέειν</em></strong></span> <span class='ocrx_word' id='word_1_181' title='bbox 792 2380 855 2470; x_wconf 80' lang='grc' dir='ltr'><strong><em>την</em></strong></span> <span class='ocrx_word' id='word_1_182' title='bbox 864 2387 1052 2471; x_wconf 89' lang='grc' dir='ltr'><strong><em>θυγατέρα·</em></strong></span> <span class='ocrx_word' id='word_1_183' title='bbox 1074 2382 1152 2461; x_wconf 82' lang='grc' dir='ltr'><strong><em>τοῦς</em></strong></span> <span class='ocrx_word' id='word_1_184' title='bbox 1172 2383 1210 2448; x_wconf 71' lang='grc' dir='ltr'><strong><em>δὲ</em></strong></span> 
     </span>
     <span class='ocr_line' id='line_1_23' title="bbox 210 2478 1209 2570; baseline -0.002 -20"><span class='ocrx_word' id='word_1_185' title='bbox 210 2481 474 2567; x_wconf 82' lang='grc' dir='ltr'><strong><em>ὑποκρίνασθαι,</em></strong></span> <span class='ocrx_word' id='word_1_186' title='bbox 487 2478 532 2559; x_wconf 83' lang='grc' dir='ltr'><strong><em>ἁς</em></strong></span> <span class='ocrx_word' id='word_1_187' title='bbox 544 2479 623 2549; x_wconf 76' lang='grc' dir='ltr'><strong><em>οόδέ</em></strong></span> <span class='ocrx_word' id='word_1_188' title='bbox 634 2484 755 2549; x_wconf 73' lang='grc' dir='ltr'><strong><em>ἐκεῖνοι</em></strong></span> <span class='ocrx_word' id='word_1_189' title='bbox 765 2480 848 2560; x_wconf 84' lang='grc' dir='ltr'><strong><em>Ἰοῦς</em></strong></span> <span class='ocrx_word' id='word_1_190' title='bbox 858 2487 916 2568; x_wconf 80' lang='grc' dir='ltr'><strong><em>τῆς</em></strong></span> <span class='ocrx_word' id='word_1_191' title='bbox 926 2479 1073 2570; x_wconf 81' lang='grc' dir='ltr'><strong><em>Ἀργείης</em></strong></span> <span class='ocrx_word' id='word_1_192' title='bbox 1084 2481 1209 2551; x_wconf 85' lang='grc' dir='ltr'><strong><em>έδοσάυ</em></strong></span> 
     </span>
     <span class='ocr_line' id='line_1_24' title="bbox 211 2572 1207 2666; baseline 0 -19"><span class='ocrx_word' id='word_1_193' title='bbox 211 2600 272 2666; x_wconf 89' lang='grc' dir='ltr'><strong><em>σφι</em></strong></span> <span class='ocrx_word' id='word_1_194' title='bbox 283 2582 375 2654; x_wconf 91' lang='grc' dir='ltr'><strong><em>δίκας</em></strong></span> <span class='ocrx_word' id='word_1_195' title='bbox 391 2583 448 2662; x_wconf 81' lang='grc' dir='ltr'><strong><em>τῆς</em></strong></span> <span class='ocrx_word' id='word_1_196' title='bbox 464 2575 630 2666; x_wconf 81' lang='grc' dir='ltr'><strong><em>ἁρπαγης·</em></strong></span> <span class='ocrx_word' id='word_1_197' title='bbox 652 2577 731 2647; x_wconf 73' lang='grc' dir='ltr'><strong><em>οῦδὲ</em></strong></span> <span class='ocrx_word' id='word_1_198' title='bbox 743 2572 792 2646; x_wconf 76' lang='grc' dir='ltr'><strong><em>ἀν</em></strong></span> <span class='ocrx_word' id='word_1_199' title='bbox 802 2578 897 2648; x_wconf 78' lang='grc' dir='ltr'><strong><em>αὐτοὶ</em></strong></span> <span class='ocrx_word' id='word_1_200' title='bbox 908 2581 1029 2650; x_wconf 81' lang='grc' dir='ltr'><strong><em>δάσειν</em></strong></span> <span class='ocrx_word' id='word_1_201' title='bbox 1040 2585 1207 2651; x_wconf 88' lang='grc' dir='ltr'><strong><em>ἐκείνοισι.</em></strong></span> 
     </span>
     <span class='ocr_line' id='line_1_25' title="bbox 185 2675 1212 2768; baseline -0.003 -21"><span class='ocrx_word' id='word_1_202' title='bbox 185 2678 364 2764; x_wconf 72' lang='grc' dir='ltr'><strong><em>εΔευτέρη</em></strong></span> <span class='ocrx_word' id='word_1_203' title='bbox 381 2679 417 2743; x_wconf 76' lang='grc' dir='ltr'><strong><em>δέ</em></strong></span> <span class='ocrx_word' id='word_1_204' title='bbox 434 2679 568 2763; x_wconf 86' lang='grc' dir='ltr'><strong><em>λέγουσι</em></strong></span> <span class='ocrx_word' id='word_1_205' title='bbox 586 2685 684 2766; x_wconf 74' lang='grc' dir='ltr'><strong><em>γενεῇ</em></strong></span> <span class='ocrx_word' id='word_1_206' title='bbox 700 2676 781 2763; x_wconf 89' lang='grc' dir='ltr'><strong><em>μετά</em></strong></span> <span class='ocrx_word' id='word_1_207' title='bbox 798 2683 902 2745; x_wconf 91' lang='grc' dir='ltr'><strong><em>ταῦτα</em></strong></span> <span class='ocrx_word' id='word_1_208' title='bbox 915 2675 1131 2768; x_wconf 85' lang='grc' dir='ltr'><strong><em>Ἀλέξανδρον</em></strong></span> <span class='ocrx_word' id='word_1_209' title='bbox 1146 2676 1212 2745; x_wconf 86' lang='grc' dir='ltr'><strong><em>τόν</em></strong></span> 
     </span>
     <span class='ocr_line' id='line_1_26' title="bbox 211 2772 1209 2864; baseline -0.003 -19"><span class='ocrx_word' id='word_1_210' title='bbox 211 2775 368 2864; x_wconf 91' lang='grc' dir='ltr'><strong><em>Πριάμου</em></strong></span> <span class='ocrx_word' id='word_1_211' title='bbox 383 2773 550 2863; x_wconf 89' lang='grc' dir='ltr'><strong><em>ἀκηκοότα</em></strong></span> <span class='ocrx_word' id='word_1_212' title='bbox 560 2782 664 2844; x_wconf 87' lang='grc' dir='ltr'><strong><em>ταῦτα</em></strong></span> <span class='ocrx_word' id='word_1_213' title='bbox 679 2778 839 2863; x_wconf 80' lang='grc' dir='ltr'><strong><em>έθελῆσαί</em></strong></span> <span class='ocrx_word' id='word_1_214' title='bbox 846 2781 880 2844; x_wconf 88' lang='grc' dir='ltr'><strong><em>οί</em></strong></span> <span class='ocrx_word' id='word_1_215' title='bbox 889 2778 926 2844; x_wconf 87' lang='grc' dir='ltr'><strong><em>ἐκ</em></strong></span> <span class='ocrx_word' id='word_1_216' title='bbox 936 2775 1154 2862; x_wconf 80' lang='grc' dir='ltr'><strong><em>τῆςἙλλάδος</em></strong></span> <span class='ocrx_word' id='word_1_217' title='bbox 1166 2772 1209 2842; x_wconf 87' lang='grc' dir='ltr'><strong><em>δι’</em></strong></span> 
     </span>
     <span class='ocr_line' id='line_1_27' title="bbox 212 2870 1213 2963; baseline -0.004 -19"><span class='ocrx_word' id='word_1_218' title='bbox 212 2872 362 2963; x_wconf 78' lang='grc' dir='ltr'><strong><em>ἁρπαγης</em></strong></span> <span class='ocrx_word' id='word_1_219' title='bbox 383 2877 540 2961; x_wconf 87' lang='grc' dir='ltr'><strong><em>γενέσθαι</em></strong></span> <span class='ocrx_word' id='word_1_220' title='bbox 560 2886 721 2962; x_wconf 79' lang='grc' dir='ltr'><strong><em>γυναῖκα,</em></strong></span> <span class='ocrx_word' id='word_1_221' title='bbox 733 2874 963 2961; x_wconf 78' lang='grc' dir='ltr'><strong><em>ἐπιστάμενον</em></strong></span> <span class='ocrx_word' id='word_1_222' title='bbox 984 2873 1133 2957; x_wconf 86' lang='grc' dir='ltr'><strong><em>πάντως,</em></strong></span> <span class='ocrx_word' id='word_1_223' title='bbox 1157 2870 1213 2940; x_wconf 86' lang='grc' dir='ltr'><strong><em>ότι</em></strong></span> 
     </span>
     <span class='ocr_line' id='line_1_28' title="bbox 212 2971 1211 3062; baseline 0 -21"><span class='ocrx_word' id='word_1_224' title='bbox 212 2971 253 3041; x_wconf 82' lang='grc' dir='ltr'><strong><em>οῦ</em></strong></span> <span class='ocrx_word' id='word_1_225' title='bbox 274 2973 373 3040; x_wconf 80' lang='grc' dir='ltr'><strong><em>δόσει</em></strong></span> <span class='ocrx_word' id='word_1_226' title='bbox 395 2978 504 3053; x_wconf 87' lang='grc' dir='ltr'><strong><em>δίκας·</em></strong></span> <span class='ocrx_word' id='word_1_227' title='bbox 527 2972 691 3062; x_wconf 72' lang='grc' dir='ltr'><strong><em>οὐδὲγάρ</em></strong></span> <span class='ocrx_word' id='word_1_228' title='bbox 713 2976 863 3053; x_wconf 88' lang='grc' dir='ltr'><strong><em>ἐκείνους</em></strong></span> <span class='ocrx_word' id='word_1_229' title='bbox 883 2973 1022 3042; x_wconf 88' lang='grc' dir='ltr'><strong><em>διδόναι.</em></strong></span> <span class='ocrx_word' id='word_1_230' title='bbox 1052 2971 1141 3041; x_wconf 84' lang='grc' dir='ltr'><strong><em>οῦτω</em></strong></span> <span class='ocrx_word' id='word_1_231' title='bbox 1166 2973 1211 3062; x_wconf 82' lang='grc' dir='ltr'><strong><em>δη</em></strong></span> 
     </span>
     <span class='ocr_line' id='line_1_29' title="bbox 212 3071 1214 3162; baseline -0.003 -19"><span class='ocrx_word' id='word_1_232' title='bbox 212 3072 422 3162; x_wconf 85' lang='grc' dir='ltr'><strong><em>ἁρπάσαντος</em></strong></span> <span class='ocrx_word' id='word_1_233' title='bbox 440 3073 545 3142; x_wconf 79' lang='grc' dir='ltr'><strong><em>αὐτοῦ</em></strong></span> <span class='ocrx_word' id='word_1_234' title='bbox 556 3072 693 3159; x_wconf 82' lang='grc' dir='ltr'><strong><em>Ἑλένην</em></strong></span> <span class='ocrx_word' id='word_1_235' title='bbox 710 3088 795 3142; x_wconf 77' lang='grc' dir='ltr'><strong><em>τοῖσι</em></strong></span> <span class='ocrx_word' id='word_1_236' title='bbox 807 3072 942 3159; x_wconf 87' lang='grc' dir='ltr'><strong><em>Ἕλλησι</em></strong></span> <span class='ocrx_word' id='word_1_237' title='bbox 963 3071 1057 3153; x_wconf 83' lang='grc' dir='ltr'><strong><em>δόξαι</em></strong></span> <span class='ocrx_word' id='word_1_238' title='bbox 1074 3079 1214 3160; x_wconf 77' lang='grc' dir='ltr'><strong><em>πρῶτον</em></strong></span> 
     </span>
     <span class='ocr_line' id='line_1_30' title="bbox 211 3168 1214 3260; baseline -0.004 -18"><span class='ocrx_word' id='word_1_239' title='bbox 211 3177 403 3260; x_wconf 80' lang='grc' dir='ltr'><strong><em>πέμψαντας</em></strong></span> <span class='ocrx_word' id='word_1_240' title='bbox 419 3172 580 3259; x_wconf 89' lang='grc' dir='ltr'><strong><em>ἀγγέλους</em></strong></span> <span class='ocrx_word' id='word_1_241' title='bbox 597 3170 765 3240; x_wconf 89' lang='grc' dir='ltr'><strong><em>ἀπαιτέειν</em></strong></span> <span class='ocrx_word' id='word_1_242' title='bbox 781 3197 817 3239; x_wconf 82' lang='grc' dir='ltr'><strong><em>τε</em></strong></span> <span class='ocrx_word' id='word_1_243' title='bbox 828 3168 965 3257; x_wconf 82' lang='grc' dir='ltr'><strong><em>Ἑλένην</em></strong></span> <span class='ocrx_word' id='word_1_244' title='bbox 981 3173 1037 3238; x_wconf 79' lang='grc' dir='ltr'><strong><em>καὶ</em></strong></span> <span class='ocrx_word' id='word_1_245' title='bbox 1048 3175 1141 3249; x_wconf 86' lang='grc' dir='ltr'><strong><em>δίκας</em></strong></span> <span class='ocrx_word' id='word_1_246' title='bbox 1151 3178 1214 3257; x_wconf 82' lang='grc' dir='ltr'><strong><em>τῆς</em></strong></span> 
     </span>
     <span class='ocr_line' id='line_1_31' title="bbox 212 3269 1214 3361; baseline -0.007 -19"><span class='ocrx_word' id='word_1_247' title='bbox 212 3272 362 3361; x_wconf 80' lang='grc' dir='ltr'><strong><em>ἁρπαγης</em></strong></span> <span class='ocrx_word' id='word_1_248' title='bbox 383 3275 512 3341; x_wconf 86' lang='grc' dir='ltr'><strong><em>αίτέειν.</em></strong></span> <span class='ocrx_word' id='word_1_249' title='bbox 534 3269 614 3349; x_wconf 85' lang='grc' dir='ltr'><strong><em>τοῦς</em></strong></span> <span class='ocrx_word' id='word_1_250' title='bbox 643 3275 681 3341; x_wconf 77' lang='grc' dir='ltr'><strong><em>δὲ</em></strong></span> <span class='ocrx_word' id='word_1_251' title='bbox 710 3272 961 3358; x_wconf 78' lang='grc' dir='ltr'><strong><em>προϊσχομένων</em></strong></span> <span class='ocrx_word' id='word_1_252' title='bbox 981 3275 1085 3336; x_wconf 87' lang='grc' dir='ltr'><strong><em>ταῦτα</em></strong></span> <span class='ocrx_word' id='word_1_253' title='bbox 1124 3293 1214 3354; x_wconf 84' lang='grc' dir='ltr'><strong><em>προ-</em></strong></span> 
     </span>
     <span class='ocr_line' id='line_1_32' title="bbox 213 3363 1213 3462; baseline -0.011 -20"><span class='ocrx_word' id='word_1_254' title='bbox 213 3378 328 3462; x_wconf 83' lang='grc' dir='ltr'><strong><em>φέρειν</em></strong></span> <span class='ocrx_word' id='word_1_255' title='bbox 345 3390 406 3457; x_wconf 90' lang='grc' dir='ltr'><strong><em>σφι</em></strong></span> <span class='ocrx_word' id='word_1_256' title='bbox 423 3376 575 3460; x_wconf 87' lang='grc' dir='ltr'><strong><em>Μηδείης</em></strong></span> <span class='ocrx_word' id='word_1_257' title='bbox 590 3368 653 3458; x_wconf 80' lang='grc' dir='ltr'><strong><em>την</em></strong></span> <span class='ocrx_word' id='word_1_258' title='bbox 670 3366 842 3458; x_wconf 74' lang='grc' dir='ltr'><strong><em>ἁρπαγὴν,</em></strong></span> <span class='ocrx_word' id='word_1_259' title='bbox 864 3364 908 3446; x_wconf 85' lang='grc' dir='ltr'><strong><em>ἁς</em></strong></span> <span class='ocrx_word' id='word_1_260' title='bbox 924 3365 966 3435; x_wconf 88' lang='grc' dir='ltr'><strong><em>οῦ</em></strong></span> <span class='ocrx_word' id='word_1_261' title='bbox 983 3366 1098 3445; x_wconf 88' lang='grc' dir='ltr'><strong><em>δόντες</em></strong></span> <span class='ocrx_word' id='word_1_262' title='bbox 1114 3363 1213 3432; x_wconf 86' lang='grc' dir='ltr'><strong><em>αάτολ</em></strong></span> 
     </span>
     <span class='ocr_line' id='line_1_33' title="bbox 213 3458 1210 3556; baseline -0.02 -10"><span class='ocrx_word' id='word_1_263' title='bbox 213 3479 305 3556; x_wconf 86' lang='grc' dir='ltr'><strong><em>δίκας</em></strong></span> <span class='ocrx_word' id='word_1_264' title='bbox 325 3469 406 3542; x_wconf 79' lang='grc' dir='ltr'><strong><em>οῦδὲ</em></strong></span> <span class='ocrx_word' id='word_1_265' title='bbox 426 3470 578 3551; x_wconf 81' lang='grc' dir='ltr'><strong><em>ἐκδόντες</em></strong></span> <span class='ocrx_word' id='word_1_266' title='bbox 605 3466 833 3536; x_wconf 84' lang='grc' dir='ltr'><strong><em>ἀπαιτεόντων</em></strong></span> <span class='ocrx_word' id='word_1_267' title='bbox 852 3463 1031 3553; x_wconf 88' lang='grc' dir='ltr'><strong><em>βουλοίατό</em></strong></span> <span class='ocrx_word' id='word_1_268' title='bbox 1051 3482 1110 3551; x_wconf 88' lang='grc' dir='ltr'><strong><em>σφι</em></strong></span> <span class='ocrx_word' id='word_1_269' title='bbox 1131 3458 1210 3551; x_wconf 90' lang='grc' dir='ltr'><strong><em>παρ’</em></strong></span> 
     </span>
    </p>
   </div>
   <div class='ocr_carea' id='block_1_7' title="bbox 0 0 1276 3934">
    <p class='ocr_par' dir='ltr' id='par_1_7' title="bbox 0 0 1276 3934">
     <span class='ocr_line' id='line_1_34' title="bbox 0 0 1276 3934; baseline 0 0"><span class='ocrx_word' id='word_1_270' title='bbox 0 0 1276 3934; x_wconf 95' lang='lat' dir='ltr'><strong><em> </em></strong></span> 
     </span>
    </p>
   </div>
  </div>
 </body>
</html>
