2606 3920
354 221 440 277 LIB.
473 220 543 275 VIII.
577 219 674 276 CAP.
707 223 881 280 132—136.
1061 219 1122 283 281

112 379 254 466 ὁκότερα
270 380 451 468 βούλονται
466 379 601 446 ἑλέσθαι
617 374 765 462 τούτων,
783 380 897 468 ἑωυτῷ
913 378 935 466 ή
950 378 1007 448 ἀτε
1022 380 1123 467 μάντι

12 482 13 485 ’
111 478 269 565 χρέεσθαι
283 474 374 564 ἦάτε
388 476 560 566 συμμάχῳ,
573 479 637 571 τοῦ
649 475 763 571 ἑτέρου
774 470 1016 562 ἀπεχομένους·
1040 484 1075 548 ολ
1083 481 1119 547 δὲ

112 575 288 662 σύμμαχόν
298 602 356 661 μιν
367 577 495 643 εἵλοντο
508 571 601 641 εἶναι.
616 567 671 638 διά
683 574 854 657 τοῦτομὲν
866 571 928 641 οὐκ
941 579 1043 654 έξεστι
1051 587 1121 664 Θη-

112 682 220 762 βαίων
230 671 344 741 οὐδενί
355 669 478 740 αὐτόθι
490 674 828 757 ἐγκατακοιμηθῆναι,
855 668 939 739 Τόδε
950 671 986 740 δὲ
997 673 1121 760 θῶνμά
1135 687 1184 741 135

111 798 169 857 μοι
180 774 337 857 μέγιστον
347 772 507 855 γενέσθαι
521 771 651 853 λέγεται
665 762 731 833 ὑπδ
744 773 913 855 Θηβαίων,
928 770 1042 837 ἐλθεῖν
1054 768 1119 858 ἀρα

111 866 173 936 τὸν
184 864 348 953 Εὐρωπέα
359 876 455 955 Μύν,
466 864 794 955 περιστρωφώμενον
805 865 915 934 πάντα
926 865 965 936 τά
977 868 1120 955 χρηστή-

111 991 185 1052 ρια,
201 967 256 1033 καὶ
272 967 305 1044 ές
319 974 381 1034 τού
394 966 517 1035 Πτωόυ
531 963 739 1042 ’Λπόλλωνος
752 961 789 1031 τδ
801 968 946 1051 τέμενος.
969 975 1067 1035 τοῦτο
1083 968 1119 1036 δὲ

111 1061 149 1131 τδ
166 1061 242 1150 ίρδν
257 1067 408 1133 καλέεται
421 1065 484 1152 μὲν
493 1069 625 1148 Πτῶον,
642 1067 711 1129 ἔστι
722 1061 758 1129 δὲ
769 1069 945 1151 Θηβαίων,
963 1068 1071 1133 κέεται
1082 1067 1120 1132 δὲ

111 1159 197 1245 ὑπὲρ
214 1167 271 1248 τής
282 1166 460 1242 Κωπαΐδος
470 1169 588 1249 λίμνης
603 1156 687 1243 πρδς
698 1158 793 1246 ούρελ
805 1158 976 1246 ἀγχοτάτω
987 1160 1119 1251 Ἀκραι-

10 1258 14 1263 ’
111 1266 190 1346 φίης
204 1260 328 1340 πόλιος.
351 1265 384 1341 ές
397 1268 496 1331 τοῦτο
507 1259 544 1330 τό
560 1258 637 1349 ίρδν
652 1259 726 1327 ε’πεί
736 1284 771 1326 τε
785 1269 968 1346 παρελθεῖν
982 1260 1042 1329 τδν
1056 1289 1118 1329 κα-

112 1362 274 1448 λεόμενον
294 1370 415 1431 τούτου
431 1370 531 1448 Μῦν,
554 1364 698 1430 ἕπεσθαί
710 1364 824 1427 σίτων
841 1357 952 1429 ἀστῶν
966 1361 1118 1448 αίρετούς

110 1461 236 1547 ἀνδρας
250 1473 337 1549 τρεῖς
351 1457 417 1529 ἀπδ
433 1468 495 1529 τοῦ
506 1461 625 1529 κοινοῦ
637 1456 681 1537 ὡς
692 1455 992 1543 ἀπογραφομένους
1002 1456 1043 1526 τά
1055 1470 1117 1527 θε-

110 1561 239 1628 σπιέειν
257 1565 380 1647 έμελλε.
419 1562 473 1628 καὶ
498 1558 644 1645 πρόκατε
664 1553 724 1623 τόν
745 1555 933 1650 πρόμαντιν
957 1556 1116 1648 βαρβάρῳ

109 1658 244 1746 γλύσση
263 1665 349 1745 χράν
364 1662 420 1727 καὶ
439 1656 518 1737 τούς
533 1660 596 1744 μὲν
616 1657 799 1741 ἑπομένους
819 1661 887 1723 τῶν
904 1663 1061 1744 Θηβαίων
1079 1660 1116 1726 έν

109 1756 265 1842 θωυματι
277 1762 411 1842 ἔχεσθαι
419 1754 605 1834 ἀκούοντας
614 1755 790 1842 βαρβάρου
799 1754 950 1842 γλώσσης
962 1753 1035 1824 ἀντὶ
1042 1754 1117 1823 Ἑλ-

8 1860 10 1909 I
109 1857 221 1939 λάδος,
238 1851 318 1922 οὐδὲ
333 1861 420 1941 ἔχειν
435 1854 455 1923 ὅ
470 1881 502 1924 τι
514 1856 695 1943 χρήσονται
709 1859 755 1943 τῷ
767 1853 926 1938 παρεόντι
938 1855 1115 1941 πρήγματι,

7 1964 8 1967 ’
110 1950 169 2020 τδν
184 1952 220 2018 δὲ
232 1947 398 2037 Εὐρωπέα
409 1960 493 2020 Μῦν
505 1953 735 2041 ἐξαρπάσαντα
746 1946 825 2037 παρ’
840 1948 951 2019 αὐτῶν
964 1951 1027 2040 τήν
1037 1955 1116 2039 έφέ-

109 2075 209 2132 ροντο
226 2052 360 2135 δέλτον,
382 2048 423 2117 τά
439 2050 604 2138 λεγόμενα
620 2047 685 2117 ὐπδ
701 2055 762 2117 τοῦ
776 2049 955 2136 προφήτεω
970 2049 1116 2137 γράφειν

109 2152 141 2226 ές
152 2144 274 2233 αὐτήν,
290 2147 396 2234 φάναι
412 2147 448 2217 δέ
458 2155 569 2236 Καρίη
583 2175 642 2235 μιν
656 2147 790 2236 γλάσση
804 2153 899 2233 χράν,
916 2146 1116 2233 συγγραψά-

109 2271 212 2331 μενον
227 2243 263 2313 δδ
280 2254 432 2331 οἴχεσθαι
449 2244 592 2314 ἀπιόντα
606 2248 638 2324 ές
650 2251 845 2330 Θεσσαλίην.
869 2243 1066 2332 Μαρδόνιος
1078 2246 1114 2311 δὲ
1128 2252 1179 2306 136

109 2343 341 2430 ἐπιλεξάμενος
352 2343 373 2413 δ’
383 2372 415 2413 τι
427 2344 467 2432 δή
478 2338 523 2433 ήν
533 2349 673 2433 λέγοντα
683 2343 724 2413 τά
734 2344 926 2433 χρηστήρια,
940 2342 1022 2431 μετά
1034 2351 1116 2412 ταῦ-

108 2472 147 2513 τα
159 2450 283 2530 έπεμψε
295 2442 439 2529 ἀγγελον
450 2447 484 2523 ές
495 2443 639 2531 Ἀθήνας
649 2441 866 2529 Ἀλέξανδρον
875 2439 936 2510 τδν
945 2439 1113 2530 Ἀμύντεω

108 2545 215 2628 ἀνδρα
230 2545 433 2633 Μακεδόνα,
449 2544 518 2633 ἅμα
533 2549 596 2634 μέν
610 2545 662 2615 ὅτι
679 2551 713 2615 οί
725 2547 927 2634 προσκηδέες
941 2550 975 2614 oc
986 2550 1113 2630 Πέρσαι

108 2636 194 2729 ἦσαν
206 2639 444 2732 (Ἀλεξάνδρου
460 2643 526 2731 γάρ
541 2643 709 2732 ἀδελφεήν
719 2651 880 2731 Γυγαίην,
891 2642 1059 2731 Ἀμύντεω
1076 2645 1113 2713 δὲ

109 2740 294 2827 θυγατέρα,
318 2743 497 2831 Βουβάρης
514 2741 600 2829 ἀνήρ
614 2747 746 2830 Πέρσης
761 2748 851 2828 έσχε,
871 2744 908 2809 έκ
922 2749 978 2828 τῆς
993 2747 1026 2810 oc
1040 2744 1113 2828 ἐγε-

108 2841 204 2928 γόνεε
216 2838 378 2929 Ἀμύντης
398 2842 466 2914 δέν
480 2852 520 2937 τῇ
538 2842 645 2934 Ἀσίη,
667 2851 751 2932 έχων
771 2840 808 2911 τδ
825 2839 955 2930 οὐνομα
971 2849 1031 2911 τού
1048 2870 1114 2930 μη-

107 2940 327 3027 τροπάτορος,
342 2949 388 3033 τῷ
400 2940 440 3029 δή
453 2946 489 3012 έκ
500 2945 653 3030 βασιλέος
667 2950 725 3031 τῆς
737 2948 886 3029 Φρυγίης
901 2939 1005 3026 ἐδόθη
1016 2936 1113 3009 Ἀλά-

106 3042 214 3128 βανδα
225 3037 321 3117 πόλις
331 3041 459 3128 μεγάλη
469 3045 663 3128 νέμεσθαι),
679 3039 747 3128 ἅμα
759 3041 795 3109 δὲ
807 3038 825 3108 δ
837 3039 1035 3128 Μαρδόνιος
1046 3063 1113 3106 πυ-

107 3136 252 3223 θόμενος
262 3134 314 3204 ὅτι
324 3140 500 3225 πρόξεινός
510 3165 544 3206 τε
556 3149 606 3224 εἴη
618 3141 673 3207 καὶ
684 3137 856 3226 εὐεργέτης
868 3134 886 3206 δ
899 3134 1112 3222 Ἀλέξανδρος

107 3244 237 3324 ἔπεμπε.
253 3234 332 3317 τούς
342 3237 408 3327 γὰρ
420 3237 621 3326 Ἀθηναίους
632 3236 721 3306 οὕτω
732 3238 843 3308 ἐδόκεε
852 3236 994 3325 μάλιστα
1005 3256 1112 3323 προσ-

106 3337 305 3424 κτήσεσθαι,
322 3339 410 3406 λεύν
423 3365 459 3407 τε
473 3335 599 3407 πολλδν
614 3337 680 3423 ἀρα
695 3337 831 3407 ἀκούων
846 3335 930 3405 εἶναι
945 3338 999 3405 καὶ
1015 3333 1111 3403 ἀλκι-

71 3513 80 3531 ,
105 3458 187 3517 μον,
206 3434 248 3500 τά
264 3460 300 3502 τε
314 3435 398 3504 κατά
414 3435 476 3521 τήν
490 3436 668 3506 θάλασσαν
690 3436 898 3522 συντυχόντα
920 3456 981 3521 σφι
996 3428 1111 3514 παθή-
