2618 3928
227 212 287 278 176
603 216 856 275 HERODOTI

224 376 377 463 τημορίς,
398 375 455 442 ἵνα
471 375 576 464 ταάτη
594 378 696 462 διεξίη
713 371 825 442 ἅπασα
844 372 865 463 ἡ
881 375 1016 464 στρατιὴ
1038 380 1072 457 ές
1083 385 1234 464 Περραι-

224 472 333 559 βούς),
349 477 384 542 οί
392 473 428 542 δέ
440 470 481 561 δὴ
492 472 635 561 κήρυκες
647 477 681 541 οί
690 470 967 560 ἀποπεμφθέντες
978 477 1012 557 ές
1021 471 1234 561 τὴνἙλλάδα

224 573 278 640 ἐπὶ
295 579 356 660 γῆς
375 582 506 662 αίτησιν
524 570 681 659 ἀπίκατο,
705 577 740 640 οἱ
751 574 814 659 μέν
830 576 952 661 κεινοί,
974 578 1008 642 οί
1021 574 1057 641 δέ
1071 573 1234 660 φέροντες
1287 582 1289 613 1

157 689 207 745 132
221 680 287 760 γῆν
299 699 335 740 τε
350 676 406 742 καὶ
419 672 522 762 ὕδωρ.
566 678 643 740 Τῶν
658 674 694 739 δὲ
715 672 847 741 δόντων
859 681 964 742 ταῦτα
979 675 1134 760 ἐγένοντο
1148 673 1232 758 οἵδε,

224 773 397 858 Θεσσαλοί,
414 770 578 857 Δόλοπες,
593 776 760 858 Λίνιῆνες,
777 775 971 860 Περραιβοὶ,
988 771 1130 859 Λοκροὶ,
1148 768 1232 836 Μά-

223 895 358 957 γνητες,
374 873 538 957 Μηλιέες,
550 864 672 956 ’Λχαιοί
686 873 721 938 οί
733 876 880 957 Φθιῆται
895 872 951 937 καί
967 876 1108 954 Θηβαίοι
1125 869 1182 935 καὶ
1199 868 1233 934 οί

222 967 465 1035 άλλοιΒοιωτοὶ
476 964 744 1055 πληυθεσπιέων
754 993 790 1034 τε
801 968 1066 1035 καλΠλαταιέων.
1084 962 1231 1033 έπλτοό·

222 1083 308 1132 τοισι
323 1060 518 1151 οίἝλληνες
533 1070 656 1153 ἔταμον
670 1063 789 1153 ὅρκιον
801 1069 836 1133 οί
850 1072 896 1155 τῷ
906 1064 1067 1154 βαρβάρῳ
1081 1064 1230 1149 πόλεμον

222 1158 424 1250 ιἰειράμενοι.
446 1161 484 1232 τό
497 1163 533 1232 δέ
547 1162 665 1251 ὅρκιον
679 1156 744 1231 ὦδε
762 1161 843 1248 εἶχε·
862 1160 956 1230 Ὅσοι
969 1170 1015 1253 τῷ
1024 1168 1139 1250 Πέρση
1154 1164 1230 1228 ἔδο-

221 1278 286 1326 σαν
296 1262 400 1345 σφέας
411 1256 698 1348 αότοδςἝλληνες
709 1261 820 1340 έόντες
830 1257 875 1348 μὴ
886 1258 1156 1349 ἀναγκασθέντες
1167 1284 1229 1326 κα·

220 1358 414 1426 ταστάντωυ
429 1378 490 1447 σφι
508 1353 548 1428 εὖ
560 1366 629 1428 τῶν
642 1360 866 1448 πρηγμάτων,
881 1361 1022 1438 τούτους
1032 1361 1229 1447 δεκατεῦσαι

220 1463 267 1549 τῷ
278 1458 316 1524 έν
325 1467 491 1544 Δελφοῖσι
500 1465 580 1548 θεῷ.
596 1457 633 1526 τό
646 1459 709 1544 μὲν
720 1457 761 1545 δὴ
772 1457 891 1542 ὅρκιον
902 1449 966 1525 ὦδε
978 1454 1042 1543 εἶχε
1056 1451 1229 1524 τοίσιἝλ-

153 1568 205 1624 133
220 1563 313 1640 λησι,
331 1556 364 1632 ές
380 1554 417 1621 δὲ
427 1551 572 1642 Ἀθήνας
586 1557 642 1623 καὶ
655 1555 819 1641 Σπάρτην
836 1551 899 1622 οὐκ
919 1551 1091 1639 ἀπέπεμψε
1104 1554 1229 1640 Ξέρξης

221 1655 274 1721 ἐπὶ
287 1657 348 1738 γῆς
364 1660 494 1738 αἴτησιν
511 1653 659 1740 κη’ρυκας
674 1657 780 1721 τῶνδε
798 1655 943 1720 εἵνεκεν·
970 1650 1136 1739 πρότερον
1152 1659 1228 1718 Δα-

220 1756 315 1838 ρείου
329 1753 522 1837 πέμψαντος
541 1749 594 1819 ἐπ’
611 1748 693 1822 αὐτὸ
714 1758 814 1820 τοῦτο
829 1755 864 1820 οί
874 1751 938 1838 μὲν
951 1748 1063 1817 αὐτῶν
1079 1744 1159 1824 τούς
1175 1750 1228 1814 αί-

110 1894 113 1899 -
219 1852 353 1930 τέουτας
367 1853 401 1931 ές
416 1849 454 1918 τό
470 1852 665 1940 βάραθρον,
681 1858 716 1922 οί
728 1850 760 1921 δ’
777 1854 810 1932 ές
823 1855 931 1939 φρέαρ
943 1847 1141 1938 &flamme
1155 1845 1228 1913 ἕκὲ·

220 1958 321 2017 λευου
334 1954 398 2035 γῆν
415 1974 451 2017 τε
466 1951 521 2018 καί
536 1947 629 2037 ὕδωρ
644 1953 681 2019 ἐκ
694 1950 824 2019 τούτων
838 1956 956 2036 φέρειν
969 1944 1060 2035 παρά
1077 1945 1224 2032 βασιλέα.

218 2044 349 2114 τούτων
365 2044 427 2131 μὲν
439 2048 568 2115 εἵνεκεν
582 2043 645 2115 οὐκ
659 2053 784 2133 έπεμψε
795 2050 918 2132 ,Ξέρξης
931 2043 1009 2125 τοὺς
1019 2045 1224 2131 αίτήσουτας.

218 2142 284 2212 ὅτι
301 2145 338 2211 δὲ
350 2157 436 2211 τοῖσι
456 2141 663 2231 Ἀθηναίοισι
684 2152 788 2213 ταῦτα
802 2146 961 2232 ποιήσασι
982 2140 1062 2223 τοὺς
1078 2142 1228 2230 κήρυκας

218 2244 397 2331 συνήνεικε
407 2240 613 2329 ἀνεθέλητον
623 2246 794 2329 γενέσθαι,
810 2241 873 2311 οὐκ
885 2249 947 2329 ἔχω
959 2241 1059 2328 εἶπαι,
1074 2239 1164 2327 πλὴν
1176 2238 1228 2308 ὅτι

218 2346 332 2428 σφέων
346 2336 367 2426 ἡ
381 2338 472 2426 χάρη
487 2336 577 2426 ναίὴ
592 2339 689 2419 πόλις
704 2340 862 2428 έδηίοόθη.
892 2337 976 2410 άλλά
997 2345 1095 2409 τοῦτο
1110 2335 1153 2406 οὐ
1170 2334 1227 2405 διὰ

151 2460 202 2517 134
217 2442 343 2524 ταύτην
351 2434 414 2523 τὴν
425 2443 535 2521 αίτίην
545 2441 650 2505 δοκέω
660 2442 828 2522 γενέσθαι.
850 2446 943 2506 Τοῖσι
955 2440 992 2507 δὲ
1003 2430 1053 2506 όν
1059 2440 1227 2506 Λακεδαι-

219 2543 364 2627 μονίοισι
378 2540 476 2621 μῆνις
491 2537 676 2620 κατέσκηψε
695 2541 891 2623 Ταλθυβίου
905 2534 1227 2622 τοῦᾍγαμέμνουος

217 2632 373 2720 κήρυκος.
403 2635 441 2701 ἐν
455 2630 520 2720 γάρ
535 2633 678 2720 Σπάρτη
699 2635 767 2701 ἐστὶ
784 2639 981 2720 Ταλθυβίου
997 2631 1089 2722 ίρδυ,
1111 2635 1174 2702 είσλ
1190 2631 1227 2701 δὲ

217 2735 273 2800 καί
283 2728 447 2817 ἀπόγονοι
461 2737 658 2819 Ταλθυβίου
672 2732 906 2820 Ταλθυβιάδαι
917 2732 1125 2818 καλεόμενοι,
1138 2744 1227 2798 τοῖσι

218 2832 255 2896 αί
266 2834 446 2915 κηρυκηίαι
461 2832 497 2896 αί
510 2830 546 2897 έκ
556 2830 716 2916 Σπάρτης
726 2839 829 2897 πᾶσαι
845 2833 944 2916 γέρας
955 2832 1117 2897 δέδονται.
1141 2824 1226 2913 μετά

218 2929 255 2995 δέ
268 2933 373 2994 ταῦτα
386 2941 472 2996 τοῖσι
485 2929 714 3017 Σπαρτιήτησι
728 2936 925 3017 καλλιρῆσαι
941 2930 1142 3015 θυομένοισι
1161 2924 1225 2995 οὐκ

217 3024 367 3093 έδάναιο.
390 3032 489 3094 τοῦτο
501 3023 532 3092 δ’
546 3021 923 3114 έπίχρόυονσυχυόνῆν
932 3048 1003 3114 σφι.
1024 3024 1225 3112 ἀχθομένων
1283 3104 1284 3109 ¹

217 3123 253 3193 δέ
263 3126 318 3192 καὶ
327 3131 486 3212 συμφορῇ
494 3126 685 3211 χρεομένωυ
691 3130 976 3213 Λακεδαιμονίων,
989 3121 1084 3210 ἁλίης
1093 3148 1128 3189 τε
1139 3130 1225 3191 πολ·

215 3224 310 3304 λάκις
322 3227 566 3310 συλλεγομένης
580 3229 635 3294 καί
646 3227 802 3313 κη’ρυγμα
812 3226 943 3294 τοιόνδε
958 3226 1183 3309 ποιευμένων,
1196 3229 1227 3289 εί

215 3350 264 3403 τις
277 3326 435 3411 βούλοιτο
449 3331 723 3415 Λακεδαιμονίων
738 3328 803 3413 πρό
821 3336 879 3416 της
893 3327 1052 3412 Σπάρτης
1066 3322 1225 3412 άποθνή·

216 3440 326 3511 σκειν,
350 3432 521 3513 Σπερθίης
533 3453 570 3495 τε
585 3426 603 3497 ὁ
621 3426 816 3516 Ἀνηρίστου
829 3432 885 3497 καί
897 3434 1020 3504 Βοῦλις
1033 3425 1051 3494 ό
1065 3425 1225 3493 Νικόλεω
