2566 3934
211 252 272 321 176
584 220 834 320 ιιοιιοοοει

208 418 388 508 χρημάτων
409 425 550 489 ἔσονται.
582 421 638 488 καλ
657 416 720 487 τὸν
738 416 801 506 μέν
823 423 1015 507 τελευτῆσαι
1042 415 1102 487 τόν
1121 424 1210 508 βίον,

208 514 287 598 τοὺς
309 519 346 586 δέ
370 521 490 596 παῖδας
513 512 618 584 αὐτοῦ
642 512 705 584 οὐκ
728 518 762 594 ἐς
781 512 914 602 μακρὴν
936 519 1038 604 έργου
1062 520 1210 603 ἐχεσθαι,

208 616 412 697 ἐπελθόντας
426 615 462 685 δὲ
476 617 530 684 ἐπὶ
542 611 582 683 τά
596 614 754 710 βασιλήια
767 610 889 692 νυκτός
902 615 958 682 καλ
969 611 1032 682 τόν
1041 620 1142 683 λάθον
1156 614 1211 682 ἐπὶ

207 724 253 809 τῷ
275 715 512 804 οἰκοδομήματι
534 712 740 801 ἀνευρόντας
759 717 894 805 ῥηιδίως
917 719 1210 802 μεταχειρίσασθαι

167 823 190 903 β
206 817 262 884 καλ
281 821 349 884 τάν
368 813 547 902 χρημάτων
565 809 673 881 πολλά
695 813 932 892 ἐξενείκασθαι.
970 808 1030 890 Ὡς
1043 811 1081 879 δὲ
1096 824 1209 896 τυχεῖν

207 912 267 984 τόν
289 916 428 1002 βασιλέα
453 910 631 992 ἀνοίξαντα
655 907 692 979 τό
732 919 871 999 οἴκημα,
896 907 1051 998 θωμάσαι
1093 911 1209 980 ίδόντα

206 1022 274 1084 τῶν
289 1014 467 1102 χρημάτων
481 1013 625 1081 καταδέα
640 1007 682 1078 τά
697 1006 830 1097 ἀγγήια,
846 1006 1010 1098 οάκέχειν
1027 1009 1074 1097 δέ,
1091 1007 1209 1079 όυτινα

173 1178 182 1197 ,
206 1116 406 1200 ε’παιτιάται,
432 1118 501 1180 τῶν
524 1137 561 1180 τε
586 1110 788 1198 σημάντρων
807 1109 933 1181 ἐόντων
956 1105 1047 1177 σόων
1072 1112 1212 1180 καὶτοῦ

207 1214 385 1302 οίκήματος
408 1211 638 1299 κεκληιμένου.
673 1206 719 1289 ἀς
741 1208 778 1278 δὲ
797 1206 888 1301 αὐτῷ
907 1212 964 1279 καί
987 1212 1037 1290 δίς
1059 1212 1115 1278 καλ
1140 1211 1210 1296 τρλς

206 1309 375 1392 ἀνοίξαντι
386 1312 454 1379 αίελ
469 1309 598 1379 ἐλάσσω
612 1314 795 1396 φαίνεσθαι
811 1305 852 1377 τά
868 1308 1018 1397 χρήματα
1034 1306 1128 1400 (τους
1143 1305 1209 1396 γάρ
1232 1350 1234 1355 -

205 1413 346 1490 κλέπτας
369 1407 432 1479 οόκ
456 1406 587 1480 ἀνιέναι
612 1414 857 1497 κεραΐζοντας),
886 1416 1025 1498 ποιῆσαί
1037 1436 1097 1497 μιν
1112 1410 1208 1479 τάδε·

205 1506 314 1595 πάγας
324 1507 504 1593 προστάξαι
516 1507 734 1594 ἐργάσασθαι,
743 1509 798 1576 καλ
808 1508 931 1587 ταότας
940 1510 1016 1595 περὶ
1024 1505 1066 1576 τά
1077 1504 1209 1597 ἀγγήια,

205 1607 244 1675 έν
257 1619 342 1677 τοῖσι
357 1601 398 1673 τά
411 1606 560 1693 χρήματα
575 1607 667 1693 ένῆυ,
682 1612 807 1692 στῆσαι.
829 1613 898 1674 τῶν
909 1608 945 1675 δὲ
956 1613 1082 1695 φωρῶν
1097 1606 1209 1691 ὥσπερ

205 1705 243 1772 ἐν
256 1709 301 1793 τῷ
314 1699 378 1789 πρδ
390 1710 451 1771 τοῦ
465 1703 576 1796 χρόνῳ
591 1703 764 1774 ἐλθόντων
779 1707 834 1773 καὶ
848 1704 1006 1784 ἐνδόντος
1019 1712 1080 1774 τοῦ
1094 1706 1210 1793 ἐτέρου

133 1866 136 1869 ,
205 1798 334 1887 πότων,
356 1803 426 1869 ἐπεὶ
446 1801 530 1890 πρὸς
549 1800 586 1871 τό
608 1802 712 1890 άγγος
730 1810 920 1891 προσῆλθε,
940 1804 1041 1883 ίθέως
1056 1810 1097 1894 τῇ
1117 1803 1210 1892 πάγῃ
1275 1862 1276 1867 ,

205 1900 393 1986 ἐνέχεσθαι·
417 1895 461 1980 ἀς
475 1899 511 1970 δὲ
524 1906 652 1988 γνῶναι
667 1897 773 1970 αὐτόν
791 1903 829 1970 ἐν
843 1905 903 1992 ολφ
918 1907 1010 1994 κακῷ
1023 1892 1086 1990 ἦν,
1107 1900 1210 1979 ίθέως
1275 1890 1276 1941 ³

203 2003 335 2071 καλέειν
358 1997 419 2068 τόν
442 1996 609 2087 ἀδελφεόν
628 2003 685 2069 καί
698 2004 825 2088 δηλοῦν
851 1998 942 2092 αὐτῷ
965 1997 1006 2068 τά
1026 1997 1207 2087 παρεόντα,
1274 2056 1275 2083 ,

203 2104 259 2172 καί
269 2101 420 2171 κελεύειν
433 2098 661 2188 τὴνταχίστην
672 2102 816 2170 ἐσδάυτα
827 2097 1010 2188 ἀποταμεῖν
1024 2098 1130 2170 αὐτοῦ
1144 2097 1209 2187 τὴν
1274 2106 1275 2179 λ

203 2199 371 2290 κεφαλὴν,
392 2201 479 2283 όκως
493 2200 537 2290 μὴ
556 2198 657 2279 αὐτός
674 2198 795 2291 ὀφθείς
815 2203 871 2271 καλ
887 2202 1088 2290 γνωρισθεὶς
1103 2197 1141 2280 δς
1154 2209 1209 2288 είη

203 2301 438 2387 προσαπολέσῃ
447 2302 502 2370 καὶ
528 2304 674 2369 ἐκεῖνον·
702 2308 751 2392 τῷ
776 2300 813 2369 δὲ
842 2301 936 2382 δόξαι
961 2294 1002 2369 εὖ
1021 2302 1132 2388 λέγειν
1150 2302 1209 2369 καλ
1273 2308 1274 2367 3

202 2400 341 2481 ποιῆσαί
360 2422 420 2482 μιν
442 2401 623 2468 πεισθέντα
642 2403 764 2486 ταῦτα,
792 2401 848 2469 καλ
872 2400 1127 2490 καταρμόσαντα
1145 2395 1211 2468 τόν
1273 2370 1274 2415 ¹

201 2502 302 2567 λίθον
325 2493 458 2570 ἀπιέναι
483 2498 534 2571 ἐπ’
560 2510 674 2586 οίκου,
695 2502 853 2589 ’φέροντα
883 2497 947 2588 τὴν
969 2496 1121 2589 κεφαλὴν
1144 2504 1210 2568 τοῦ
1272 2504 1273 2587 ᾗ

162 2620 183 2678 γ
202 2592 378 2681 ἀδελφεοῦ.
416 2595 475 2678 Ὡς
490 2600 526 2669 δὲ
539 2596 646 2687 ἡμέρη
661 2600 810 2685 ἐγένετο,
832 2597 1016 2668 ἐσελθόντα
1035 2596 1096 2669 τόν
1108 2605 1210 2686 βασι·
1272 2594 1273 2651 λ

200 2694 259 2763 λέα
272 2695 305 2773 ἐς
319 2691 357 2765 τό
373 2704 495 2786 οἴκημα
506 2700 734 2785 ἐκπεπλῆχθαι
745 2694 885 2784 ὁρέοντα
899 2693 937 2765 τό
950 2703 1044 2785 σῶμα
1057 2704 1118 2766 τοῦ
1132 2721 1210 2784 φω-

201 2788 259 2876 ρός
279 2793 317 2860 ἐν
337 2799 377 2883 τῇ
401 2793 492 2885 πάγῃ
512 2791 596 2864 ἄνευ
618 2801 677 2882 τῆς
696 2801 844 2882 κεφαλῆς
868 2795 943 2883 ἐόν,
964 2791 1003 2864 τό
1024 2797 1061 2864 δέ
1084 2804 1210 2883 νίκημα

200 2887 312 2969 άσιυδς
336 2893 392 2960 καί
418 2890 496 2962 οότε
521 2898 641 2963 ἐσοδου
665 2890 744 2962 οὔτε
769 2897 906 2962 ἔκδυσιν
931 2890 1093 2982 οάδεμίαν
1117 2899 1206 2982 ἐχον.
1270 2910 1271 2917 ’

199 2984 433 3075 ἀπορεόμενον
443 2993 483 3060 δέ
490 3018 550 3080 μιν
559 2993 640 3062 τάδε
650 2998 803 3080 ποιῆσαι·
824 2998 887 3060 τοῦ
901 2988 1014 3080 φωρὸς
1026 2989 1088 3061 τόν
1100 2995 1210 3062 νέκυν

200 3081 284 3156 κατά
308 3092 369 3157 τοῦ
393 3094 516 3178 τείχεος
540 3091 803 3181 κατακρεμάσαι,
837 3090 1013 3179 φυλάκους
1037 3091 1074 3159 δλ
1098 3088 1209 3161 αὐτοῦ

199 3185 450 3272 καταστήσαντα
473 3191 689 3261 ἐντείλασθαί
707 3209 784 3278 σφι,
812 3186 873 3259 τόν
893 3184 937 3257 άυ
959 3193 1096 3259 ίδωνται
1117 3186 1210 3260 ἀπο-

197 3284 390 3358 κλαύσαντα
402 3282 423 3375 ἢ
438 3292 750 3381 κατοικτισάμενον,
766 3291 995 3381 συλλαβόντας
1008 3289 1104 3379 άγενν
1118 3288 1209 3379 πρός

198 3383 333 3455 ἑωυτόν.
357 3381 634 3478 ἀνακρεμαμένου
655 3390 691 3460 δέ
704 3397 766 3460 τοῦ
782 3392 902 3469 νέκυος
918 3386 981 3479 τὴν
993 3390 1119 3479 μητέρα
1132 3394 1209 3461 δει-

196 3489 264 3569 νῶς
275 3482 408 3578 φέρειν,
425 3482 548 3577 λόγους
562 3489 599 3562 δέ
613 3487 697 3584 πρός
710 3485 772 3563 τόν
784 3488 962 3579 περιεόντα
971 3491 1075 3561 παλδα
1084 3511 1207 3565 ποιευ-
