2606 3920
361 293 447 350 ιιο.
481 297 537 350 vn.
572 294 669 351 σει».
703 301 876 358 εει-εει.
1064 298 1127 365 203

119 456 246 539 Θρηίκη
262 458 458 536 παρείχοντο
477 461 581 522 εἴκοσι
596 455 651 522 καὶ
667 453 796 523 ἑκατόν.
830 458 866 524 ἐκ
884 461 947 544 μέν
961 485 1027 527 νυν
1044 460 1126 528 τού-

118 574 185 615 των
206 556 274 617 τῶν
294 556 383 617 νεῦν
402 548 523 638 ἄνδρες
540 559 791 638 τετρακισχίλιοι
815 556 870 623 καὶ
886 556 1055 643 δισμύριοι
1070 562 1125 643 γί-

7 724 9 743 ξ
117 672 243 715 νονται.
266 653 366 729 πεζοῦ
384 651 437 734 δὲ,
459 647 520 716 τόν
534 650 675 736 Θρήϊκες
697 658 893 738 παρείχοντο
910 656 965 722 καί
978 660 1124 733 Παίονες

7 746 9 763 ⁶
117 746 172 812 καί
188 741 317 833 Ἐορδοὶ
336 749 393 815 καὶ
412 755 579 816 Βοττιαῖοι
597 750 651 816 καὶ
674 745 710 814 τό
725 750 931 821 Χαλκιδικὸν
950 756 1048 841 γένος
1068 753 1123 822 καὶ

117 843 246 930 Βρύγοι
261 846 316 912 καὶ
325 851 444 930 Πίερες
458 848 512 914 καὶ
523 845 721 923 Μακεδόνες
732 847 787 914 καὶ
797 851 980 936 Περραιβοὶ
994 850 1050 917 καὶ
1060 853 1124 916 Αί-

118 947 231 1027 υιῆνες
251 944 306 1011 καὶ
320 943 474 1022 Δόλοπες
489 946 545 1012 καὶ
559 942 740 1029 Μάγνητες
759 945 814 1013 καὶ
833 943 953 1031 ’Λχαιοὶ
973 948 1028 1014 καί
1048 943 1122 1012 ὅσοι

118 1044 176 1124 τῆς
186 1046 332 1128 Θρηίκης
342 1039 404 1129 τὴν
413 1046 581 1130 παραλίην
591 1044 759 1129 νέμονται,
770 1043 902 1111 τούτων
911 1048 980 1111 τῶν
993 1045 1124 1111 ἐθνέων

118 1138 297 1226 τριήκοντα
313 1142 478 1228 μυριάδας
494 1143 599 1209 δοκέω
617 1144 786 1226 γενέσθαι.
818 1133 917 1209 αὗται
938 1133 987 1210 τόν
1008 1144 1044 1208 αί
1058 1165 1124 1227 μυ-

119 1236 232 1322 ριάδες
243 1239 386 1327 ἐκείνῃσι
398 1248 634 1325 προστεθεῖσαι
646 1245 721 1327 τῇσι
736 1241 772 1307 ἐκ
783 1245 841 1326 τῆς
853 1237 960 1326 Ἀσίης
972 1246 1124 1326 γίνονται

119 1333 156 1402 αί
168 1341 272 1402 πᾶσαι
287 1332 423 1420 ἀνδρῶν
437 1341 473 1404 αι’
481 1335 617 1423 μάχιμοι
628 1336 789 1424 μυριάδες
800 1338 967 1423 διηκόσιαι
982 1340 1037 1405 καί
1048 1335 1124 1424 έξή-
1139 1359 1143 1369 ’
1262 1402 1265 1407 «

5 1488 7 1517 ,
120 1460 222 1503 κοντα
232 1436 287 1502 καὶ
298 1434 458 1521 τέσσερες,
471 1440 576 1503 ἔπεισι
588 1435 624 1504 δέ
634 1435 772 1525 ταύτησι
785 1436 1000 1513 ἑκατοντάδες
1012 1437 1124 1503 ἑκκαί-

5 1538 7 1615 ᾗ
120 1539 200 1602 δεκα
214 1535 270 1602 καὶ
285 1534 392 1613 δεκάς.
419 1540 488 1602 Τοῦ
499 1540 645 1622 μαχίμου
659 1536 695 1603 δέ
709 1535 832 1603 τούτου
847 1535 960 1613 ἐόντος
975 1531 1125 1620 άριθμόν
1143 1550 1192 1618 186

5 1670 7 1711 ,
120 1632 294 1716 τοσούτου,
302 1629 364 1719 τὴν
374 1638 566 1721 θεραπηίην
576 1631 639 1719 την
648 1638 812 1721 ἑπομένην
822 1632 969 1702 τούτοισι
980 1634 1036 1700 καὶ
1045 1629 1125 1710 τοῦς

120 1735 157 1801 ἐν
171 1746 255 1801 τοῖσι
278 1746 490 1819 σιταγωγοῖσι
510 1730 663 1799 άκάτοισι
677 1732 793 1810 ἐόντας
812 1736 868 1801 καὶ
881 1732 969 1819 μάλα
985 1734 1023 1800 ἐν
1039 1747 1125 1801 τοῖσι

5 1836 7 1851 ²
120 1829 250 1899 άλλοισι
265 1837 410 1897 πλοίοισι
424 1843 509 1896 τοῖσι
521 1826 590 1914 άμα
601 1828 751 1897 κλάουσι
766 1835 806 1917 τῇ
822 1836 968 1917 στρατιῇ,
983 1827 1125 1906 τούτους

4 1962 9 1990 ι
121 1933 188 1992 τῶν
204 1931 356 2012 μαχίμων
376 1923 511 2012 ἀνδρῶν
532 1923 574 1993 οῦ
595 1925 700 1994 δοκέω
718 1924 803 1993 εἶναι
818 1926 1014 2012 ἐλάσσονας,
1039 1923 1123 1994 άλλά

4 2016 6 2051 ³
121 2030 275 2103 πλεῦνας.
301 2026 356 2092 καὶ
370 2024 412 2112 δή
428 2043 534 2109 σφεας
548 2026 650 2093 ποιέω
665 2034 760 2104 ἴσους
773 2028 929 2093 ἐκείνοισι
944 2023 1045 2110 εἶναι,
1070 2028 1126 2094 καὶ

121 2121 199 2190 οῦτε
209 2128 356 2201 πλεῦνας
368 2121 446 2191 οῦτε
458 2123 640 2203 ἐλάσσονας
651 2122 769 2192 οὐδέν·
792 2123 1000 2210 ἐξισούμενοι
1016 2126 1052 2191 δέ
1064 2116 1126 2191 ού-

124 2247 172 2291 ιοι
187 2229 233 2312 τῷ
255 2228 384 2315 μαχίμῳ
399 2225 601 2310 ἐκπληροῦσι
620 2219 679 2301 τάς
700 2233 773 2303 ῖσας
789 2221 956 2311 μυριάδας
970 2225 1122 2311 ἐκείνησι.

121 2320 210 2391 οὕτω
225 2326 443 2399 πεντακοσίας
463 2346 499 2388 τε
518 2319 683 2407 μυριάδας
698 2323 752 2389 καὶ
774 2329 879 2389 εἴκοσι
895 2323 949 2388 καὶ
967 2317 1053 2388 όκτύ
1070 2322 1126 2388 καὶ

65 2495 68 2500 ,
120 2418 270 2508 χιλιάδας
280 2432 367 2501 τρεῖς
378 2422 433 2486 καὶ
449 2420 669 2498 ἑκατοντάδας
683 2419 745 2488 δύο
758 2421 812 2488 καὶ
828 2418 970 2496 δεκάδας
985 2417 1047 2487 δύο
1063 2414 1127 2484 άν-

120 2521 212 2600 δροῖν
225 2512 328 2600 ἤγαγε
343 2517 465 2603 ,Ξέρξης
479 2514 497 2584 ὁ
513 2525 662 2604 Δαρείου
676 2520 772 2604 μέχρι
784 2517 958 2604 Σηπιάδος
971 2518 1026 2585 καί
1037 2524 1126 2602 Θερ-

120 2616 306 2703 μοπυλέων.
330 2608 438 2693 Ούτος
449 2615 511 2702 μὲν
526 2615 566 2704 δὴ
581 2625 643 2686 τοῦ
653 2617 867 2695 συνάπαντος
880 2615 1126 2701 στρατεύματος
1142 2636 1190 2692 ιρι

121 2718 182 2780 τοῦ
195 2713 323 2796 ,Ξέρξεω
338 2707 491 2798 άριλνμός.
514 2722 686 2800 γυναικῶν
702 2717 738 2782 δὲ
754 2717 951 2782 σιτοποιέων
970 2714 1025 2781 καὶ
1040 2717 1126 2778 παλ·

125 2812 251 2881 λακέων
267 2813 323 2877 καί
338 2807 512 2897 εὐνούχων
526 2809 636 2890 οὐδεὶς
650 2808 694 2879 άν
709 2820 796 2879 εῖπυι
812 2808 952 2898 ἀτρεκέα
966 2807 1124 2897 άριθμόν.

124 2905 196 2976 οὐδ’
211 2900 256 2976 αύ
265 2905 456 2995 ὑποζυγίων
466 2935 503 2977 τε
513 2912 568 2978 καί
579 2916 646 2978 τῶν
656 2907 769 2978 άλλωυ
780 2909 929 2996 κτηνέων
939 2913 1007 2975 τῶν
1021 2903 1126 2991 ἄχθο-

122 3005 242 3093 φόρων
255 3008 310 3075 καὶ
325 3014 440 3075 κυνῶν
451 3004 601 3076 Ἰνδικῶν
610 3013 679 3074 τῶν
694 3010 884 3093 ἑπομένων,
902 3002 977 3074 οὐδ’
991 2999 1035 3072 δν
1045 3002 1127 3071 τού-

4 3110 6 3151 *
121 3129 190 3172 των
204 3101 271 3172 ὑπὸ
288 3105 435 3192 πλήθεος
453 3104 562 3185 οὐδεὶς
579 3102 623 3174 ἄν
639 3116 724 3175 εῖποι
740 3102 899 3193 ἀριθμόν.
924 3103 1007 3173 ὥστε
1025 3099 1126 3171 οὐδέν

4 3232 6 3245 ·
121 3227 179 3288 μοι
192 3207 316 3287 θῦυμα
330 3207 527 3289 παρίσταται
542 3206 728 3287 προδοῦναι
740 3199 784 3270 ’τά
799 3202 924 3291 ῥέεθρα
939 3206 1007 3267 των
1021 3223 1126 3267 ποτα-

4 3314 6 3339 ³
123 3304 196 3383 μων
216 3302 284 3365 ἐστι
303 3305 388 3383 τοῦν,
415 3298 500 3369 άλλά
516 3308 644 3387 μᾶλλον
668 3298 755 3379 ὅκως
775 3296 815 3366 τά
838 3304 925 3367 σιτία
946 3292 1125 3382 ἀντέχρησε

123 3393 247 3479 θῦυμά
262 3420 318 3480 μοι
332 3396 473 3483 μυριάσι
487 3399 677 3487 τοσαύτησι.
702 3395 846 3484 εῦρίσκω
856 3394 921 3484 γάρ
934 3394 1126 3484 συμβαλλό·

123 3514 239 3576 μενος,
264 3496 294 3559 εί
308 3499 438 3577 χοίνικα
453 3503 572 3583 πυρῶν
593 3499 728 3575 ἕκαστος
744 3500 802 3582 τῆς
815 3492 940 3581 ἡμέρης
960 3493 1126 3580 ἐλάμβανε
