2566 3934
194 244 255 309 ιεο
580 244 833 335 εεεοοοει

27 458 33 470 ,
145 427 180 481 κν
193 402 355 475 Ὠκεανὸν
370 410 434 493 γῆν
448 411 523 493 πέρι
543 411 654 473 πᾶσαν
668 407 765 494 ῥέειν.
803 403 848 472 Ἡ
861 406 897 473 δὲ
910 409 1004 493 τρίτη
1020 410 1088 473 τῶν
1104 400 1195 474 ὁδῶν
1278 472 1279 475 ,

193 504 320 575 πολλόν
346 506 571 592 ἐπιεικεστάτη
593 508 695 574 ἐοῦσα
721 503 863 591 μάλιστα
889 508 1055 585 ἔψευσται.
1105 505 1196 625 λέγει

194 603 259 693 γάρ
278 603 317 694 66
336 603 412 674 οὐδ’
435 603 518 694 αὐτη
507 602 635 726 αρδδν
649 606 783 772 φαμένη
799 601 860 671 τόν
876 610 1002 671 Νεῖλον
1022 599 1147 696 ῥέειν’
1128 597 1194 670 από
1278 684 1279 689 ¹

194 707 377 792 τηκομένης
400 705 528 792 χιόνος,
557 701 594 784 ὃς
618 707 686 793 ῥέει
709 705 772 791 μέν
795 707 831 771 ἐκ
852 702 980 790 Λιβόης
1003 699 1059 770 διά
1083 702 1194 788 μέσων

192 805 391 889 Αίθιόπων,
415 805 544 872 ἐκδιδοῖ
555 805 591 872 δὲ
609 805 642 882 ἐς
659 811 842 889 Αἴγυπτον.
880 805 947 879 κῶς
964 792 1014 869 όν
1029 804 1110 886 δῆτα
1124 799 1193 886 ῥέοι

195 893 238 966 ἀν
251 893 317 966 άπδ
331 896 452 985 χιόνος,
466 895 531 966 ἀπὸ
546 901 614 966 τάν
625 895 840 986 θερμοτάτων
854 890 1025 983 [τόπων]ῥ
1028 893 1092 962 έων
1102 891 1186 974 ἐς
1148 919 1189 962 τα

191 997 570 1089 νυχρότεραςμαρτάρια
578 1023 643 1086 γαρ
653 996 760 1065 πολλα
769 998 837 1064 ἐστι
846 993 948 1084 ανδρ
954 1021 992 1081 γε
1001 1002 1061 1081 λογ
1063 1001 1189 1079 ίζεσθαι

190 1092 353 1161 τοιούτων
374 1095 450 1180 πέρι
471 1095 531 1182 οίφ
550 1117 586 1159 τε
600 1093 706 1180 ἐόντι,
734 1091 778 1172 ὡς
793 1091 872 1161 οὐδὲ
889 1091 980 1172 οίκδς
996 1089 1062 1162 ἀπὸ
1078 1093 1191 1179 χιόνος

190 1218 248 1277 μιν
263 1182 371 1279 ῥεέιν.Ι
391 1190 602 1276 πρῶτονμὲν
616 1192 672 1259 καὶ
688 1195 844 1278 μέγιστον
860 1193 1047 1281 μαρτάριον
1063 1196 1097 1260 οί
1109 1189 1191 1261 ἀνε-

190 1316 247 1375 μοι
267 1292 465 1377 παρέχονται
485 1291 642 1368 πνέοντες
656 1286 720 1357 ἀπό
736 1296 804 1373 τῶν
819 1293 954 1379 χωρέων
964 1291 1093 1360 τούτων
1103 1300 1185 1378 θερ·
1278 1356 1279 1363 ,

189 1390 262 1476 μοί,
283 1387 442 1474 δεύτερον
457 1389 510 1473 δέ,
534 1386 586 1456 ότι
603 1386 771 1477 ἄνομβρος
787 1386 808 1477 6
822 1390 913 1479 χάρη
929 1394 983 1459 καί
1000 1388 1187 1478 άκρόσταλ-

166 1528 171 1531 -
189 1496 246 1565 λος
263 1486 421 1555 διατελέει
436 1489 547 1574 ἐοῦσα,
570 1489 622 1555 ἐπὶ
638 1489 674 1555 δέ
688 1488 777 1575 χιόνι
791 1490 940 1579 πεσοόση
953 1496 1042 1558 πάσα
1056 1487 1187 1576 ἀνάγκη

191 1590 259 1657 ἐστὶ»
274 1579 353 1654 ὗσαι
374 1590 411 1653 ἐν
431 1588 529 1655 πέντε
549 1585 707 1677 ἡμέρησι,
731 1587 814 1658 ὥστε
832 1596 862 1658 εί
874 1590 1027 1678 ἐχιόνιζε,
1048 1587 1126 1658 ὕετο
1142 1583 1188 1655 ἀν
1278 1628 1279 1637 1

189 1692 293 1756 ταῦτα
306 1682 347 1753 τά
363 1692 478 1774 χωρία,
500 1694 593 1775 τρίτα
607 1691 644 1756 δέ
660 1693 695 1758 oc
707 1686 884 1778 ἀνθρωποι
899 1687 964 1759 ὑπὸ
980 1696 1041 1758 τοῦ
1055 1687 1188 1776 καάμα-
1278 1720 1279 1725 ’

189 1812 245 1865 τος
260 1786 399 1872 μέλανες
419 1786 547 1866 ἐόντες·
586 1793 706 1856 ίκτίνοι
723 1788 759 1857 δέ
775 1790 831 1857 καὶ
849 1789 1017 1876 χελιδόνες
1034 1785 1079 1855 δι’
1098 1791 1188 1904 ἒτερς

190 1887 300 1967 ἐόντες
327 1884 390 1956 οὐκ
415 1885 650 1976 ἀπολείπουσι,
682 1891 821 1977 γέρανοι
847 1891 883 1957 δὲ
914 1889 1100 1976 φεύγουσαι
1124 1880 1187 1954 τὸν

188 2015 333 2114 χειμωνα
349 1986 409 2058 τόν
424 1990 460 2056 ἐν
474 2015 514 2077 τη
499 1995 688 2077 Σκυθικῇ
701 2014 793 2111 χωρη
813 1986 993 2076 γινόμενον
1014 1987 1186 2074 φοιτέουσι

189 2091 222 2166 ἐς
234 2094 408 2173 χειμασίην
420 2088 452 2165 ἐς
465 2084 543 2166 τοὺς
557 2087 682 2209 τόπους
695 2088 844 2167 τούτους.
876 2093 905 2156 εί
916 2093 970 2156 τοί
967 2113 1033 2155 νυν
1049 2085 1187 2174 ἐχιόνιζε

187 2182 274 2253 ταδ’
260 2191 391 2253 οσονων
411 2183 537 2273 ταύτην
552 2184 615 2273 τὴν
634 2187 766 2276 χάρην,
797 2180 889 2255 δι’
866 2215 906 2310 χς
928 2213 964 2256 τε
984 2187 1051 2275 ῥέει
1073 2191 1128 2254 καί
1147 2186 1186 2252 ἐκ

188 2292 245 2372 τῆς
262 2283 395 2371 ἀρχεται
410 2287 497 2372 ῥέων
511 2312 529 2352 o
517 2279 722 2374 ‘'Nenog,
698 2313 743 2374 ην
757 2282 801 2355 ἀν
816 2287 945 2356 τούτων
960 2281 1122 2372 οάδὲν,’
1100 2311 1144 2363 ως
1159 2278 1182 2372 6
1278 2284 1279 2367 j

139 2406 174 2461 γε
188 2383 317 2470 ἀνάγκη
344 2384 475 2470 ἐλέγχει.
519 2381 556 2452 Ὁ
582 2386 618 2453 δέ
643 2388 719 2474 περὶ
741 2393 802 2453 τοῦ
824 2383 986 2454 Ὠκεανοῦ
1010 2384 1120 2471 λέξας,
1149 2385 1184 2463 ἐς

186 2482 313 2570 ἀφανές
326 2481 386 2551 τόν
402 2488 516 2567 μῦθον
530 2480 714 2572 ἀνενείκας,
730 2481 792 2554 οὐκ
808 2490 872 2571 ἔχει
888 2489 1037 2571 ἔλεγχον·
1063 2480 1104 2551 οὐ
1116 2484 1183 2570 γάρ
1278 2504 1279 2511 “

185 2608 260 2650 τινα
275 2585 378 2668 ἐγωγε
394 2579 468 2650 οἶδα
488 2581 640 2670 ποταμὸν
656 2582 818 2654 Ὠκεανὸν
839 2583 954 2672 ἐόντα,
978 2582 1125 2673 ’Όμηρον
1145 2583 1184 2652 δέ
1215 2657 1221 2665 ‚

3 2722 4 2725 =
68 2736 73 2741 1
184 2680 206 2768 6
226 2707 300 2750 τινα
320 2688 389 2750 τῶν
409 2681 575 2771 πρότερον
591 2685 784 2771 γενομένων
803 2686 967 2771 ποιητέων
983 2684 1088 2751 δοκέω
1100 2679 1184 2750 τοῦ-

4 2798 5 2809 ¹
137 2811 172 2863 γε
186 2808 272 2868 νομα
293 2779 435 2871 εὑρόντα
459 2785 491 2863 ἐς
511 2781 573 2872 τὴν
594 2790 729 2871 ποίησιν
743 2787 983 2852 ἐσενείκασθαι.
1023 2786 1066 2849 Et
1078 2780 1115 2848 δέ
1131 2782 1186 2848 δεῖ
1278 2868 1279 2879 ¹

184 2881 401 2970 μεμψάμενον
422 2882 558 2970 γνωμας
580 2882 638 2963 τάς
659 2886 879 2974 προκειμένας
899 2879 1004 2952 αὐτὸν
1024 2882 1182 2969 περὶτῶν

184 2980 342 3068 ἀφανέων
354 2983 493 3071 γνώμην
511 2981 753 3071 ἀποδέξασθαι,
776 2983 912 3073 φράσω,
940 2981 1025 3052 διότι
1044 3006 1101 3067 μοι
1121 2983 1182 3049 δο-
1278 3014 1279 3017 “

182 3082 252 3151 κέει
268 3084 482 3170 πληθάεσθαι
499 3082 518 3152 6
531 3092 654 3164 Νεῖλος
670 3089 732 3152 τοῦ
746 3084 874 3167 θέρεος.
912 3078 974 3170 τὴν
988 3075 1180 3169 χειμερινὴν

184 3180 276 3271 ὥρην
296 3179 566 3269 ἀπελαυνόμενος
588 3181 606 3253 ὁ
629 3182 723 3272 ἥλιος
743 3186 780 3253 ἐκ
800 3190 858 3271 τῆς
872 3179 1008 3304 ἀρχαίης
1028 3179 1181 3262 διεξόδου
1278 3244 1279 3247 ,

182 3279 249 3355 δπδ
263 3289 332 3352 τάν
344 3309 517 3371 χειμωνων
532 3290 714 3374 ἔρχεται
674 3311 732 3372 της
746 3284 875 3371 Λιβύης
891 3279 932 3350 τά
946 3280 1026 3350 ἀνω.
1059 3277 1103 3359 ὡς
1116 3281 1182 3366 μέν
1278 3278 1279 3347 s

183 3411 248 3455 νυν
272 3386 309 3453 ἐν
333 3385 489 3505 ἐλαχίστφ
515 3388 678 3474 δηλῶσαι,
703 3391 772 3454 πάν
793 3393 935 3474 είρηται
964 3387 1021 3470 τῆς
1043 3378 1108 3471 γὰρ
1134 3376 1182 3451 ἀν

182 3479 350 3578 ἀγχοτάτω
370 3474 392 3575 6
413 3482 521 3608 χάρης
536 3475 634 3567 οὗτος
655 3482 673 3555 6
691 3482 772 3565 θεὸς
786 3485 842 3555 καὶ
856 3478 929 3553 κατ’
946 3477 1074 3575 ἥντινα,
1094 3477 1185 3553 τινί-
