2618 3928
200 231 260 295 136
575 237 825 296 HERODOTI

198 395 368 481 ἐνέμοντο,
381 401 449 462 τῦν
461 397 590 462 εἵνεκεν
601 392 744 481 ὕστερον
750 403 894 483 Δαρεῖος
904 398 1107 483 ἐτιμωρέετο,
1123 398 1208 485 μήτε

198 490 281 561 κατά
295 490 335 559 τά
350 491 514 580 λεγόμενα
525 488 586 559 τόν
596 489 789 576 Ἀτρειδέων
800 490 943 571 έςἼλιον
957 492 1038 581 μήτε
1051 491 1112 562 τόν
1122 502 1207 562 Mv-

199 598 269 660 σῦν
283 617 319 660 τε
332 595 388 660 καὶ
407 599 567 680 Τευκρῶν
586 588 646 660 τὸν
662 589 728 680 πρὸ
744 600 813 660 τῶν
831 600 991 682 Τρωικῶν
1004 595 1204 682 γενόμενον,

199 696 234 758 οἳ
248 688 424 776 διαβάντες
446 691 479 768 ές
498 686 561 776 τὴν
581 686 753 776 Πόρόπην
773 687 857 758 κατά
871 691 1050 778 Βόσπορον
1069 690 1149 768 τοῦς
1168 715 1208 757 τε

200 787 346 875 Θρήικας
359 790 623 876 κατεστρέψαπο
636 786 766 866 πάντας
779 789 835 856 καὶ
849 790 902 856 έπλ
914 785 976 856 τόν
984 786 1104 857 Ἰόνιον
1117 785 1207 854 πόν-

199 915 258 957 τον
275 888 462 974 κατέβησαν
477 890 572 975 μέχρι
593 913 629 955 τε
644 895 795 974 Πηνειοῦ
816 894 968 975 ποταμοῦ
983 913 1020 956 το
1039 884 1124 975 πρός
1144 912 1207 974 με·

151 1000 184 1050 ν1
200 990 363 1072 σαμβρίης
376 981 513 1071 ἤλασαν.
536 978 646 1054 Αῦται
655 991 693 1055 αί
704 994 808 1056 πῦσαι
818 984 894 1055 οὐδ’
907 990 1016 1075 ἕτεραι
1026 983 1110 1074 πρὸς
1121 985 1206 1053 ταύ-

199 1103 274 1171 τησι
283 1081 467 1170 γενόμεναι
475 1091 709 1170 στρατηλασίαι
720 1092 796 1172 μιῆς
807 1089 906 1172 τῆσδε
912 1082 978 1176 οῦκ
988 1083 1084 1165 ἄξιαι.
1098 1087 1132 1149 τί
1138 1077 1205 1168 γάρ

201 1179 263 1249 οῦκ
276 1180 380 1268 ἤγαγε
395 1185 432 1251 έκ
451 1191 514 1270 τῆς,
522 1181 631 1271 Ἀσίης
639 1182 749 1265 ’ἔθνος
766 1188 818 1253 ἐπὶ
834 1183 896 1272 τὴν
908 1183 1049 1253 Ἐλλάδα
1063 1185 1205 1269 Ξέρξηςς

199 1292 294 1348 κοῖον
306 1278 343 1347 δὲ
351 1279 536 1367 πινόμενόν
543 1290 627 1370 [μιν]
634 1279 727 1368 ὕδωρ
736 1276 800 1350 οῦκ
808 1281 951 1367 ἐπέλιπε,
965 1276 1054 1365 πλὴν
1065 1285 1133 1346 τῶν
1144 1304 1205 1364 με·

204 1375 318 1462 γάλων
332 1385 507 1466 ποταμῦνς
529 1384 564 1448 oc
574 1380 637 1467 μὲν
652 1377 716 1468 γάρ
736 1382 814 1459 νέας
835 1385 1047 1465 παρείχοντο,
1071 1383 1105 1446 ολ
1120 1378 1205 1456 δὲές

202 1474 302 1558 πεζόν
317 1476 506 1564 ἐτετάχατο,
527 1486 614 1547 τοῖσι
627 1479 664 1547 δὲ
678 1481 780 1557 λιιπος
793 1480 1048 1565 προσετέτακτο,
1070 1492 1155 1545 τοῖσι
1168 1478 1206 1544 δὲ

202 1576 380 1664 ίππαγωγά
398 1576 556 1663 πλοια,”
532 1605 602 1665 αμα
616 1583 923 1667 στρατευομένοισι,
943 1591 1028 1646 τοῖσι
1045 1578 1080 1645 δὲ
1100 1575 1183 1656 ές
1146 1603 1207 1657 τας
1294 1652 1295 1671 1

200 1680 352 1768 γεφύρας
362 1677 492 1767 μακράς
505 1681 583 1760 νέας
593 1682 761 1769 παρέχειν,
772 1694 857 1749 τοῖσι
869 1682 906 1748 δὲ
917 1676 990 1748 σῖτά
1001 1704 1036 1746 τε
1046 1682 1102 1747 καλ
1116 1679 1216 1771 νέας

150 1788 186 1840 λλ
205 1782 267 1848 Καί
287 1785 385 1847 τοῦτο
402 1777 506 1866 μὲν*
484 1807 529 1859 ως
542 1781 840 1869 προσπταισάντων
859 1786 927 1849 τῶν
949 1779 1091 1868 κράτων
1110 1772 1236 1864 mc?
1294 1812 1295 1857 χ

202 1878 387 1948 πλωόντων
399 1877 520 1966 περὶ
485 1905 546 1948 τον
551 1878 669 1948 ’Ἆθων
679 1879 931 1967 προετοιμάζετο
944 1880 981 1946 έκ
991 1883 1093 1965 τριεῦν
1105 1878 1206 1944 έτέων
1294 1886 1295 1895 ’

199 2001 263 2045 κου
276 1976 420 2062 μάλιστα
435 1975 515 2057 ἐς
481 2004 542 2047 τον
555 1976 686 2048 Ἁδων·
715 1977 804 2048 ἐν
764 2004 830 2066 γαρ
846 1975 1032 2046 Ἐλαιοῦντι
1045 1983 1102 2065 τῆς
1117 1983 1206 2062 Χερ-
1294 2000 1295 2005 ’

199 2073 349 2163 σονήσου
357 2072 1207 2165 όρμεοντριήρεες,δνθεῦτενδὲὸρμεόμενοιόρυσ-

200 2194 263 2245 σον
276 2172 343 2244 ῦπό
356 2182 525 2263 μαστίγων
539 2178 747 2245 παντοδαποὶ
757 2182 814 2263 τῆς
828 2180 992 2263 στρατιῆς,
1008 2174 1157 2257 διάδοχοι
1172 2165 1204 2237 δ’

204 2277 364 2361 έφοίτων,
381 2272 536 2361 ὤρυσσον
554 2276 590 2342 66
604 2277 660 2342 καί
673 2278 708 2343 oc
719 2275 795 2361 περὶ
811 2270 993 2341 τὸνἍθων
1010 2271 1208 2354 κατοικημέ-

203 2398 268 2441 νοι.
283 2370 460 2460 Βουβάρης
471 2373 509 2441 δὲ
519 2369 750 2459 ὁΜεγαβάζου
760 2373 816 2440 καὶ
824 2369 1013 2459 Ἀρταχαίης
1024 2366 1042 2438 6
1054 2368 1208 2457 Ἀρταίου

205 2470 325 2557 ἄνδρες
335 2472 463 2556 Πέρσαι
478 2469 675 2539 έπεστάτεον
688 2478 749 2539 τοῦ
764 2477 874 2559 ἔργου.
891 2466 928 2536 Ὁ
941 2465 1125 2554 γάρ”Αθως
1139 2466 1208 2532 ἐστὶ
1294 2480 1295 2539 ζ

205 2565 307 2659 οῦρος
315 2571 400 2657 μέγα
409 2596 445 2639 τε
458 2573 513 2640 καὶ
525 2568 746 2659 οῦνομαστόν,
760 2573 793 2651 ἐς
804 2568 982 2639 θάλασσαν
993 2589 1175 2654 κατηκον,ο
1158 2571 1208 2632 ο-ί
1294 2616 1295 2625 ο

204 2665 385 2795 κημένον
365 2665 432 2738 υπό
450 2666 653 2757 άνθράπων.
676 2697 717 2759 τη
701 2672 772 2737 δὲ
787 2666 961 2756 τελεντᾷ’
945 2691 977 2744 ες
992 2690 1054 2750 την
1067 2685 1208 2749 ηπειρον
1294 2666 1295 2673 ’

200 2769 239 2840 τό
254 2765 367 2858 οὖρος,
383 2774 653 2858 χερσονησοειδές
663 2773 703 2839 τέ
710 2773 778 2840 ἐστι
793 2772 847 2838 και
858 2765 980 2854 ἰσθμὸς
995 2763 1040 2844 ῦς
1054 2764 1208 2833 δυόδεκα

202 2873 358 2954 σταδίων,
373 2873 489 2937 πεδίον
503 2871 539 2936 δέ
550 2875 649 2936 τοῦτο
663 2870 719 2935 καί
730 2869 872 2936 κολωνοὶ
884 2891 927 2934 ου
915 2861 1075 2950 ’μεγάλοι
1089 2863 1126 2930 έκ
1139 2870 1206 2929 θα·
1294 2930 1295 2939 ,

202 2964 327 3051 λάσσης
341 2971 399 3051 τῆς
416 2962 606 3051 Ἀκανθιων
620 2968 674 3035 ἐπὶ
687 2967 865 3035 θάλασσαν
879 2989 941 3050 την
956 2959 1072 3028 άντίον
1090 2957 1206 3044 Τοριό-

203 3088 271 3148 νης.
301 3063 339 3129 έν
359 3061 395 3128 δὲ
414 3067 460 3150 τῷ
481 3067 592 3152 ἰσθμῷ
609 3065 733 3155 τοότφ,
755 3060 842 3142 ές
807 3088 868 3131 τον
888 3056 1064 3148 τελεντᾷό
1082 3055 1207 3141 Ἄθως,

201 3158 299 3250 Σάνη
313 3157 409 3235 πόλις
426 3154 542 3237 Ἑλλάς
557 3169 696 3248 οίκητιιι
725 3164 793 3228 αλδ
772 3153 917 3236 δὲέντός
933 3155 1065 3242 Σάνης,
1090 3159 1155 3223 ἔσω
1171 3152 1208 3220 δὲ

201 3281 263 3322 του
248 3254 364 3324 Ἀῦω
381 3256 570 3343 οἰκημέναι,
584 3256 643 3337 τάς
657 3258 732 3328 τότε
743 3255 761 3326 6
772 3261 905 3344 Πέρσης
918 3253 1117 3342 νησιώτιδας
1133 3244 1209 3321 ἀντὶ

200 3347 470 3438 ἠπειρωτίδων”
442 3374 574 3439 ωρμητο
585 3356 723 3442 ποιέειν,
732 3358 795 3425 είσλ
806 3358 889 3442 αιδε,
904 3361 1001 3438 Δίον,
1012 3348 1207 3437 Ὀλόφυξος,

197 3444 404 3533 Ἀκρόδωον,
421 3446 563 3535 Θύσσος,
578 3459 740 3521 Κλεωναί.
763 3454 876 3530 πόλιες
891 3451 953 3536 μὲν
968 3441 1084 3535 αὗται,
1100 3445 1208 3516 αλτῦν
