2626 3932
353 253 438 310 ιιιι.
470 254 506 306 v.
540 251 637 310 cAP.
670 257 845 311 102-106.
1060 251 1101 313 53

96 419 154 499 τῆς
165 416 350 499 συλλογῆς,
367 409 450 478 ὥστε
460 416 564 478 ταῦτα
577 417 851 496 συνυφανθῆναι,
863 408 923 479 τόν
930 411 1101 501 Μιλήσιον

91 510 349 599 Ἀρισταγόρην,
379 516 494 595 πρῶτα
515 510 577 594 μέν
596 512 726 596 λέγεται
746 506 868 598 αὐτόν,
895 508 939 589 ὡς
956 511 1102 587 ἐπύθετο

96 616 211 695 ταῦτα,
225 607 349 678 Ἰαόνων
362 606 488 676 οὐδένα
498 606 603 692 λόγον
613 607 851 695 ποιησάμενον,
866 601 906 676 τό
920 611 1040 696 είδότα,
1057 608 1101 688 ὡς

98 702 195 778 οὗτοί
205 735 244 795 γε
261 705 306 776 οὐ
317 712 595 795 καταπροΐξονται
609 704 823 794 ἀποστάντες,
840 716 1002 796 είρεσθαι,
1018 711 1102 777 οἵτι-

97 834 153 888 νες
166 807 234 876 εἶεν
244 811 279 876 οί
287 804 478 893 Ἀθηναιοι,
489 803 572 893 μετά
584 805 622 875 δέ
635 806 835 893 πυθόμενον
846 813 976 894 αἰτήσαι
990 807 1028 877 τὸ
1043 809 1102 877 τό·

97 917 172 996 ξον,
194 907 341 996 λαβόντα
356 910 464 976 δὲκαὶ
481 910 641 977 ἐπιθέντα
654 905 769 976 όίστόν
783 906 856 975 ἀνω
872 913 905 988 ἐς
921 908 982 978 τόν
996 909 1101 1000 οάρα-

97 1007 160 1078 νδν
180 1005 329 1094 ἀπεῖναι,
350 1011 410 1074 καί
420 1031 481 1092 μιν
499 1007 532 1084 ἐς
553 1001 614 1072 τὸν
631 1002 714 1092 ήέρα
728 1005 896 1092 βάλλοντα
911 1013 1032 1077 ιίπείν·
1059 1003 1099 1077 Ὠ

96 1113 179 1193 Ζεῦ,
201 1107 398 1192 ἐκγενέσθαι
414 1128 473 1190 μοι
490 1099 692 1190 Ἀθηναίους
711 1110 885 1189 τίσασθαι,
906 1115 1044 1176 εἴπαντα
1064 1109 1100 1175 δὲ

98 1215 199 1281 ταῦτα
218 1205 401 1295 προστάξαι
416 1205 468 1272 ἐνί
480 1209 549 1272 τῶν
566 1202 790 1292 θεραπόντων
809 1209 950 1275 δείπνου
963 1231 1100 1296 προκει-

95 1310 201 1395 μένου
216 1303 306 1396 αὐτῷ
321 1309 353 1384 ἐς
372 1305 443 1391 τρίς
461 1302 615 1371 ἑκάστοτε
634 1307 756 1370 εἰπεῖν·
781 1305 953 1391 Δέσποτα,
976 1308 1098 1392 μέμνεο

94 1412 163 1474 τάν
179 1401 378 1490 Ἀθηναίων.
421 1401 616 1486 Προστάξας
636 1402 790 1469 δὲταῦτα
805 1399 892 1490 εἷπε,
914 1405 1054 1483 καλέσας
1068 1408 1101 1482 ές
1117 1419 1167 1473 106

95 1504 176 1588 ἀίειν
185 1503 340 1576 Ἱστιαίου
349 1500 410 1573 τόν
421 1501 611 1590 Μιλήσιον,
623 1500 684 1571 τόν
695 1499 715 1572 ὁ
725 1513 870 1591 Δαρεῖος
879 1517 1006 1591 κατείχε
1019 1502 1099 1590 χρό·

96 1629 158 1674 νον
179 1603 194 1627 ”
214 1630 236 1690 η
249 1600 393 1673 πολλόν·
421 1601 666 1689 Πυνθάνομαι,
680 1599 827 1690 Ἱστιαῖε,
843 1606 1023 1690 ἐπίτροπον
1039 1600 1100 1671 τὸν

95 1700 157 1773 σὸν
165 1754 175 1788 ,
189 1708 237 1794 τῷ
251 1697 295 1769 σι)
306 1705 461 1787 Μίλητον
475 1702 664 1788 ἐπέτρεψας,
679 1701 825 1786 νεότερα
840 1704 873 1782 ἐς
887 1702 944 1789 ἐμέ
958 1726 1100 1788 πεποιη-

95 1804 189 1872 κέναι
201 1798 394 1887 πρήγματα·
417 1796 543 1886 ἀνδρας
555 1797 621 1886 γάρ
636 1825 692 1886 μοι
706 1801 744 1869 ἐκ
758 1807 815 1888 τῆς
832 1803 943 1888 ἑτέρης
958 1798 1099 1889 ἠπείρου

95 1895 273 1986 ε’παγιιγοέν
296 1893 482 1975 καὶἽωνας
501 1893 567 1964 σάν
590 1893 720 1965 αὐτοῖσι
741 1896 821 1976 τούς
836 1897 1006 1976 δώσοντας
1027 1900 1099 1983 ἐμοὶ

96 2005 195 2086 δίκην
208 2003 277 2066 τῶν
294 1999 470 2082 ἐποίησαν,
491 1996 632 2075 τούτους
645 1992 844 2085 ἀναγνώσας
859 1994 927 2084 ἀμα
943 1999 1099 2065 ἐκείνοισι

95 2089 237 2166 ἕπεσθαι
250 2090 410 2182 Σαρδίων
420 2118 462 2178 με
473 2088 684 2180 ἀπεστέρηκε.
701 2100 769 2162 νῦν
780 2086 829 2162 όν
840 2101 907 2173 κῶς
917 2120 968 2163 τοι
980 2103 1099 2180 μαίνε-

76 2193 79 2199 ’
94 2224 149 2266 ται
162 2200 266 2263 ταῦτα
280 2199 367 2280 ἔχειν
380 2199 506 2276 καλῶςς
527 2201 594 2273 κῶς
606 2192 637 2261 δ’
652 2192 736 2262 ἀνευ
748 2200 816 2262 τῶν
827 2200 898 2265 σάν
907 2196 1099 2283 βουλευμά·

95 2321 162 2363 των
176 2291 309 2363 τοιοῦτό
323 2289 354 2361 τι
369 2293 536 2381 ἐπρήχθη;
554 2291 634 2379 ὅρα,
645 2290 689 2380 μή
700 2295 734 2373 ἐξ
745 2289 885 2383 ὑστέρης
899 2293 1048 2365 σεωυτὸν
1062 2295 1099 2362 ἐν

95 2401 182 2483 αίτίη
196 2399 283 2482 σχής.
306 2389 390 2461 Εέπε
401 2390 487 2480 πρός
500 2398 604 2461 ταῦτα
618 2389 812 2472 ὁἹστιατος·
833 2400 989 2479 Βασιλεῦ,
1004 2406 1100 2462 ναίον

95 2495 262 2580 ἐφθέγξαο
277 2498 371 2576 ἐποςς
394 2494 450 2581 ἐμὲ
464 2498 647 2581 βουλεῦσαι
661 2498 813 2580 πρῆγμα,
836 2494 874 2561 ἐκ
888 2500 950 2562 τοῦ
964 2499 1020 2562 σοί
1029 2520 1061 2561 τι
1077 2488 1099 2578 ή

95 2599 179 2684 μέγα
198 2590 220 2680 ή
237 2592 381 2680 σμικρόν
400 2599 517 2681 έμελλε
536 2589 691 2681 λυπηρὸν
706 2591 924 2679 ἀνασχήσειν,
949 2598 984 2660 τί
1002 2589 1033 2658 δ’
1056 2587 1100 2658 ἀν

95 2690 323 2777 ἐπιδιζήμενος
333 2692 479 2779 ποιέοιμι
489 2699 603 2778 ταῦτα,
610 2696 670 2761 τεῦ
683 2691 719 2758 δὲ
728 2687 843 2776 ἐνδεής
852 2689 937 2770 έόν;
952 2695 998 2778 τῷ
1008 2689 1099 2775 πάρα

95 2792 158 2878 μὲν
173 2789 283 2856 πάντα
299 2785 363 2855 ὅσα
377 2813 440 2874 περ
456 2792 526 2876 σοὶ,
542 2790 680 2858 πάντων
692 2787 729 2857 δέ
739 2784 824 2874 πρός
839 2789 895 2854 σέο
906 2785 1099 2873 βουλευμά-

95 2913 164 2957 των
179 2885 359 2960 έπακοόειυ
372 2881 534 2975 ἀξιοῦμαι.
558 2884 633 2957 ἀλλ’
652 2896 745 2971 εἴπερ
755 2913 787 2954 τι
797 2891 948 2972 τοιοῦτο,
966 2880 1040 2954 οἷον
1056 2882 1099 2952 σι)

95 2995 247 3074 είρηιιας,
262 2980 405 3071 πρήσσει
415 2979 435 3051 ὁ
445 2982 523 3071 έμδς
538 2986 729 3072 έπίτροπος,
745 2991 819 3053 ίσθι
830 2979 936 3051 αὐτόν
947 2979 999 3051 ἐπ’
1015 2984 1100 3052 έωυ·

6 3124 9 3147 ι
94 3091 154 3152 τοῦ
168 3080 359 3170 βαλόμενον
373 3087 584 3171 πεπρηγέναι.
613 3079 722 3172 ἀρχήν
738 3080 775 3150 δέ
790 3087 894 3168 ἐγωγε
911 3076 991 3149 οὐδὲ
1006 3082 1100 3148 ἐνδέ-

94 3207 194 3268 κομαι
207 3178 270 3249 τόν
279 3179 400 3269 λόγον,
416 3179 504 3261 όιιως
514 3208 546 3251 τι
555 3181 720 3268 Μιλήσιοι
732 3183 788 3250 καὶ
802 3177 820 3250 ὁ
836 3177 914 3267 ἐμός
924 3183 1101 3264 ἐπίτροπος

6 3302 13 3309 ·
94 3279 261 3368 νεώτερον
274 3278 463 3368 πρήσσουσι
476 3283 552 3366 περὶ
565 3281 742 3369 πρήγματα
758 3277 800 3349 τά
814 3280 874 3349 σά·
897 3286 927 3349 εί
940 3277 973 3348 δ’
988 3277 1054 3362 ἀρα
1068 3301 1101 3346 τι

94 3387 225 3449 τοιοῦτο
237 3387 371 3450 ποιεῦσι
380 3384 436 3450 καὶ
447 3379 491 3449 σι)
500 3380 538 3451 τό
550 3380 614 3451 έὸά
623 3381 779 3470 ἀκήκοας,
795 3375 823 3452 τό
834 3388 983 3470 βασιλεῦ,
998 3379 1101 3476 μάθε,

93 3476 169 3549 οἷον
189 3485 325 3567 πρῆγμα
348 3478 493 3569 ἐργάσαο
518 3481 576 3566 ἐμὲ
601 3478 667 3547 ἀπὸ
690 3487 864 3567 θαλάσσης
887 3477 1102 3547 ἀνάσπαστον
