2606 3930
362 253 449 311 ιιι.
482 254 529 311 w.
562 255 662 314 τεν.
695 260 729 316 ιι
748 259 839 314 -ιε,
968 299 970 303 ,
1038 246 1102 318 313

95 440 129 483 τε
143 411 290 484 ἐπύθετο
311 414 446 503 τύχιστα
459 412 520 484 τόν
540 412 707 502 δεσπότην
720 412 993 502 τετελευτηκότα,
1016 421 1101 503 έχων

93 511 246 601 χρήματα
270 515 415 603 μεχάλα,
437 510 478 583 τά
500 514 630 602 Σάμιος
650 513 738 603 ἀνήρ
762 515 919 602 κατέσχε,
949 522 1012 584 τού
1027 519 1100 587 έπι-

94 610 258 700 στύμενος
271 610 310 682 τό
326 612 456 702 ούυομα
471 611 558 683 έκῶν
572 613 784 701 ἐπιλήθομαι.

182 716 249 800 Τῆς
263 711 299 781 δέ
311 709 420 801 Ἀσίης
433 711 473 783 τόι
487 711 595 784 πολλῶ
610 710 677 783 ύπό
692 719 843 807 Δαρείου
860 718 1040 806 ἐξευρέθη,
1062 719 1099 800 ὃς
1112 721 1146 776 44

96 809 301 903 βουλόμενος
312 807 420 881 Ἰνδόν
439 808 608 900 ποταμόν,
631 808 668 891 ἃς
688 816 923 900 κροκοδείλους
945 815 1101 901 δεύτερος

94 902 195 990 ούτος
208 917 369 999 ποταμῶν
379 911 517 982 πόντων
530 912 723 1000 παρέχεται,
736 917 859 979 τούτου
873 909 934 980 τόν
948 910 1101 1001 ποταμόν

94 1011 219 1079 είδέναι
232 1016 273 1101 τῇ
286 1012 320 1091 ές
333 1009 512 1083 δόλασσαν
529 1012 671 1098 έκδιδοτ,
687 1011 808 1097 πέμπει
820 1016 965 1081 πλοίοισι
977 1010 1100 1093 ἀλλους

94 1132 145 1198 τε,
162 1121 249 1178 τοῖσι
264 1110 415 1180 έπίστευε
427 1107 490 1198 τήν
503 1106 664 1198 ἀλήθειαν
679 1110 797 1197 ἐρέειν,
812 1106 920 1198 mov>
935 1112 991 1179 καὶ
1000 1111 1098 1181 Σκύ-

95 1213 181 1276 λακα
198 1206 308 1293 ἀνδρα
320 1211 531 1299 Καρυανδέα.
554 1213 589 1278 οί
600 1210 636 1277 δὲ
647 1204 854 1296 ὁρμηθέντες
867 1211 904 1278 έκ
915 1211 1099 1281 Κασπατύ-

94 1332 158 1395 ρου
171 1332 207 1375 τε
221 1305 338 1387 πόλιος
352 1308 407 1377 καὶ
423 1314 481 1395 τῆς
492 1311 683 1392 Πακτυϊκῆς
703 1311 764 1394 γῆς
783 1311 916 1376 έπλωον
935 1306 1019 1378 κατά
1035 1334 1099 1377 πο·

95 1404 201 1493 ταμόν
216 1404 301 1493 πρός
315 1404 366 1495 ήῶ
379 1433 415 1493 τε
428 1409 484 1476 καὶ
496 1403 595 1494 ἡλίου
611 1400 777 1484 ἀνατολάς
791 1407 825 1485 ές
838 1405 1027 1495 θάλασσαν,
1042 1403 1098 1475 διά

94 1508 267 1598 θαλάσσης
290 1510 327 1578 δὲ
349 1504 434 1595 πρός
458 1509 602 1596 έσπέρηυ
625 1506 794 1585 πλώοντες
816 1512 1000 1598 τριηκοστῷ
1018 1508 1099 1594 μηνὶ

94 1606 310 1678 ἀπικνέονται
322 1609 364 1687 ές
382 1613 504 1676 τοῦτον
521 1602 584 1674 τόν
605 1610 733 1691 χῶρον,
756 1599 842 1672 ὅθεν
862 1599 880 1671 ό
902 1607 1098 1690 Αἰγυπτίων

92 1702 251 1797 βασιλεύς
262 1701 343 1786 τούς
353 1710 530 1793 Φοίνικας,
545 1701 626 1784 τούς
634 1702 802 1791 πρότερον
819 1700 910 1790 εἶπα,
925 1699 1097 1773 ἀπέστειλε

93 1803 297 1894 περιπλώειν
316 1804 474 1894 Αιβύην,
490 1800 573 1891 μιτά
598 1800 636 1871 δέ
659 1801 801 1882 τούτους
823 1801 1097 1890 περιπλώσαντας

89 1902 216 1988 Ἰυδούς
229 1932 265 1976 τε
278 1910 519 1991 κατεστρέψατο
534 1916 680 1994 Δαρεῖος
699 1905 755 1973 καὶ
769 1911 809 1995 τῇ
822 1902 1097 1995 θαλάσση-ταύτῃ

93 2007 218 2093 ἐχρᾶτο.
249 2005 339 2076 οὕτω
358 2008 485 2093 καὶτῆς
501 2002 628 2092 Ἀσίης,
646 2000 735 2091 πλὴν
756 2001 798 2071 τά
812 2001 896 2091 πρός
908 2002 1007 2093 ἥλιον
1022 2002 1097 2074 ἀνί-

93 2126 230 2194 σχοντα,
246 2101 286 2174 τά
298 2102 383 2175 ἀλλα
397 2102 579 2192 ἀνεύρηται
591 2100 691 2190 ὁμοία
701 2104 909 2191 παρεχομένη
922 2110 964 2193 τῇ
973 2103 1094 2193 Λιβύη.

170 2201 215 2270 Ἡ
222 2203 259 2270 δέ
269 2199 418 2290 Εὐρώπη
433 2200 518 2291 πρός
532 2199 692 2289 οὐδαμῶν
707 2199 839 2289 φανερή
850 2203 918 2270 έστι
930 2221 1097 2288 γινωσκο-
1110 2206 1145 2260 4⁵

91 2303 193 2390 μένη,
219 2298 296 2368 ούτε
316 2297 358 2368 τά
379 2298 464 2388 πρός
483 2298 582 2389 ήλιον
602 2296 828 2369 ἀνατέλλοντα
852 2296 930 2367 ούτε
950 2296 991 2368 τά
1012 2296 1096 2388 πρός

90 2401 233 2488 βορέην,
256 2403 287 2468 εί
305 2402 506 2490 περίρρυτος
527 2403 612 2469 ἐστι·
633 2398 734 2487 μήκει·
746 2396 783 2468 δὲ
796 2398 997 2486 γινώσκεται
1012 2395 1093 2488 παρ’

90 2495 282 2587 ἀμφοτέρας
292 2500 499 2588 παρήκουσα.
524 2497 599 2569 οὐδ’
616 2505 679 2586 ἔχω
690 2500 932 2587 συμβαλέσθαι,
945 2495 998 2568 ἐπ’
1016 2496 1095 2569 ὅτευ

90 2604 151 2689 μιῇ
174 2598 277 2688 έούση
300 2607 344 2690 μή
369 2597 543 2688 ούνόματα
569 2598 729 2686 τριφάσια
749 2598 875 2682 κέεται,
905 2600 1096 2685 ἐπωνυμίας

91 2705 210 2787 ἔχοντα
222 2705 413 2787 χυναιιιῶν,
435 2701 491 2768 καί
507 2695 692 2786 ούρίσματα
707 2694 792 2786 αύτή
806 2695 929 2776 Νεῖλός
944 2723 981 2766 τε
994 2694 1014 2765 ό
1031 2702 1096 2764 Αί-

90 2797 231 2886 γύπτιος
244 2795 392 2887 ποταμός
408 2797 508 2885 ἐτέθη
529 2800 584 2867 καλ
598 2803 705 2876 Φάσις
726 2792 744 2865 ὁ
762 2794 957 2883 Κόλχος(ολ
972 2795 1007 2863 δέ
1027 2794 1095 2864 Τώ-

90 2913 169 2965 υαλν
182 2893 334 2983 ποταμόν
345 2892 408 2965 τόν
423 2896 584 2985 Μαιήτην
599 2900 655 2966 καὶ
667 2894 851 2985 Πορδμήια
872 2893 911 2963 τό
927 2896 1094 2984 Κιμμέρια

90 2994 259 3081 λέγουσι),
282 2991 362 3062 οὐδὲ
375 3000 450 3062 ,τῶν
465 2995 711 3084 διουρισάντων
730 2994 771 3064 τό
793 2993 963 3083 οὐνόματα
983 2998 1095 3068 πυθέ-

90 3101 190 3179 σθαι,
211 3094 266 3161 καλ
282 3089 367 3161 ὅθεν
382 3098 502 3163 έδευτο
516 3092 575 3174 τάς
589 3098 788 3183 ἐπωνυμίας.
818 3092 883 3182 ἤδη
899 3092 965 3183 χάρ
982 3095 1093 3184 Λιβύη

90 3186 153 3276 μέν
166 3189 220 3257 έπί
230 3187 360 3277 Λιβύης
371 3190 501 3277 λέγεται
515 3190 583 3262 ύπό
597 3200 666 3262 τῶν
676 3202 812 3264 πολλῶν
822 3192 991 3283 Ἑλλήνων
1007 3200 1094 3281 ἔχειν

90 3284 128 3356 τό
140 3285 271 3375 ούνομιι
282 3286 444 3375 γυναικός
453 3289 709 3384 αύτόχδονος,ή
725 3294 762 3365 δέ
772 3292 862 3383 Ἀσίη
874 3297 927 3365 iaz
936 3301 1094 3383 τήςΠρο-

89 3386 219 3476 fluvios
232 3385 394 3476 γυναικός
407 3388 470 3479 τήν
484 3394 686 3484 ἐπωνυμίην.
708 3396 765 3464 καὶ
777 3391 903 3465 τούτου
916 3394 980 3478 μὲν
993 3415 1094 3478 μετα-

88 3486 319 3580 λαμμόνουται
332 3494 394 3562 τοῦ
408 3487 595 3585 ούνόματος
609 3495 731 3585 Λυδοί,
754 3492 901 3583 φάμενοι
914 3490 967 3561 {uz
978 3485 1091 3561 ’Λσίεω
