2566 3934
208 263 268 326 100
577 259 830 319 HERODOTI

208 423 320 494 θαῦτά
335 428 369 492 ολ
380 428 448 491 τῦν
467 447 517 501 τις
531 425 615 508 ίρῦν
633 418 748 489 ἵππων
767 425 836 486 τῦν
855 426 988 488 λευκιῦν
1007 414 1074 488 ὑπὺ
1090 417 1208 509 ὑβριος

209 521 308 611 ἐσβάς
332 524 366 601 ές
389 518 450 589 τόν
470 518 621 606 ποταμὸν
647 524 835 607 διαβαίνειν
859 520 1028 608 ἐπειρᾶτο,
1050 516 1068 588 6
1091 523 1130 588 δέ
1148 548 1207 607 μιν

209 617 385 707 συμψήσας
398 615 608 705 ὑποβρύχιον
623 617 757 704 οίχύκεε
772 619 895 704 φέρων.
917 617 1023 704 κάρτα
1033 644 1068 687 τε
1079 615 1118 707 δή
1132 621 1208 705 έχα-

208 722 344 787 λέπαινε
365 722 412 807 τῷ
432 723 569 807 ποταμῷ
590 712 608 808 6
632 722 746 802 Κῦρος
767 721 865 782 τοῦτο
885 713 1077 803 ὑβρίσαντι,
1099 724 1158 786 καί
1176 720 1210 785 οί

209 819 407 902 ἐπηπείλησε
430 812 519 882 οὑτω
538 814 584 902 δή
605 841 664 901 μιν
684 810 831 881 άσθενέα
849 812 1019 902 ποιήσειν,
1043 813 1126 883 ὥστε
1146 820 1209 882 τοῦ

209 921 331 982 λοιποῦ
344 917 399 983 καί
413 917 575 1002 γυναῖκάς
594 943 654 1003 μιν
671 913 832 995 εὐπετέως
845 912 883 983 τῦ
902 914 990 1001 γόνυ
1005 913 1047 983 ού
1066 917 1209 1005 βρεχού-

209 1032 269 1090 σας
293 1015 521 1103 διαβήσεσθαι.
544 1013 625 1102 μετά
652 1015 688 1082 δέ
704 1012 766 1100 ’τήν
790 1010 931 1101 άπειλήν
950 1015 1055 1100 μετὲλς
1074 1013 1136 1101 τήν
1155 1016 1210 1083 έπὶ

208 1117 395 1196 Βαβυλῶνα
406 1114 604 1197 στράτευσιν
614 1117 739 1199 διαίρεε
749 1108 810 1199 τήν
821 1110 978 1200 στρατιήν
989 1117 1073 1199 δίχα,
1087 1109 1209 1181 διελάν

210 1208 247 1274 δέ
257 1210 422 1277 κατέτεινε
439 1214 667 1297 σχοινοτενέας
678 1208 841 1291 ὑποδέξας
857 1211 1023 1299 διώρυχας
1036 1207 1210 1298 ὀγδωκον-

209 1328 249 1370 τα
262 1306 318 1371 καὶ
332 1303 451 1374 ἕκατδν
472 1304 553 1394 παρ’
571 1307 732 1394 έκάτερον
745 1302 782 1374 τῦ
800 1315 906 1393 χεῖλος
925 1314 987 1375 τοῦ
999 1309 1138 1376 Γύνδεω
1152 1333 1210 1375 τε-

208 1401 397 1487 τραμμένας
427 1403 538 1472 πάντα
564 1405 709 1491 τρόπον,
744 1403 898 1486 διατάξας
920 1405 957 1473 δέ
980 1402 1041 1474 τδν
1065 1402 1211 1492 στρατὸν

210 1493 369 1584 ὀρύσσειν
391 1502 530 1571 ἐκέλευε.
562 1499 616 1571 οἶα
641 1502 678 1570 δὲ
698 1499 819 1589 ὁμίλου
839 1511 967 1573 πολλοῦ
987 1507 1211 1594 ἐργαζομένου

209 1593 308 1683 ήνετο
328 1599 391 1682 μέν
410 1596 447 1667 τῦ
470 1605 589 1687 ἔργον,
611 1599 702 1688 ὅμως
726 1601 840 1687 μέντοι
862 1599 926 1688 τήν
943 1599 1078 1688 θέρειαν
1097 1609 1211 1670 πᾶσαν

146 1713 195 1767 190
210 1690 316 1761 αύτού
328 1696 432 1785 ταύτῃ
443 1701 617 1786 διέτριψαν
630 1698 855 1786 ἐργαζόμενοι.
885 1697 944 1779 Ὡς
954 1700 990 1767 δέ
1000 1696 1062 1768 τὸν
1072 1698 1212 1784 Γύνδην

210 1790 362 1878 ποταμδν
376 1797 502 1864 ἐτίσατο
513 1805 627 1884 Κῦρος
638 1801 671 1877 ἐς
683 1802 874 1886 τριηκοσίας
887 1799 942 1865 καὶ
955 1796 1113 1885 ἑξήκοντα
1134 1860 1138 1885 =
1154 1822 1213 1878 μιν

92 1942 97 1950 ,
212 1890 382 1976 διάρυχάς
418 1893 604 1984 διαλαβύν,
626 1898 682 1965 καί
701 1893 738 1963 τὸ
761 1894 920 1982 δεύτερον
942 1900 1001 1982 ἐαρ
1025 1892 1231 1979 ὑπέλαμπε,

210 1986 301 2055 οὕτω
315 1985 356 2076 δή
377 1986 502 2074 ήλαυνε
524 1995 577 2062 ἐπὶ
596 1992 659 2080 τήν
673 1997 870 2080 Βαβυλῶνα.
901 1997 935 2060 oc
947 1993 983 2060 δέ
996 1991 1214 2079 Βαβυλώνιοι

211 2088 530 2176 ἐκστρατευσάμενοι
545 2098 665 2178 έμενον
685 2090 799 2160 αὐτόν.
828 2092 898 2158 ἐπεί
913 2092 949 2159 δὲ
964 2092 1093 2177 ἐγένετο
1109 2088 1214 2157 έλαύ-

210 2211 282 2252 νων
293 2182 397 2274 άγχοῦ
410 2195 467 2275 τῆς
481 2190 613 2278 πόλιος,
636 2188 824 2278 συνέβαλόν
836 2214 872 2258 τε
887 2194 921 2257 os
927 2187 1141 2276 Βαβυλώνιοι
1154 2193 1215 2259 καὶ

210 2287 414 2364 ἑσσωθέντες
433 2294 473 2376 τῇ
492 2290 581 2379 μάχη
599 2291 846 2378 κατειλήθησαν
867 2289 899 2367 ἐς
915 2284 954 2355 τὺ
972 2285 1065 2355 άστν.
1099 2281 1153 2353 οἷα
1174 2289 1214 2357 δέ

211 2381 459 2469 ἐξεπιστάμενοι
478 2391 526 2455 ἐτι
539 2388 706 2476 πρότερον
725 2384 786 2455 τὸν
802 2394 920 2475 Κύρου
940 2384 1003 2454 οῦκ
1018 2381 1215 2479 Ιοἰτρέμίζον-

210 2503 266 2563 τα,
288 2474 363 2547 ἄλλ’
379 2476 531 2568 ὁρέοντες
544 2483 649 2554 αύτὸν
659 2488 759 2555 παντὶ
772 2480 998 2578 ἔθνείὸμοίως
1009 2486 1215 2571 ἐπιχειρέον-

210 2600 267 2664 τα,
288 2578 513 2664 προεσάξαντο
535 2591 622 2652 σιτία
642 2587 743 2652 ἐτέων
762 2584 869 2671 κάρτα
888 2589 1032 2651 πολλῶν.
1062 2587 1215 2655 ένθυιῦτα

211 2670 306 2747 οὑτοι
318 2680 381 2766 μὲν
394 2681 497 2770 λύγον
512 2682 600 2771 εἶχον
613 2692 670 2772 τῆς
684 2690 877 2770 πολιορκίης
891 2679 1030 2768 ούδένα,
1046 2689 1160 2772 Κῦρος
1174 2687 1216 2756 δέ

211 2773 368 2869 ἆπορίησι
387 2783 527 2869 ἐνείχετο
551 2782 610 2850 άτέ
622 2783 748 2871 χρόνον
771 2807 807 2850 τε
829 2782 1047 2868 ἐγγινομένου
1072 2792 1216 2871 συχνοῦ,

148 2886 194 2939 191
212 2871 367 2964 ύνωτέρω
378 2904 413 2946 τε
425 2877 525 2949 οὐδέν
534 2889 603 2949 τῶν
614 2882 819 2970 πρηγμάτων
830 2884 1120 2967 προκοπτομένων.
1132 2891 1216 2952 Είτε

212 2971 253 3061 δή
275 2969 326 3043 άν
340 2974 439 3058 άλλος
464 2985 498 3049 οί
520 2979 700 3070 άπορέοντι
714 2979 926 3068 ὑπεθήκατο,
951 2988 1016 3048 εδτε
1036 2983 1091 3050 καὶ
1110 2979 1218 3064 αύτδς

158 3108 161 3112 ⁴
213 3079 319 3159 ἔμαθε
332 3073 369 3142 τὸ
384 3082 540 3165 ποιητέον
556 3085 590 3148 οί
600 3074 661 3167 ήν,
685 3082 792 3148 ἐποίεε
806 3076 847 3166 δή
861 3077 1009 3147 τοιόνδε·
1037 3079 1135 3160 τάξας
1148 3077 1218 3168 τήν

212 3172 371 3262 στρατιήν
395 3173 529 3247 άπασαν
553 3181 586 3260 ἐξ
612 3181 753 3266 ἐμβολῆς
772 3184 833 3246 τοῦ
854 3183 1022 3263 ποταμοῦ,
1048 3183 1089 3265 τῇ
1102 3179 1135 3256 ἐς
1149 3175 1219 3266 τήν

131 3344 136 3351 ,
210 3272 312 3342 πόλιν
327 3273 496 3363 ἐσβάλλει,
512 3279 567 3346 καί
582 3275 706 3347 ὄπισθε
721 3271 815 3357 αῦτις
830 3285 888 3364 τής
900 3277 1017 3356 πόλιος
1029 3276 1128 3357 τάξας
1142 3281 1220 3346 ἕπε’-

211 3399 310 3461 ρους,
330 3380 371 3464 τή
395 3377 472 3457 ἐξίει
498 3379 534 3444 ἐκ
557 3383 615 3462 τῆς
639 3376 757 3455 πάλιος
777 3373 796 3444 6
819 3371 982 3462 ποταμὸς,
1002 3388 1142 3461 προετπε
1166 3382 1219 3469 τῷ

212 3478 357 3565 στρατῷ,
380 3472 462 3542 ὅταν
477 3473 636 3563 διαβατὸν
651 3473 688 3543 τό
705 3478 849 3565 ῥέεθρον
864 3479 999 3545 ίδωνται
1014 3474 1219 3565 γενόμενον,
