2536 3934
346 238 439 297 LIB.
471 236 491 293 Ι.
524 236 620 295 ΟΑΡ.
653 245 795 304 82-86.
1036 241 1076 306 45

77 401 212 485 ενείκας,
238 403 281 488 τῇ
304 389 351 486 ἦν
377 399 539 483 ἐπίμαχον
567 390 617 481 [τό
636 399 760 482 χωρίον
775 401 834 484 τῆς
851 393 1074 487 ἀκροπόλιος],

73 494 276 583 κατηλόγησε
286 503 386 565 τοῦτο
406 492 451 574 ὡς
466 491 523 562 έάν
538 493 668 581 ἀμαχόν
684 499 790 565 τεκαὶ
804 494 990 588 ἀπότομον·
1006 505 1074 569 ἔστι

72 597 103 667 δὲ
115 594 202 685 πρὸς
215 604 279 666 τοῦ
299 596 442 684 Τμώλου
457 598 683 683 τετραμμένον
695 602 754 684 τῆς
767 598 893 678 πόλιος.
933 597 951 669 δ
968 592 1018 669 ών
1033 596 1073 686 δη

72 697 235 786 ’Τροιάδης
251 690 350 777 οὗτος
365 694 383 765 δ
400 696 542 784 Μάρδος
563 693 647 765 ίδών
666 702 707 787 τῇ
723 704 904 787 προτεραίῃ
917 705 985 767 τῶν
998 724 1073 767 τινα

72 801 191 864 Λυδῶν
214 794 299 864 κατὰ
321 802 419 865 τοῦτο
440 802 499 883 τῆς
515 792 717 887 ἀκροπόλιος
736 795 930 884 καταβάντα
946 798 999 865 έκί
1012 822 1075 865 κυ-

73 899 149 982 νέην
169 893 311 963 ἀνωθεν
331 900 638 963 κατακυλισθεῖσαν
657 897 713 962 καί
738 892 945 981 ἀνελόμενον
968 895 1075 981 έφρά-

72 1004 135 1079 σθη
153 994 211 1060 καί
228 995 261 1071 ές
274 988 391 1079 δυμδν
405 993 551 1081 ἐβάλετο.
584 992 661 1061 τότε
676 993 712 1062 δὲ
727 989 768 1080 δὴ
786 989 888 1073 αὐτός
903 1020 938 1063 τε
955 990 1075 1081 ἀνεβε-

72 1091 167 1179 βήκεε
184 1093 241 1158 καί
256 1087 324 1159 κατ’
341 1087 445 1159 αύτδν
459 1089 554 1161 ἀλλοι
568 1095 729 1180 Περσέων
742 1089 937 1182 ἀνέβαινον·
966 1111 1073 1179 προσ-

75 1192 204 1278 βάντων
228 1191 264 1259 δέ
285 1201 419 1279 συχνῶν
440 1191 529 1261 ούτοι
552 1189 593 1280 δὴ
614 1194 761 1281 Σάρδιές
778 1222 813 1262 τε
827 1190 1003 1283 ἡλώκεσαν
1016 1195 1073 1262 καί

74 1297 137 1357 πᾶν
159 1286 197 1360 τὸ
214 1288 300 1359 ἀστυ
320 1295 509 1377 ἐπορθέετο.
556 1289 635 1361 Κατ’
654 1289 759 1361 αύτδν
774 1294 811 1361 δὲ
828 1301 976 1380 Κροίσου
991 1290 1070 1361 τάδε
1082 1311 1116 1365 85

74 1391 209 1473 ἐγένετο.
241 1382 287 1476 ἦν
302 1395 337 1458 οί
346 1405 441 1477 παῖς,
456 1395 518 1458 τοῦ
532 1394 586 1460 καὶ
599 1390 768 1479 πρότερον
782 1391 1017 1480 ἐπεμνήσθην,
1030 1387 1072 1458 κά
1197 1396 1200 1401 “

73 1489 131 1566 μὲν
144 1484 231 1556 ἀλλα
245 1488 406 1577 ἐπιεικὴς,
428 1487 564 1575 ἀφωυος
585 1492 630 1558 δέ.
670 1490 707 1559 έν
720 1496 760 1578 τῇ
783 1482 832 1556 ών
853 1488 1073 1578 παρελθούσῃ

75 1582 202 1654 εὐεστοῖ
220 1582 240 1655 ὁ
256 1594 402 1675 Κροῖσος
415 1585 453 1657 τό
471 1594 540 1657 πᾶν
557 1590 590 1666 ές
607 1584 714 1656 αὐτόν
730 1588 923 1678 ἐπεποιήκεε
937 1587 1022 1658 ἀλλα
1035 1612 1071 1655 τε

76 1686 333 1776 ἐπιφραζόμενος
355 1691 410 1757 καί
431 1686 472 1775 δὴ
488 1691 544 1756 καί
561 1679 595 1766 ές
607 1686 767 1775 Δελφούς
781 1691 856 1777 περί
871 1687 977 1758 αὐτοῦ
994 1692 1072 1758 ἕπε-

77 1785 200 1875 κόμφεε
213 1790 448 1874 χρησομένους.
478 1785 500 1873 ἡ
519 1786 556 1855 δέ
568 1793 688 1873 Πυθίη
704 1792 739 1856 οί
753 1785 823 1855 είπε
839 1788 934 1856 τάδε·

109 1887 198 1955 Λυδὲ
209 1888 326 1973 γένος,
344 1892 479 1955 πολλῶν
494 1891 649 1974 βασιλεύ,
667 1889 751 1972 μέγα
766 1886 868 1974 νήπιε
883 1894 1017 1974 Κροῖσε,

111 1983 168 2072 Μὴ
183 1985 311 2074 βούλευ
327 1985 536 2054 πολύευκτον
549 1982 606 2071 ίην
619 1980 686 2053 ἀνά
701 1982 821 2071 δώματ’
838 1982 977 2054 ἀκούειν

112 2084 237 2165 Παιδδς
251 2090 499 2173 φθεγγομένου.
532 2083 569 2153 τὰ
585 2089 626 2154 δέ
638 2104 693 2152 σοι
710 2083 798 2152 πολύ
814 2085 917 2154 λώιον
930 2083 1033 2172 ἀμφίς

105 2182 277 2270 Ἐμμεναι·
307 2183 447 2274 αὐδήσει
461 2182 526 2273 γάρ
541 2187 578 2251 έν
594 2181 697 2270 ἤματι
711 2189 845 2270 πρῶτον
862 2180 1004 2276 ἀνόλβῳ.

79 2279 294 2370 ἁλισκομένου
313 2285 351 2351 δὲ
365 2290 426 2353 τοῦ
440 2290 578 2370 τείχεος,
602 2279 654 2369 ἤιε
674 2279 742 2369 γάρ
763 2289 832 2350 τών
851 2306 901 2363 τις
913 2284 1072 2370 Περσέων

79 2379 285 2468 ἀλλογνώσας
299 2390 446 2471 Κροίσου
463 2382 507 2464 ὡς
522 2380 749 2470 ἀποκτενέειν,
771 2391 916 2473 Κροῖσος
930 2390 992 2472 μέν
1005 2411 1071 2453 νυν

79 2475 179 2561 ὁρέων
198 2479 335 2550 ἐπιόντα
354 2479 421 2551 ὑπὸ
441 2488 500 2568 τῆς
521 2481 711 2567 παρεούσης
726 2489 901 2569 συμφορῆς
921 2507 1071 2571 παρημε-
1128 2550 1132 2559 ,

80 2578 185 2666 λη’κεε,
210 2577 293 2649 οὐδέ
309 2588 344 2649 τί
360 2586 395 2650 οί
413 2584 546 2668 διέφερε
566 2583 724 2666 πληγέντι
748 2575 951 2647 ἀποθανεῖν·
998 2579 1071 2649 ὁδε

80 2691 148 2755 ταῖς
163 2670 292 2757 οὗτοςδ
309 2677 445 2766 ἀφωνος
463 2677 508 2758 ὡς
522 2678 590 2747 εἶδε
604 2677 741 2747 ἐπιόντα
756 2675 817 2745 τόν
830 2679 982 2764 Πέρσην,
1003 2676 1069 2745 ὑπὸ

81 2777 170 2854 δέους
181 2802 217 2843 τε
231 2780 286 2845 καί
299 2784 407 2847 κακοῦ
421 2780 537 2866 ἔρρηξε
553 2776 692 2866 φανὴν,
710 2776 780 2846 εἷπε
794 2780 846 2845 δέ·
874 2775 1070 2863 Ὦνθρωπε,

80 2872 119 2962 μὴ
133 2892 239 2945 κτεῖνε
249 2885 405 2963 Κροῖσον.
434 2871 532 2959 οὗτος
546 2880 609 2968 μὲν
623 2877 664 2967 δὴ
680 2885 779 2947 τοῦτο
796 2883 930 2963 πρώτον
944 2880 1070 2965 έφδέγ-

81 2975 166 3060 ξατο,
180 2973 262 3060 μετά
278 2972 313 3044 δέ
327 2984 426 3046 τοῦτο
441 2974 506 3066 ἤδη
524 2978 653 3065 ἐφώνεε
668 2975 729 3046 τὸν
744 2977 855 3046 πάντα
870 2975 995 3063 χρόνον
1012 2984 1070 3066 τῆς

82 3071 156 3157 to'as.

156 3174 199 3240 Οί
221 3172 258 3241 δέ
277 3176 404 3261 Πέρσαι
424 3175 484 3253 τάς
503 3201 539 3242 τε
560 3171 600 3262 δὴ
623 3173 751 3263 Σάρδις
772 3178 869 3260 ἔσχον
889 3177 944 3244 καί
965 3172 1113 3245 αύτδν86

83 3271 218 3351 Κροῖσον
233 3271 441 3361 ἐζώγρησαν,
457 3272 603 3359 ἀρξαντα
618 3278 692 3341 ἔτεα
707 3278 1000 3361 τεσσερεσκαίδεκα
1015 3279 1072 3340 καί

84 3376 361 3457 τεσσερεσκαίδεκα
377 3369 503 3462 ἡμέρας
522 3375 808 3460 πολιορκηθέντα,
829 3370 914 3440 κατὰ
936 3370 973 3436 τδ
988 3392 1068 3450 χρη·
1102 3398 1105 3403 ·

86 3467 206 3555 ῠῐήριόν
227 3498 264 3540 τε
287 3472 545 3543 καταπαύσαντα
567 3468 630 3558 τὴν
646 3474 773 3538 ἑωυτοῦ
789 3466 939 3553 μεγάλην
954 3459 1070 3543 ἀρχήν.
