2622 3928
359 259 444 314 ΗΒ.
477 259 511 313 V.
546 257 644 316 ΟΑΡ.
675 265 824 333 90-92,
849 273 873 323 2.
1076 265 1118 328 43

113 411 226 482 αὐτῶν
239 416 380 483 Βοιωτοὶ
394 419 449 505 καλ
459 418 654 500 Χαλκιδέες,
669 419 751 504 τάχα
766 423 806 488 δι’
813 447 863 500 τις
877 425 932 492 καὶ
945 421 1045 505 ἄλλος
1061 427 1117 495 ἐκ·

112 514 297 602 μαθήσεται
312 512 481 601 ἁμαρτών.
503 516 577 584 ἐπεί
584 540 619 582 τε
630 517 667 583 δὲ
678 519 789 585 ἐκεῖνα
798 521 996 607 ποιήσαντες
1006 520 1116 610 ἡμάρ-

113 635 229 699 ταμεν,
246 620 311 680 νῦν
326 611 556 700 πειρησόμεθα
570 631 674 698 σφεας
686 612 754 701 ἅμα
765 612 847 702 ὑμῖν
858 615 1055 706 ἀπικόμενοι
1066 627 1116 688 τί·
1132 688 1134 691 ,

112 722 254 780 σασθαι·
276 710 382 782 αὐτοῦ
391 710 456 799 γάρ
467 712 590 780 τούτου
601 716 730 781 εἵνεκεν
740 715 839 784 τόνδε
849 742 885 784 τε
895 714 1116 805 [τδυ]Ἱτιπιήν

111 811 392 899 μετεπεμψάμεθα
412 814 467 881 καὶ
483 808 587 897 ὑμέας
600 808 668 879 άτιδ
686 819 755 880 τών
774 820 918 901 πολίων,
940 819 998 883 ἳνα
1011 823 1115 904 κοινῷ

109 934 146 978 τε
156 908 247 999 λόγῳ
257 911 312 977 καὶ
322 915 426 1000 κοινῷ
436 907 543 1000 στόλμ
556 911 776 996 ἐσαγαγόντες
787 908 891 980 αὐτόν
903 915 936 992 ἐς
945 909 1114 999 τὰςἎθή·

109 1035 173 1086 νας
186 1006 362 1095 άποδώμεν
376 1005 417 1077 τά
429 1011 485 1077 καὶ
499 1005 715 1097 ἀπειλόμεθα.
741 1015 786 1080 Ol
793 1011 856 1097 μὲν
870 1017 974 1079 ταῦτα
985 1016 1111 1097 ἔλεγον,
1127 1027 1162 1081 θλ

109 1115 177 1176 τῶν
192 1108 228 1176 δὲ
238 1108 421 1193 συμμάχων
431 1104 469 1174 τὸ
484 1114 615 1194 πλῆθος
630 1105 694 1177 οὐκ
705 1110 873 1177 ἐνεδέκετο
887 1106 967 1187 τούς
981 1107 1111 1195 λόγους.

109 1211 143 1275 οί
155 1208 218 1291 μέν
232 1231 299 1272 νυν
309 1203 405 1275 ἄλλοι
413 1202 556 1293 ἡσυχίην
565 1198 662 1293 ἦγον,
676 1213 861 1294 Κορίνθιος
873 1206 910 1274 δὲ
920 1209 1113 1290 Σώσικλέης

109 1308 197 1383 ἔλεξε
213 1303 308 1370 τάδε·
325 1297 369 1370 Ἠ
379 1302 420 1390 δὴ
434 1301 503 1371 ὅτε
519 1300 664 1391 οόραυδς
675 1311 764 1373 ἔσται
777 1310 896 1391 ἔνερθε
910 1310 969 1390 τῆς
981 1310 1043 1390 γῆς
1056 1305 1110 1369 καὶ
1125 1327 1140 1380 1

107 1401 128 1488 ἡ
145 1408 187 1489 γη
201 1406 363 1489 μετέωρος
378 1401 463 1489 ὑπὲρ
485 1408 547 1471 τοῦ
568 1400 718 1490 οὐρανοῦ
738 1404 794 1471 καλ
813 1407 847 1471 οἱ
858 1402 1036 1488 ἄνθρωποι
1053 1426 1113 1466 νο-

107 1497 174 1587 μόν
188 1503 226 1569 ἐν
239 1501 396 1589 θαλάσση
415 1503 528 1581 ἕξουσι
549 1503 604 1569 καλ
619 1506 653 1568 οἱ
664 1500 780 1586 ἰχθύες
793 1497 855 1567 τὸν
868 1498 1035 1587 πρότερον
1050 1496 1113 1565 άν-

106 1611 258 1688 θροιποι,
276 1597 331 1668 ὅτε
346 1626 385 1686 γε
399 1597 510 1687 ὑμεῖς,
525 1592 835 1685 ώΛακεδαιμόνιοι,
847 1603 1036 1683 ἰσοκρατίας
1050 1623 1112 1664 κα-

105 1699 285 1779 ταλόουτες
295 1703 496 1784 τυραννίδας
507 1700 540 1777 ἐς
551 1696 610 1777 τὰς
621 1699 718 1776 πόλις
728 1697 886 1783 κατάγειν
896 1693 1112 1780 παρασκευά-

106 1805 220 1886 ζεσθε,
235 1806 297 1867 τοῦ
312 1797 389 1867 οὔτε
406 1796 611 1884 ἀδικώτερον
621 1794 723 1865 οὐδέν
739 1799 806 1864 ἐστι
819 1791 891 1863 κατ’
905 1792 1111 1880 ἀνθρώπους

106 1894 185 1963 οὔτε
199 1895 477 1982 μιαιφονώτερον.
499 1900 529 1964 εί
540 1892 605 1982 γάρ
621 1891 662 1981 δὴ
677 1892 778 1964 τοῦτό
793 1918 832 1979 γε
847 1892 956 1960 δοκέει
968 1888 1050 1977 ὑμῖν
1064 1886 1111 1956 εί-

105 2019 163 2059 ναι
176 1990 321 2078 χρηστὸν
335 1991 420 2061 ώστε
428 1993 696 2079 τυραννεύεσθαι
709 1991 768 2071 τὰς
783 1991 895 2078 πόλις,
911 1986 1005 2058 αὐτοὶ
1017 1994 1111 2075 πρώ-

104 2117 156 2159 τοι
168 2091 340 2177 τύραννον
352 2094 637 2179 καταστησάμενοι
654 2089 745 2181 παρά
760 2097 855 2179 σφίσι
869 2085 999 2157 αὐτοῖσι
1019 2084 1109 2153 οὕτω

92 2191 160 2257 καὶ
173 2204 258 2258 τοῖσι
269 2187 399 2260 ἄλλοισι
410 2194 545 2277 δίζησθε
556 2192 766 2261 κατιστάναι·
781 2195 847 2258 νῦν
859 2187 896 2255 δὲ
907 2182 1002 2254 αότολ
1012 2180 1109 2251 άπει-

62 2316 66 2321 ·
106 2312 158 2369 ροι
173 2286 283 2367 ἐόντες
299 2288 480 2376 τυράννων
499 2290 555 2357 καὶ
569 2290 797 2375 φυλάσσοντες
818 2283 992 2355 δεινότατα
1008 2286 1107 2350 τοῦτο

104 2391 141 2454 ἐν
156 2393 196 2476 τῇ
209 2387 351 2478 Σπάρτῃ
368 2386 413 2476 μὴ
428 2390 588 2476 γενέσθαι
602 2393 819 2474 παραχρᾶσθε
833 2389 866 2465 ἐς
881 2382 961 2463 τοδς
974 2380 1108 2468 συμμά-

103 2510 198 2570 χους·
222 2491 252 2555 εἰ
265 2485 302 2555 δὲ
319 2485 414 2556 αὐτοὶ
428 2493 580 2575 ἔμπειροι
593 2491 683 2572 ἔατε,
703 2484 788 2554 κατά
803 2508 865 2572 περ
879 2480 990 2571 ἡμεῖς,
1007 2490 1106 2567 είχετε

102 2579 148 2651 ἂν
157 2585 234 2667 περὶ
244 2583 350 2653 αὐτοῦ
359 2587 495 2673 γνώμας
502 2583 681 2672 ἀμείνονας
690 2585 922 2672 συμβαλέσθαι
932 2579 1018 2670 ἥπερ
1030 2585 1104 2647 νῦν.

102 2685 317 2765 Κορινθίοισι
332 2680 396 2769 γὰρ
409 2675 454 2768 ἦν
467 2682 585 2761 πόλιος
596 2681 794 2760 κατάστασις
806 2679 933 2769 τοιήδε·
953 2672 997 2767 ἦν
1012 2677 1135 2762 δλιγη

102 2783 218 2865 αρχίη,
237 2780 293 2845 καλ
310 2770 404 2847 οὗτοι
420 2781 604 2867 Βακχιάδαι
621 2780 817 2868 καλεόμενοι
832 2787 954 2868 ἔνεμον
967 2775 1029 2866 τὴν
1042 2775 1106 2846 πό-

101 2883 175 2960 λιν,
203 2875 358 2944 ἐδίδοσαν
378 2879 415 2945 δὲ
436 2880 491 2946 καὶ
510 2876 633 2966 ἤγοντο
654 2881 686 2959 ἐξ
700 2875 871 2966 ἀλλήλοιν,
893 2877 1048 2965 Ἀμφίονι
1069 2877 1106 2944 δὲ

99 2973 191 3044 ἐόντι
204 2972 335 3042 τούτων
345 2981 414 3044 τών
424 2974 560 3065 άνδρών
569 2985 695 3065 γίνεται
708 2980 864 3067 θυγάτηρ
875 2978 982 3067 χωλή·
1002 2975 1106 3046 οὕνο-

9 3112 12 3141 ι
99 3100 146 3159 μα
160 3073 201 3141 δέ
208 3076 243 3140 οί
250 3064 295 3159 ἦν
304 3071 432 3162 Λάβδα.
447 3076 574 3165 ταότην
583 3081 796 3165 Βακχιαδέων
806 3076 871 3165 γάρ
883 3075 993 3156 οὐδεὶς
1003 3074 1105 3163 ἤθελε

99 3176 212 3257 γῆμαι,
224 3178 308 3256 ίσχει
318 3167 483 3245 Ἠετίωνδ
496 3173 720 3265 Ἐχεκράτεος,
735 3175 844 3266 δήμου
855 3179 918 3265 μὲν
928 3181 965 3247 ἐκ
976 3177 1105 3261 Πέτρης

99 3265 182 3353 ἐών,
198 3263 283 3357 άτάρ
295 3266 336 3339 τά
347 3267 518 3344 ἀνέκαθεν
527 3282 684 3363 Λαπίθης
695 3301 731 3345 τε
741 3280 797 3345 καλ
808 3279 997 3361 Καινείδης.
1021 3274 1057 3339 ἐκ
1068 3273 1108 3337 δέ

100 3367 133 3431 οί
147 3365 269 3454 ταύτης
288 3374 347 3455 τῆς
360 3370 523 3459 γυναικός
539 3370 613 3442 οὐδ’
631 3376 665 3456 ἐξ
686 3371 788 3466 άλλης
807 3377 922 3453 παῖδες
941 3374 1103 3462 ἐγίνοντο,
