2618 3928
216 238 276 301 128
592 242 842 297 ΗΕοοοοΤι
929 238 932 243 ·
992 321 996 328 ⁴

215 410 314 468 θοιεν
330 396 410 488 ἡμῖν
426 400 458 477 ές
473 399 598 486 μάχην,
615 400 761 485 μάθοιεν
782 394 843 485 δν,
859 398 904 478 ώς
922 407 1013 486 είμεν
1027 399 1224 489 ἀνθρώπων

217 500 346 586 ἄριστοι
360 497 400 567 τά
414 500 565 583 πολέμια.
589 504 672 566 ἔστω
682 496 713 564 δ’
729 492 778 581 ών
789 498 893 585 μηδὲν
904 495 1100 588 ἀπείρητον
1120 498 1223 567 αὐτό-

216 624 322 688 ματον
337 597 403 686 γάρ
424 594 541 683 οὐδὲν,
563 593 636 666 ἄλλ’
654 593 719 665 άπὸ
742 604 857 684 πείνης
878 599 987 669 πάντα
1009 597 1221 685 ἀνθρώποισι

218 703 325 786 φιλέει
337 703 502 784 γίνεσθαι.

172 816 204 867 10
303 796 501 883 Μαρδόνιος
513 797 574 883 μέν
584 796 915 882 τοσαῦταέπιλεήνας
926 793 1121 887 τὴνΞέρξεω
1131 798 1223 883 γνώ-

218 925 285 985 μην
299 899 481 982 ἐπέπαυτο,
505 894 710 965 σιωπώντων
728 897 764 962 δὲ
778 901 846 962 τῶν
866 892 978 963 άλλων
993 897 1153 983 Περσέων
1167 896 1223 963 καὶ

219 994 260 1065 ού
278 993 479 1081 τολμώντων
497 994 635 1081 γνώμην
656 991 923 1063 ἀποδείκνυσθαι
944 990 1062 1081 ἀντίην
1078 1000 1118 1083 τῇ
1138 1016 1222 1079 προ-

218 1097 371 1182 κειμένη,
383 1091 584 1181 Ἀρτάβανος
595 1089 820 1171 δὙστάσπεος
830 1092 964 1177 πάτρως
975 1090 1040 1161 ἐών
1050 1095 1166 1180 Ξέρξη,
1176 1095 1222 1181 τῷ

186 1217 201 1267 1
220 1194 259 1282 δὴ
276 1198 331 1263 καί
347 1200 487 1271 πίσυνος
502 1190 567 1260 ἐών
580 1196 672 1277 ἔλεγε
688 1191 783 1259 τάδε·
805 1185 845 1260 Ὦ
858 1198 1015 1278 βασιλεύ,
1030 1188 1074 1279 μη
1090 1199 1222 1277 λεχθει-

219 1295 306 1362 σέων
317 1287 869 1378 μένγνωμέωυάντιέωνάλλήλησι
880 1286 1222 1377 ούκέστιτηνᾶμείνω

219 1391 417 1477 αἱρεόμενον
431 1391 576 1473 ἑλέσθαι,
592 1385 677 1456 άλλδι
688 1390 755 1455 δέει
769 1394 808 1476 τῇ
824 1388 981 1477 εἰρημένη
995 1394 1151 1474 χρᾶσθαι,
1167 1393 1221 1453 λε-

219 1490 382 1577 χθεισέων
394 1489 430 1557 δέ
441 1494 521 1574 ἔστι,
534 1485 645 1572 ώσπερ
656 1483 717 1555 τόν
727 1484 855 1575 χρυσόν
865 1484 926 1556 τόν
940 1486 1108 1576 ἀκήρατον
1118 1483 1220 1555 αύτδι

219 1590 282 1676 μὲν
296 1586 347 1657 ἐπ’
371 1590 498 1656 ἑωυτοῦ
519 1586 560 1656 ού
583 1588 864 1675 διαγινώσκομεν,
887 1586 989 1659 ἐπεάν
1005 1589 1042 1658 δέ
1059 1595 1220 1677 παρατρί

219 1699 337 1771 ψωμεν
351 1683 441 1776 άλλφ
455 1692 578 1776 χρυσῷ,
594 1686 860 1774 διαγινώσκομεν
873 1686 934 1757 τόν
949 1687 1083 1777 άμείνω.
1107 1685 1170 1775 ἐγώ
1187 1688 1223 1755 δὲ

220 1786 275 1853 καὶ
289 1785 388 1868 πατρὶ
401 1789 448 1875 τῷ
463 1790 522 1875 σῷ,
538 1782 691 1877 ἀδελφεῷ
702 1786 739 1855 δέ
753 1789 831 1878 ἐμῷ,
847 1796 983 1879 Δαρείῳ
997 1787 1164 1876 ἠγόρευον
1178 1783 1223 1875 μὴ

221 1880 462 1966 στρατεύεσθαι
477 1883 528 1950 έπλ
544 1883 702 1971 Σκύθας,
727 1883 852 1973 ἄνδρας
871 1882 1039 1972 οὐδαμόθι
1058 1892 1120 1974 γῆς
1139 1884 1224 1954 άστυ

221 1984 396 2067 νέμοντας·
418 1977 486 2052 ὁδε
497 1984 636 2065 ἐλπίζων
646 1983 788 2065 Σκύθας
799 1984 877 2065 τούς
886 1985 1035 2074 νομάδας
1045 1990 1221 2073 καταστρέ-

224 2090 346 2160 ψεσθαι
357 2082 433 2167 ἐμοί
439 2107 474 2149 τε
485 2079 548 2150 ούκ
560 2085 721 2170 ἐπείθετο,
737 2082 1022 2173 στρατευσάμενός
1031 2110 1067 2153 τε
1078 2082 1224 2162 πολλούς

220 2182 275 2247 καί
289 2176 441 2266 ἀγαθούς
454 2187 512 2265 τῆς
528 2189 682 2269 στρατιῆς
698 2180 879 2272 ἀποβαλών
896 2180 1037 2271 ἀπῆλθε.
1066 2181 1110 2251 σύ
1126 2182 1180 2267 δέ,
1197 2174 1223 2249 a?

219 2285 375 2365 βασιλεύ,
400 2282 529 2364 μέλλεις
549 2278 601 2349 ἐπ’
623 2280 749 2368 άνδρας
770 2282 1012 2369 στρατεύεσθαι
1026 2278 1154 2351 πολλόν
1177 2286 1226 2348 ἔτι

221 2373 399 2461 ἀμείνονας
415 2371 437 2462 ἦ
452 2377 611 2464 Σκύθας,
634 2387 669 2448 οἳ
680 2378 763 2448 κατὰ
780 2379 960 2450 θάλασσάν
975 2405 1012 2448 τε
1026 2378 1226 2467 ἄριστοικαὶ

222 2470 305 2539 κατὰ
316 2480 381 2558 γῆν
394 2476 548 2559 λέγονται
560 2474 653 2545 εἶναι.
670 2476 708 2548 τδ
721 2480 757 2547 δὲ
768 2477 899 2551 αύτοίσι
910 2485 1018 2548 ἔνεστι
1029 2475 1153 2562 δεινόν,
1168 2477 1229 2563 ἐμέ

188 2584 204 2636 2
219 2588 274 2638 σοι
288 2572 420 2641 δίκαιόν
435 2576 503 2642 ἐστι
521 2577 667 2664 φράζειν.
690 2579 816 2659 Ζεύξας
833 2575 899 2668 φῂς
909 2575 971 2646 τδν
978 2574 1226 2664 Ἑλλήσποντον

222 2670 302 2737 ἐλᾶν
317 2669 460 2759 στρατόν
476 2671 532 2742 διά
551 2683 609 2761 της
623 2672 791 2765 Εὐρώπης
812 2679 845 2756 ἐς
859 2673 922 2763 τὴν
932 2673 1082 2745 Ἑλλάδα.
1111 2673 1167 2742 καὶ
1184 2667 1226 2759 δὴ

222 2769 400 2857 συνήνεικε
420 2769 492 2860 ἤτοι
513 2772 596 2842 κατά
614 2781 678 2863 γῆν
693 2770 716 2862 η’
731 2773 816 2843 κατὰ
830 2774 1008 2844 θάλασσαν
1022 2775 1227 2857 ἑσσωθῆναι,

220 2863 243 2952 ἦ
257 2867 398 2936 πώποτ’
414 2867 601 2959 ἀμφότερα·
624 2878 658 2941 οί
669 2871 734 2960 γάρ
753 2872 873 2961 ἄνδρες
887 2872 1042 2959 λέγονται
1059 2867 1144 2936 εἶναι
1164 2865 1227 2936 άλ

221 2990 323 3050 κιμοι,
338 2965 477 3054 πάρεστι
489 2969 526 3036 δὲ
540 2970 595 3038 καλ
609 2972 884 3058 σταθμώσασθαι,
902 2975 932 3039 εί
944 2968 1102 3056 στρατιήν
1115 2992 1154 3054 γε
1167 2991 1225 3033 το-

222 3061 350 3148 σαύτην
368 3062 433 3131 σύν
446 3065 533 3133 Δάτι
551 3070 606 3137 καί
619 3066 834 3157 Ἀρταφέρνεσ
848 3071 1017 3138 ἐλθοῦσαν
1032 3070 1065 3147 ές
1079 3062 1141 3153 τὴν
1152 3062 1224 3132 Ἀτ-

220 3160 317 3249 τικὴν
332 3163 445 3249 χώρην
458 3171 579 3251 μοῦνοι
592 3164 764 3256 Ἀθηναῖοι
780 3174 988 3256 διέφθειραν.
1017 3164 1080 3235 ούκ
1096 3157 1145 3233 ών
1160 3161 1227 3250 άμ-

223 3262 348 3347 φοτέρη
364 3279 425 3345 σφι
439 3261 600 3352 ἐχώρησε,
623 3264 698 3336 ἄλλ’
720 3263 764 3354 ἢν
780 3275 853 3357 τῇσι
871 3268 970 3353 νηυσὶ
987 3264 1155 3352 ἐμβάλωσι
1169 3261 1227 3331 καὶ

222 3358 418 3441 νικήσαντες
434 3370 601 3452 ναυμαχίη
622 3366 757 3435 πλώωσι
778 3364 889 3445 έςτδν
904 3363 1150 3454 Ἑλλήσποντον
1170 3362 1227 3430 καὶ

224 3461 353 3522 ἔπειτεν
363 3459 489 3557 λύσωσι
500 3458 563 3549 τὴν
572 3467 737 3551 γέφυραν,
752 3472 850 3535 τούτο
866 3461 917 3552 δὴ,
932 3472 1082 3551 βασιλεύ,
1098 3471 1227 3552 γίνεται
