2566 3934
341 220 425 278 LIB.
458 221 489 278 IL
525 220 624 280 cAP.
663 230 838 286 108-112.
1018 223 1078 289 169

100 379 248 467 ἔμπροσθε
266 386 336 450 τοῖν
360 382 491 449 ἐκείνου
511 376 739 469 ἀναθημάτων
759 381 803 472 μῆ
820 382 882 454 οῦκ
908 383 1078 476 ὑπερβαλ-

99 472 221 562 λόμενον
233 492 319 548 τοῖσι
338 483 474 568 ἔργοισι
519 490 668 568 Δαρείου
682 483 745 568 μέν
763 508 830 551 νυν
843 484 977 571 λέγουσι
991 482 1075 573 πρός

98 580 182 645 ταῦτα
195 578 397 668 συγγνώμην
410 576 626 668 ποιήσασθαι.

163 676 370 767 Σεσώστριος
397 679 433 747 δέ
457 677 714 765 τελευτήσαντος
739 677 935 759 ἐκδέξασθαι
960 684 1075 767 ἔλεγον
1088 691 1133 745 111

92 775 144 866 τήν
156 786 330 868 βασιληίην
343 775 403 848 τὸν
418 782 521 847 παῖδα
535 774 641 846 αῦτοῦ
655 773 816 864 Φερδν,
838 774 899 845 τόν
913 773 1074 859 ἀποδέξα-

92 886 161 944 σθαι
173 877 232 963 μέν
246 874 408 964 οῦδεμίαν
422 881 618 962 στρατηίην,
641 879 899 962 συνενειχθῆναι
913 877 955 944 δέ
969 880 1004 946 οί
1014 902 1074 944 τυ-

89 973 165 1061 γλόν
176 977 334 1064 γενέσθαι
349 972 403 1045 διά
424 974 555 1044 τοιόνδε
575 981 728 1061 πρῆγμα·
755 981 816 1042 τοῦ
830 983 982 1065 ποταμοῦ
995 1003 1074 1047 κατ-

72 1075 233 1155 ελθόντος
253 1076 390 1163 μέγιστα
411 1072 540 1163 δήιότε
561 1070 614 1142 ἐπ’
631 1071 856 1145 ὀκτωκαίδεκα
870 1077 1007 1167 πήχεας,
1030 1075 1074 1158 ἀς

89 1170 257 1264 ὑπερέβαλε
272 1171 332 1253 τὰς
351 1171 515 1263 ἀρούρας,
537 1172 726 1260 πνεύματος
749 1172 949 1260 ἐμπεσόντος
965 1204 1074 1265 κυμα-

86 1280 145 1360 τίης
158 1271 175 1343 ό
190 1271 338 1362 ποταμός
352 1275 490 1361 ἐγένετο.
520 1269 580 1341 τόν
601 1272 637 1340 δὲ
653 1275 790 1361 βασιλέα
804 1274 938 1360 λέγουσι
954 1283 1074 1344 τοῦτον
1146 1298 1151 1311 ’

85 1368 258 1464 ἀιασθαλίη
273 1371 486 1460 χρησάμενον
498 1370 645 1459 λαβόντα
657 1366 778 1457 αίχμῆν
798 1376 913 1457 βαλείν
931 1368 1074 1458 έςμέσας

84 1468 133 1550 τός
146 1476 237 1552 δίνας
249 1478 314 1541 τοῦ
327 1476 496 1556 ποταμοῦ,
517 1466 598 1555 μετὰ
621 1469 657 1536 δὲ
672 1464 791 1537 αὐτίκα
805 1467 955 1555 καμόντα
969 1466 1074 1538 αὐτόν

82 1566 150 1650 τοῦς
169 1566 372 1658 ὀφθαλμοὺς
391 1573 622 1654 τυφλωθῆναι.
654 1567 733 1633 δέκα
749 1565 811 1652 μέν
833 1565 873 1654 δή
896 1573 969 1637 έτεα
990 1565 1077 1636 είναί

63 1686 131 1751 μιν
148 1667 299 1757 τυφλόν,
326 1665 491 1757 ἑνδεκάτῳ
515 1664 552 1733 δέ
573 1669 639 1733 έτελ
659 1661 840 1734 ἀπικέσθαι
860 1669 894 1734 οί
911 1665 1072 1755 μαντήιον

81 1767 111 1833 έκ
122 1773 271 1846 Βουτοῦς
287 1765 418 1851 πόλιος,
444 1760 489 1842 ὥς
503 1762 610 1851 ἐξήκει
623 1766 662 1830 τέ
673 1766 707 1831 οί
720 1758 739 1830 ὁ
752 1762 874 1851 χρόνος
888 1773 945 1853 τῆς
960 1773 1074 1855 ζημίης

82 1864 126 1932 καὶ
143 1862 328 1954 ἀναβλέψει
346 1859 509 1949 γυναικός
531 1858 622 1952 οῦρηι
643 1856 828 1947 νιψόμενος
840 1861 920 1944 τοῦς
938 1862 1073 1951 ὀφθαλ-

80 1963 166 2055 μοῦς,
187 1966 263 2055 ήτις
285 1961 375 2052 παρὰ
395 1960 456 2032 τὸν
477 1965 601 2049 ἑωυτῆς
615 1956 723 2049 ἀνδρα
737 1969 867 2048 μοῦνον
882 1972 1073 2052 πεφοίτηκε,

80 2062 177 2135 ἄλλων
190 2064 332 2153 ἀνδρῶν
346 2065 447 2132 ἐοῦσα
461 2060 608 2151 ἀπειρος.
632 2062 688 2130 καλ
697 2057 759 2129 τόν
773 2061 905 2150 πραότης
918 2069 975 2150 τῆς
988 2064 1073 2131 έωυ-

77 2172 128 2234 τοῦ
144 2160 312 2254 γυναικὸς
330 2169 528 2250 πειρᾶσθαι,
553 2159 635 2249 μετὰ
663 2161 717 2246 δὲ,
745 2156 789 2239 ὡς
813 2157 876 2229 οῦκ
901 2158 1072 2249 ἀνέβλεπε,

78 2265 179 2353 ἐπεξῆς
192 2262 334 2333 πασέων
349 2267 546 2349 πειρᾶσθαι·
569 2256 803 2347 ἀναβλέψαντα
819 2260 855 2329 δέ
870 2273 1072 2349 συναγαγεῖν

75 2358 124 2443 κάς
135 2376 313 2452 γυναῖκας,
327 2366 395 2428 τῶν
406 2357 579 2446 ἐπειρήθη,
595 2355 685 2445 πλήν
698 2353 720 2446 ή
731 2365 789 2447 τῆς
805 2366 851 2452 τῷ
866 2358 957 2453 οῦρηι
971 2360 1073 2444 νιψά-

75 2484 162 2545 μενος
176 2458 362 2550 ἀνέβλεψε,
379 2459 412 2538 ές
425 2463 506 2545 μίαν
515 2456 633 2544 πόλιν,
649 2453 673 2544 ή
686 2462 752 2525 νῦν
764 2459 914 2529 καλέεται
925 2457 1071 2549 Ἐρυθρῆ

74 2566 186 2650 βόλος,
208 2562 245 2641 ές
265 2556 394 2645 ταύτην
417 2561 644 2625 συναλίσαντα
665 2552 857 2647 ὑποπρῆσαι
876 2558 984 2638 πάσας
1005 2556 1071 2627 σῦν

74 2655 147 2747 αῦτῆ
166 2666 209 2749 τῆ
232 2655 325 2727 πόλι.
359 2662 416 2741 τῆς
444 2653 480 2722 δέ
505 2651 690 2739 νιψόμενος
713 2659 760 2745 τῷ
783 2652 875 2743 οῦρηο
898 2653 1071 2745 ἀνέβλεψε,

71 2757 186 2845 ταύτην
208 2757 249 2825 δὲ
277 2750 342 2839 εἶχε
363 2748 464 2832 αῦιός
482 2763 636 2838 γυναῖκα.
667 2747 732 2819 ἀνα
771 2749 867 2837 ’ματα
883 2753 919 2821 δέ
937 2751 1071 2843 ἀποφυ-

70 2852 132 2942 γάν
154 2854 219 2946 τῆν
245 2851 366 2940 πάθην
389 2858 458 2920 τῶν
482 2849 671 2939 ὀφθαλμῶν
695 2848 779 2919 ἀλα
803 2876 839 2918 τε
858 2848 923 2920 ἀντὶ
947 2850 987 2922 τά
1014 2850 1070 2944 ίρά

68 2954 169 3024 πόντοι
191 2951 235 3022 τὰ
259 2950 385 3038 λόγιμα
404 2948 569 3037 ἀνέθηκε,
590 2950 646 3016 καὶ
667 2955 729 3017 τοῦ
750 2975 790 3036 γε
814 2949 917 3038 λόγον
931 2951 1072 3039 μάλιστα

68 3049 157 3135 ἀξιόν
171 3055 244 3123 ἐστι
264 3055 369 3138 ἔχειν,
392 3051 426 3130 ές
438 3055 500 3118 τοῦ
515 3045 632 3117 Ἡλίου
653 3044 690 3115 τό
706 3043 781 3136 ίρόν
795 3047 979 3139 ἀξιοθήητα
994 3048 1073 3119 ἀνέ-

66 3162 145 3241 θηκε
161 3160 267 3241 ἔργα,
289 3147 431 3239 όβελοῦς
442 3149 505 3218 δάο
516 3155 688 3234 λιθίνους,
710 3151 744 3230 ἐξ
755 3147 829 3231 ένὸς
845 3151 943 3221 έόντα
958 3150 1071 3221 ἑκάτε-

66 3277 123 3341 ρον
140 3259 268 3335 λίθου,
290 3255 396 3338 μῆκος
412 3250 474 3337 μὲν
491 3247 651 3337 έκάτερον
666 3250 797 3336 πηχέων
815 3248 950 3336 ἑκατὸν,
973 3240 1072 3334 εὖρος

66 3353 97 3424 δέ
109 3348 197 3424 όκτοῦ
213 3350 361 3436 πηχέων.

144 3447 284 3522 Τοῦτον
301 3447 340 3517 δὲ
355 3447 551 3529 ἐκδέξασθαι
565 3441 627 3535 τῆν
640 3451 817 3534 βασιληίην
831 3449 947 3529 έλεγον
961 3438 1068 3532 ἀνδρα
1085 3458 1134 3519 ιικ
