2626 3932
210 192 252 303 48
588 238 842 297 HERODOTI

210 402 353 489 αίρέετο,
375 396 538 486 ἀνεχώρεε
558 400 594 465 δὲ
611 394 716 465 ὀπίσω
732 401 766 476 ές
779 403 933 482 Σίγειον,
956 394 993 464 τδ
1017 394 1083 466 εἷλε
1097 405 1219 466 Πεισί-

211 518 348 586 στρατος
363 503 461 586 αίχμή
481 494 572 582 παρά
590 502 850 582 Μυτιληναίων,
875 497 1042 584 κρατήσας
1058 498 1095 567 δὲ
1110 496 1224 568 αὐτοῦ

183 622 190 639 ·
210 598 388 684 κατέστησε
397 597 569 685 τύραννον
580 593 665 663 εἶναι
676 599 778 664 παῖδα
788 593 984 665 τδνὲωντού
994 598 1104 667 νύδον
1112 596 1235 685 Ἡγη--

211 702 404 783 σίστρατου,
418 694 581 782 γεγονότα
598 697 631 774 έξ
643 691 790 780 Ἀργείης
806 692 985 784 γυναικὸς,
1000 693 1036 776 δς
1051 695 1113 765 ούκ
1129 696 1221 784 ἀμα-

210 795 282 880 χητὶ
305 792 368 879 εἶχε
388 791 428 860 τά
447 794 615 881 παρέλαβε
635 789 725 878 παρὰ
747 794 999 881 Πεισιστράτου.
1036 799 1221 883 ἐπολέμεον

209 890 275 978 γάρ
287 898 324 960 ἔκ
334 916 370 958 τε
380 888 566 977 Ἀχιλληίου
577 890 693 970 πόλιος
705 887 906 976 ὁρμεύμενοι
923 894 1123 979 καὶΣνγείου
1134 895 1219 982 χρό-

210 1018 273 1059 νον
294 992 347 1060 έπδ
368 988 496 1076 συχνὸν
510 998 740 1078 Μυτιληναῖοί
756 1017 792 1059 τε
814 994 870 1060 καὶ
887 989 1076 1081 Ἀθηναῖοι,
1102 1000 1136 1062 οί
1154 997 1221 1081 μὲν
1298 1042 1299 1091 }

210 1091 422 1172 ἀπαιτέοντες
436 1088 498 1178 τήν
511 1092 641 1179 χώρην,
657 1089 829 1179 Ἀθηναῖοι
844 1095 880 1162 δὲ
895 1092 972 1163 οὔτε
983 1098 1219 1181 συγγινωσκύ-
1298 1174 1299 1177 ¹

210 1215 323 1276 μενοι,
347 1187 609 1269 ἀποδεικνύντες
624 1215 661 1257 τε
681 1189 770 1282 λόγῳ
792 1188 893 1260 οὐδὲν
913 1199 1041 1278 μᾶλλον
1055 1198 1219 1262 Αἰολεῦσι
1298 1216 1299 1223 “

103 1347 107 1352 .
210 1285 329 1376 μετεὸν
343 1293 401 1375 τῆς
412 1285 549 1367 Ἰλιάδος
569 1289 679 1377 χώρης
694 1285 716 1376 ή
734 1287 775 1358 ού
795 1292 850 1358 καὶ
870 1296 964 1377 σφίσι
980 1295 1036 1360 καὶ
1051 1305 1137 1360 τολσι
1154 1289 1219 1359 ἀλ·
1298 1334 1299 1381 ι

209 1397 308 1473 λοισι,
323 1383 397 1456 ὅσοι
406 1385 576 1475 Ἑλλήνων
587 1389 837 1474 συνεπρήξαντο
845 1393 1005 1481 Μενέλεῳ
1015 1388 1074 1469 τάς
1082 1388 1218 1478 Ἑλένης

162 1504 196 1559 95
211 1482 372 1573 ἁρπαγάς.
396 1485 638 1571 Πολεμεόντων
654 1489 693 1555 δέ
703 1505 818 1573 σφεων
829 1502 971 1562 παντοία
981 1492 1036 1557 καὶ
1047 1488 1132 1559 ἀλλα
1143 1492 1219 1575 έγέ·
1298 1486 1299 1535 ἦ

209 1608 284 1650 νετο
297 1585 334 1649 ἐν
344 1589 419 1670 τήσι
429 1583 563 1671 μάχηαι,
575 1585 613 1650 έν
623 1584 660 1651 δέ
671 1580 711 1669 δή
724 1586 779 1652 κοδ
789 1581 938 1664 Ἀλκαῖος
949 1584 967 1655 ὁ
980 1586 1117 1674 ποιητής
1128 1608 1218 1675 σνμ·

210 1688 310 1772 βολῆς
335 1681 516 1769 γενομένης
539 1684 595 1750 καὶ
618 1681 794 1751 νικώντων
815 1680 1005 1772 Ἀθηναίων
1028 1683 1128 1765 αύτὸς
1152 1688 1217 1772 μὲν

210 1780 349 1869 φεύγων
363 1780 536 1867 ἐκφεύγει,
553 1779 593 1849 τά
610 1784 650 1851 δέ
662 1787 696 1850 οί
708 1779 795 1850 ὅπλα
810 1792 940 1870 ἴσχουσι
951 1781 1140 1871 Ἀθηναῖοι,
1158 1791 1220 1853 καί

210 1901 296 1968 σφεα
308 1878 539 1966 ἀνεκρέμασαν
550 1879 635 1968 πρδς
645 1879 682 1949 τδ
696 1879 878 1969 Ἀθήναιον
888 1881 925 1950 τύ
936 1886 976 1953 έν
982 1890 1115 1975 Σιγείῳ.
1131 1890 1217 1951 ταῦ·
1298 1970 1299 1979 ¹

209 2007 249 2049 τα
267 1981 303 2048 δὲ
320 1978 469 2059 Ἀλκαῖος
484 1983 521 2048 έν
534 1986 628 2067 μέλεϊ
641 1983 781 2069 ποιήσας
797 1985 942 2051 ἐπιτιθεῖ
952 1986 985 2062 ές
1000 1985 1215 2071 Μυτιλήνην,

209 2077 487 2166 ἐξαγγελλόμενος
497 2076 534 2148 τδ
542 2081 932 2159 ἑωυτούπάθοςΜελαν
930 2106 1006 2150 ππω
1018 2079 1117 2168 ἀνδρὶ
1127 2084 1216 2151 έταί-
1298 2160 1299 2189 η

210 2204 266 2267 ρω.
305 2178 612 2264 Μυτιληναίουςδδ
627 2180 683 2246 καὶ
700 2175 900 2265 Ἀθηναίους
917 2151 1097 2268 κατήλλαξε
1111 2187 1216 2267 Περί·
1298 2198 1299 2279 η

209 2276 363 2366 ανδρος’
349 2306 367 2347 ο
385 2283 562 2361 Κυψέλου
589 2282 697 2371 τούτῳ
717 2280 782 2369 γάρ
801 2288 950 2372 διαιτητή
970 2284 1217 2374 ἐπετράποντο
1298 2288 1299 2387 ff

208 2376 389 2464 κατήλλαξε
404 2379 441 2446 δέ
457 2370 522 2446 άδε
530 2350 717 2465 ,νέμεσδαι
731 2380 958 2469 ἑκατέρους
921 2408 984 2469 την
997 2389 1117 2470 έχουσι.
1151 2391 1218 2451 Σί-
1298 2396 1299 2459 λ

161 2498 195 2553 96
210 2502 303 2561 γειον
318 2478 380 2561 μέν
395 2502 461 2544 νυν
473 2475 565 2545 ούτω
580 2476 742 2563 ἐγένετοο
725 2504 772 2547 υπ
776 2477 1016 2567 ’Ἀθηναίοισι
1038 2478 1163 2566 Ἱππίης
1178 2483 1218 2550 δὲ

208 2581 281 2648 έπεί
292 2603 328 2646 τε
343 2574 479 2646 ἀπίκετο
495 2581 586 2647 έκ
546 2605 604 2665 της
614 2585 865 2667 Λακεδαίμονος
877 2577 959 2660 ές
923 2607 985 2667 την
999 2579 1127 2667 Ἀσίην,
1146 2587 1218 2648 πᾶν

207 2682 316 2764 χρῆμα
332 2677 453 2763 ἐκίνεε,
476 2677 668 2765 διαβάλλων
687 2705 723 2746 τε
743 2675 823 2758 τούς
835 2676 1037 2765 Ἀθηναίους
1056 2676 1140 2767 πρδς
1155 2673 1218 2745 τὸν

203 2775 428 2898 Ἀρταφέρνεα
444 2779 499 2843 καί
520 2775 687 2844 ποιέων
664 2800 813 2864 απαντα,
832 2775 924 2856 ὅπως
944 2782 982 2846 αί
996 2775 1136 2866 Ἀθῆναι
1157 2801 1218 2862 γε-

208 2872 358 2944 νοίατο“
341 2898 390 2941 υπ
394 2872 540 2943 ’έοουτω
556 2901 592 2942 τε
611 2877 667 2944 καὶ
683 2882 826 2968 Δαρείφ.
856 2873 983 2963 Ἱππίης
1002 2902 1038 2944 τε
1054 2873 1095 2963 δή
1111 2880 1217 2943 ταῦτα

208 2983 368 3063 ἔπρησσε,
382 2976 485 3043 καλοί
470 2970 664 3062 ίἈθηνατοι
675 2977 867 3064 πυθόμενοι
881 2983 986 3045 ταῦτα
1002 2978 1169 3064 πέμπουσι
1182 2976 1217 3054 ἐς

207 3075 335 3161 Σάρδις
356 3069 533 3159 ἀγγέλους,
559 3070 622 3142 ούκ
644 3077 763 3156 ἐῶντες
784 3074 863 3155 τούς
882 3077 1014 3163 Πέρσας
1033 3078 1217 3142 πείθεσθαι

204 3171 395 3261 Ἀθηναίων
405 3176 490 3240 τοῖσι
498 3173 643 3259 φυγάσι·
655 3171 673 3243 ὁ
683 3175 719 3243 δὲ
729 3174 954 3263 Ἀρταφέρνης
961 3174 1096 3242 έκέλενέ
1098 3190 1217 3258 σφεας,

209 3276 239 3338 εί
254 3275 429 3358 βουλοίατο
453 3275 535 3337 σάοι
557 3269 658 3359 εἶναι,
687 3275 930 3342 καταδέκεσθαι
952 3268 1059 3340 ὀπίσω
1072 3268 1216 3356 Ἱππίην.

209 3363 271 3433 ούκ
287 3359 336 3435 ἀν
346 3363 387 3452 δή
401 3368 591 3436 ἐνεδέκοντο
603 3367 682 3450 τούς
693 3370 816 3458 λόγους
825 3369 1103 3457 ἀποφερομένους
1112 3366 1218 3455 Ἀθη·
1298 3454 1299 3457 ¹
