2606 3930
212 257 274 338 ³70
588 262 837 332 νεαοοοει

212 433 273 506 τδν
282 433 431 522 πόλεμον
446 438 626 523 στρουθῶν
639 436 830 519 καταγαίων
841 428 943 521 δοράς
954 433 1115 521 φορέουσι
1128 454 1217 519 προ-

212 533 371 624 βλήματα.
396 531 451 603 διδ
469 535 506 602 δὲ
522 530 635 602 αὐτῶν
652 538 767 614 Κίνναι
781 527 929 618 ποταμός
948 531 1035 622 δέων
1051 532 1088 601 έκ
1102 529 1215 619 λόφου

212 636 421 721 καλεομένου
436 637 591 721 Χαρίτων
613 633 646 711 ἐς
666 630 844 700 θάλασσαν
859 631 992 700 έκδιδοί.
1021 626 1039 699 δ
1057 630 1094 701 δέ
1107 627 1214 716 λόφος

212 721 311 811 οὗτος
324 727 343 800 6
360 735 515 819 Χαρίτων
530 726 635 810 δασύς
649 733 741 820 ίδησί
754 731 823 799 ἐστι
838 729 958 817 ἐούσης
970 736 1028 818 τῆς
1042 726 1144 817 ἄλλης
1156 735 1214 815 τῆς

212 835 536 918 προκαταλεχθείσης
554 829 682 918 Λιβύης
702 835 817 919 ψιλῆς,
840 825 906 898 άπό
929 829 1103 918 θαλάσσης
1122 825 1159 896 δλ
1181 828 1216 906 ἐς

148 942 196 999 176
212 925 317 996 αὐτόν
331 927 462 997 στάδιοι
478 926 643 1017 διηκόσιοί
656 932 728 997 εἰσι.
772 929 923 996 Μακέων
943 926 980 997 δδ
994 926 1125 997 τούτων
1139 924 1215 1012 ἐχό-

212 1056 309 1118 μενοι
332 1031 537 1109 Γινδᾶυίς
562 1035 642 1115 είσι,
670 1034 738 1097 τάν
764 1031 801 1099 αί
822 1041 980 1116 γυναῖκες
1006 1027 1215 1116 περισφύρια

212 1126 388 1218 δερμάτων
403 1124 509 1196 πολλοὶ
522 1127 642 1215 ἑκάστη
655 1129 770 1217 φορέει
787 1123 870 1197 κατὰ
885 1126 1020 1197 τοιόνδέ
1027 1153 1078 1214 τι,
1099 1121 1144 1204 ὥς
1157 1125 1215 1195 λέ-

211 1251 320 1316 γεται·
343 1222 419 1313 κατ’ι
434 1223 543 1315 ἄνδρα
554 1228 696 1296 ἕκαστον
706 1229 868 1315 μιχθέντα
879 1224 1104 1316 περισφύριον
1117 1249 1215 1311 περι-

212 1325 336 1395 δέεται·
356 1321 427 1414 ἥδ’
442 1320 488 1395 άν
499 1335 635 1397 πλείστα
646 1330 719 1416 ἔχη,
735 1323 819 1413 αύτη
830 1322 946 1415 άρίστη
958 1327 1111 1395 δέδοκται
1128 1322 1215 1395 είυαι

148 1445 196 1506 177
212 1423 257 1507 ὡς
277 1422 344 1495 ύπδ
360 1433 525 1497 πλείστων
548 1424 684 1516 ἀνδρῶν
701 1434 891 1514 φιληθεῖσα.
931 1422 1108 1514 ’Λκτὴνδδ
1127 1449 1215 1514 προ-
1286 1440 1287 1443 ’

214 1527 356 1611 έχουσαυ
371 1526 404 1605 ἐς
417 1523 478 1595 τόν
492 1525 618 1597 πόντον
637 1525 767 1594 τούτων
780 1531 849 1593 τῶν
862 1523 1041 1594 Γινδάνων
1055 1524 1213 1612 νέμονται

213 1624 478 1713 Λωτοφάγοι,
500 1632 536 1695 ολ
552 1622 612 1694 τόν
633 1620 765 1714 καρπόν
780 1630 911 1712 μοῦνον
924 1630 985 1694 τοῦ
1000 1630 1110 1693 λωτοῦ
1124 1623 1214 1713 τρά-

92 1754 94 1757 ·
213 1744 329 1809 γουτες
352 1722 489 1814 ζάουσι·
510 1720 529 1793 ό
554 1722 590 1793 δέ
615 1729 676 1792 τοῦ
696 1728 806 1793 λωτοῦ
828 1721 957 1812 καρπός
977 1724 1045 1792 ἐστι
1064 1724 1214 1811 μέγαθος

211 1817 295 1890 ὅσον
321 1845 358 1889 τε
381 1828 440 1910 τῆς
466 1828 600 1910 σχίνου,
632 1821 825 1911 γλυκύτητα
849 1821 886 1890 δὲ
906 1827 968 1891 τοῦ
990 1829 1142 1910 φοίνικος
1164 1826 1211 1911 τῷ

211 1944 329 2015 καρπφ
314 1927 547 2010 προσίκελος.
570 1927 744 1991 ποιεῦνται
759 1922 796 1992 δδ
810 1922 847 1991 έκ
866 1946 929 1990 του
941 1945 1072 2009 καρπον
1087 1918 1211 1990 τούτου
1288 1964 1289 2003 ,

147 2037 197 2097 178
211 2023 246 2092 οί
257 2019 459 2109 Λωτοφάγοι
476 2023 532 2092 καί
547 2019 650 2092 οἶνον.
694 2020 914 2141 Λωτοφάγων
932 2018 970 2089 δέ
983 2016 1020 2089 τό
1038 2016 1160 2139 παρὰ
1142 2016 1211 2086 θά-
1288 2012 1289 2023 ’

210 2130 339 2192 λασσαυ
367 2125 497 2208 ἔχονται
522 2121 734 2209 Μάχλυες,
764 2126 810 2213 τῷ
831 2125 925 2212 λωτω
946 2120 1009 2205 μὲν
1038 2120 1094 2187 καὶ
1117 2106 1211 2186 οὗτοι

209 2216 429 2343 χρεόμενοι,’
410 2218 493 2309 ατόιρ
506 2218 608 2290 έσσόυ
617 2243 656 2307 γε
665 2224 734 2289 τόν
745 2217 911 2309 πρότερον
921 2219 1118 2306 λεχθέντων.
1131 2241 1211 2286 κοτ-

209 2320 332 2409 ήκουσι
346 2317 384 2385 δέ
400 2317 452 2386 ἐπὶ
439 2314 617 2438 ποταμόν
629 2317 752 2404 μέγαν,
774 2342 820 2411 τφ
805 2315 965 2404 ούνομα
982 2320 1112 2404 Τρίτων
1126 2317 1209 2385 έστί·

212 2418 338 2485 έκδιδολ
357 2405 454 2484 δέ’
411 2439 510 2494 ουτος
530 2416 563 2494 ἐς
583 2420 706 2503 λίμνην
721 2385 871 2504 μεγάλην
891 2420 1093 2502 Τριτωνίδα·
1121 2417 1158 2485 έν
1178 2414 1214 2484 δέ

211 2508 296 2602 αὐτῇ
309 2516 411 2599 νῆσος
424 2515 492 2598 έυι,
513 2537 553 2603 τη
570 2508 701 2598 οὕνομα
714 2512 797 2582 Φλά.
827 2515 953 2603 ταύτην
971 2513 1007 2585 δδ
1026 2510 1090 2603 την
1105 2517 1210 2603 νῆσον

211 2614 508 2700 Λακεδαιμονίοισί
518 2628 601 2700 φασι
616 2611 734 2699 λόγιον
748 2609 834 2683 εἶναι
848 2620 965 2685 κτίσαι.

146 2730 194 2789 ι79
283 2708 376 2783 Ἐστι
390 2711 427 2782 δέ
443 2713 498 2782 καὶ
514 2709 573 2782 ὅδε
589 2710 689 2800 λόγος
705 2711 927 2804 λεγόμενος,’
921 2715 1063 2806 Ιησουα,
1101 2712 1209 2785 έπιίττ

211 2815 246 2883 οί
238 2809 475 2932 ἐξεργάσθη
456 2809 523 2880 υπὸ
538 2817 585 2903 τῷ
597 2807 745 2907 Πηλίῳ,
728 2836 750 2899 η
764 2808 887 2933 Ἀργώ,
903 2816 1087 2903 ἐσθέμενον
1100 2817 1133 2896 ές
1148 2810 1210 2883 αύ-

210 2934 273 2997 την
299 2905 406 2994 ἄλλην
425 2932 461 2976 τε
483 2908 672 2997 έκατόμβηυ
692 2910 748 2977 καὶ
771 2906 812 2998 δη
835 2912 890 2979 καὶ
908 2916 1050 2999 τρίποδα
1068 2912 1210 3003 χάλκεον
1264 2954 1267 2963 ν

210 3004 691 3099 περιπλάεινΠελοπόννησου,
702 3007 913 3095 βουλόμενον
924 3011 958 3090 ές
964 3006 1151 3098 Δελφους
1132 3032 1210 3079 απι-

211 3108 339 3178 κέσθαι.
372 3111 432 3175 καί
447 3131 508 3194 μιν
528 3102 573 3186 ὡς
593 3105 750 3176 κλάοντα
770 3111 928 3196 γενέσθαι
951 3106 1035 3178 κατὰ
1057 3111 1208 3199 Μαλέην,

210 3207 394 3296 ὑπολαβεῖν
407 3202 533 3294 ἄνεμον
554 3208 678 3295 βορέην
697 3208 753 3277 καὶ
769 3205 952 3297 ιἰποφέρειυ
968 3206 1053 3299 πρός
1071 3205 1134 3297 τὴν
1148 3216 1210 3279 Λι-

209 3306 315 3396 βύην·
336 3305 417 3393 πρὶν
426 3304 464 3374 δδ
478 3307 672 3375 κατιδέσθαι
685 3312 751 3395 γῆν
762 3308 800 3376 έν
809 3322 894 3377 τοῖσι
905 3308 1041 3398 βράχεσι
1050 3309 1209 3396 γενέσθαι

209 3408 327 3491 λίμνης
342 3409 401 3491 τῆς
417 3407 628 3488 Τριτωνίδος.
652 3410 712 3475 καί
722 3410 758 3475 οί
768 3403 946 3496 όπορέουτι
962 3403 1026 3495 την
1040 3404 1209 3497 ἐξαγωγὴν

209 3500 311 3593 λόγος
325 3502 393 3570 έστλ
406 3506 556 3595 φανῆναι
573 3510 742 3601 Τρίτωνα,
762 3508 819 3575 καλ
837 3506 989 3578 κελεύειν
1000 3502 1062 3576 τόν
1079 3504 1208 3601 Ἰησονσ
