2618 3928
214 259 277 326 168
595 261 847 319 HERODOTI
893 288 898 296 ¹

217 422 318 509 ὕδωρ,
338 422 470 507 Τραῦός
479 447 515 489 τε
527 422 582 490 καλ
592 419 781 507 Κόμῦατος.
800 415 884 488 κατὰ
896 417 1087 508 ammon
1097 426 1223 511 λίμνην

213 522 276 607 μὲν
292 516 454 605 οὐδεμίαν
470 520 594 588 έοῦσαν
611 513 825 604 οῦνομαστήν
839 524 1069 606 παραμείψατο
1084 521 1221 610 Ξέρξης,
1294 520 1295 525 ’

213 614 365 703 ποταμόν
379 617 416 686 66
425 618 558 686 Νέστον
571 618 691 704 δέοντα
701 617 735 695 ἐς
748 616 934 685 θάλασσαν.
956 615 1038 704 μετά
1049 616 1087 686 δέ
1097 618 1222 698 ταύτας

211 713 271 794 τάς
285 713 394 803 χώρας
404 711 468 783 ίων
477 710 536 792 τάς
547 709 768 801 ἠπειρώτιδας
777 714 874 793 πόλις
885 714 1021 803 παρήιε,
1032 722 1100 784 τῶν
1111 717 1148 783 ἐν
1159 722 1222 805 μιῇ

211 819 312 902 λίμνη
326 816 428 883 ἐοῦσα
448 812 605 901 τυγχάνει
620 808 699 882 ὡσεί
717 811 897 901 τριήκοντα
917 817 1062 881 σταδίων
1074 808 1221 900 μάλιστά

212 935 255 999 ιιη
269 906 331 996 τήν
343 913 518 998 περίοδον,
534 909 704 996 ίχδνάδης
719 910 825 979 τεκαὶ
839 909 945 997 κάρτα
962 905 1104 998 άλμνρή.
1133 909 1220 978 ταῦ-

212 1034 274 1095 την
286 1006 327 1077 τά
343 1005 508 1096 ὑποζύγια
522 1016 634 1096 μοῦνα
644 1005 814 1097 ἀρδόμενα
825 1007 1017 1099 ἀνεξήρηνε.
1039 1015 1080 1100 τή
1090 1009 1128 1078 δέ
1138 1008 1220 1078 πόλι

211 1106 316 1197 ταύτη
333 1105 463 1194 οὔνομά
480 1109 549 1178 ἐστι
562 1115 738 1193 Πίστνρος.
767 1109 889 1189 ταύτας
904 1109 968 1197 μέν
987 1105 1027 1196 δή
1048 1105 1107 1189 τάς
1121 1110 1220 1188 πόλις

211 1202 270 1284 τάς
284 1212 561 1291 παραθαλασσίας
573 1233 610 1275 τε
625 1210 681 1277 καί
696 1206 886 1295 Ἑλληνίδας
906 1209 939 1288 έξ
955 1204 1135 1295 εῦωνῦμον
1149 1233 1219 1294 χει-

161 1329 195 1382 1⁰
211 1299 270 1387 ρδς
280 1299 436 1389 ἀπέργων
446 1305 612 1395 παρεξήιε,
625 1310 728 1375 έδνεα
739 1306 775 1374 δέ
781 1311 949 1393 Θρηίκων,
961 1302 1006 1375 δι’
1021 1298 1070 1375 οἷν
1082 1313 1141 1394 τῆς
1150 1305 1217 1392 γά·

211 1424 272 1486 ρης
285 1396 369 1469 ὁδόν
381 1403 547 1491 ἐποιέετο,
567 1404 703 1489 τοσάδε,
719 1411 858 1491 Παῖτοι,
874 1410 1033 1491 Κίκονες,
1048 1409 1216 1489 Βίστονες,

209 1507 368 1588 Σαπαῖοι,
381 1510 554 1589 Δερσαῖοι,
565 1498 717 1589 Ἠδωνοὶ,
729 1503 870 1590 Σάτραι.
892 1499 1022 1570 τούτων
1032 1506 1068 1572 oc
1077 1501 1140 1589 μέν
1150 1525 1216 1569 τια-

210 1595 253 1686 ρὰ
267 1598 447 1668 θάλασσαν
460 1601 694 1685 κατοικημένοι
709 1601 748 1670 ἐν
761 1607 837 1691 τῇσι
851 1601 951 1687 νηυσί
966 1601 1118 1687 εἵποντο,
1134 1603 1169 1668 οί
1180 1599 1218 1667 66

210 1694 323 1765 αῦτῦν
341 1694 403 1783 τήν
425 1694 609 1785 μεσόγαιαν
630 1700 795 1777 οἰκέοντες
813 1698 1071 1784 καταλεχθέντες
1095 1720 1131 1763 τε
1154 1691 1215 1763 ὑπ’

210 1795 307 1881 ἐμεῦ,
322 1791 411 1881 πλήν
423 1796 585 1882 Σατρέων
598 1797 633 1862 oc
647 1790 743 1863 άλλοι
759 1792 882 1873 πάντες
894 1799 974 1884 πεζή
988 1790 1217 1880 ἀναγκαζόμε-

142 1903 190 1956 111
209 1916 263 1960 νοι
279 1893 422 1963 εἵποντο.
445 1889 576 1979 Σάτραι
591 1890 628 1959 δέ
642 1889 781 1971 οὐδενός
793 1916 842 1961 κω
856 1887 1052 1979 άνδράπων
1069 1888 1216 1980 ὑπήκοοι

210 1992 382 2077 ἐγένοντο,
403 1988 487 2058 ὅσον
502 1989 597 2079 ἡμεῖς
617 1993 729 2078 ίδμεν,
750 1987 835 2059 ἄλλα
856 1992 1043 2059 διατελεῦσι
1062 1987 1099 2059 τὸ
1120 1992 1216 2078 μέχρι

209 2089 289 2175 ἐμεῦ
303 2090 368 2157 aasz
383 2086 494 2167 ἐόντες
507 2087 681 2174 ἐλεύθεροι
695 2092 817 2174 μοῦνοι
829 2092 994 2175 Θρηίκων.
1018 2088 1168 2157 οίαέονσί
1179 2110 1216 2155 τε

207 2183 273 2273 γάρ
288 2184 392 2274 οὔρεα
405 2184 536 2273 ὑψηλά,
552 2192 645 2277 ίδησί
657 2213 693 2256 τε
706 2194 882 2309 παντοίησι
896 2189 952 2257 καί
964 2186 1053 2275 χιόνι
1070 2205 1215 2274 σννηρε-

210 2288 291 2373 φέα,
306 2312 362 2354 και
351 2287 439 2355 ἐίσλ
452 2310 493 2353 τα
481 2282 681 2372 ’πολέμια”
658 2311 774 2374 ακροι,
790 2310 934 2374 οντοι,ο
917 2292 951 2354 οἳ
965 2309 1026 2354 τον
1011 2286 1214 2355 Διονύσον

206 2381 243 2450 τδ
260 2381 425 2471 μαντήιόν
440 2389 504 2452 είσι
524 2384 705 2471 ἐκτημένοι.
734 2379 831 2453 τδδέ
850 2381 1013 2471 μαντήϊον
1029 2387 1128 2450 τοῦτο
1146 2384 1215 2450 έστλ

207 2482 268 2567 μὲν
285 2484 338 2550 έπλ
358 2487 428 2550 τόν
449 2478 579 2568 οὐρέων
599 2507 667 2551 των
683 2480 920 2570 ὑψηλοτάτων,
941 2480 1066 2568 Βησσοὶ
1086 2477 1123 2547 δέ
1144 2484 1214 2546 τῶν

205 2579 366 2667 Σατρέων
383 2580 446 2648 είσλ
461 2584 496 2648 oc
506 2579 775 2667 προφητεύοντες
788 2586 849 2649 τοῦ
863 2584 957 2668 ίροῦ,
977 2574 1161 2663 πρόμαντις
1175 2573 1214 2642 66

204 2675 225 2765 ἡ
240 2676 385 2764 χρέονσα
398 2676 482 2747 κατά
497 2702 560 2764 περ
575 2679 613 2746 έν
629 2687 810 2765 Δελφοῖσι,
825 2679 882 2746 καί
896 2673 997 2745 οῦδὲν
1014 2672 1212 2745 ποικιλάτε-

139 2792 187 2844 λιν
203 2800 274 2862 ρον.
287 2775 638 2864 Παραμειψάμενοςδλ
648 2771 842 2864 οΞερξης
807 2800 870 2862 την
880 2775 1059 2861 εἰρημένην
1070 2770 1211 2857 δευτερα

205 2873 336 2942 τούτων
351 2882 573 2964 παραμείβετο
587 2881 693 2961 τείχεα
708 2899 749 2942 τα
737 2869 915 2962 Πιέρων,
931 2879 1000 2942 τῶν
1013 2872 1063 2941 ἐνί
1073 2869 1211 2991 Φάγρης
1289 2932 1290 2937 ,

204 2970 329 3040 έστλ”
285 2997 416 3090 ρννομα
431 2974 487 3041 καί
501 2976 600 3066 έτέρμ
609 2974 794 3060 Πέργαμος.
807 2973 912 3062 ταότη
925 2972 989 3059 μὲν
999 2966 1041 3093 δη
1052 2965 1133 3056 παρ’
1146 2962 1211 3035 αό-

203 3068 243 3140 66
256 3070 297 3140 τά
312 3079 419 3160 τείχεα
433 3069 496 3159 τήν
510 3070 592 3142 ὁδόν
603 3076 760 3160 ἐποιέετο,
775 3075 812 3142 ἐκ
825 3077 933 3158 δεξιῆς
942 3068 1053 3159 χειρὸς
1063 3096 1100 3138 το
1089 3067 1209 3154 ’Πάγ-
1286 3086 1289 3141 ,λ

202 3194 300 3254 γαιον
313 3162 416 3290 ρδρος
434 3166 606 3260 άτιέργων,
627 3168 686 3239 έὸν
705 3173 789 3258 μέγα
803 3196 840 3240 τε
854 3171 915 3239 ,καὶ
936 3166 1086 3257 ὑψηλόν,
1108 3170 1145 3236 έν
1161 3173 1208 3256 τῷ

200 3266 326 3351 χρύσεά
339 3290 375 3334 τε
391 3265 479 3335 παῦ’
460 3269 608 3356 αργῦρεα
623 3276 673 3339 ἐνι
686 3272 848 3358 μέταλλα,
861 3297 902 3341 τα
889 3267 1075 3358 ’νέμονται
1087 3266 1287 3375 Πίερές

137 3371 186 3422 11³
199 3387 235 3429 ιε
249 3364 305 3430 καὶ
315 3359 510 3448 Ὀδόμαντοι
521 3370 576 3434 καὶ
587 3366 730 3453 μάλιστα
739 3368 881 3455 Σάτραι,
897 3364 1154 3452 ὑπεροικέοντας
1169 3361 1208 3434 δέ

200 3479 237 3520 '⁰
252 3455 428 3540 Πάγγαιον
449 3456 533 3544 πρὸς
545 3465 671 3547 βορέεω
687 3462 814 3544 άνέμον
830 3469 978 3542 Παίονας
994 3461 1155 3550 Δόβηράς
1169 3486 1205 3529 τε
