2626 3932
378 241 464 297 ΗΒ.
498 242 530 297 V.
564 241 662 298 CAP.
692 247 866 303 lla-124.
1081 240 1123 304 59

116 399 259 486 μάλιστα
274 396 475 486 ἐπλήγησαν.
497 394 595 468 Μετὰ
614 401 650 468 δὲ
663 405 763 467 τοῦτο
776 398 814 467 τὸ
828 406 942 488 τρῶμα
957 400 1124 490 άνέλαβόυ
1142 427 1188 484 ιηη

116 521 154 565 τε
164 498 219 564 καὶ
230 493 475 583 ἀνεμαχέσαντο
487 501 521 564 ολ
528 502 647 584 Κᾶρες.
670 496 861 584 πυθόμενοι
873 496 948 586 γάρ,
965 497 1122 590 όςστρα-

116 597 278 666 σεύεσθαι
293 595 458 687 ὁρμέαται
473 601 507 665 οί
514 599 643 684 Πέρσαι
656 599 710 666 ἐπὶ
723 593 783 677 τάς
796 598 893 678 πόλις
907 602 1033 685 σφέων,
1046 600 1123 669 ἐλό-

116 713 224 781 χησαν
237 690 301 783 την
314 699 352 765 ἐν
366 695 515 787 Πηδάσῳ
530 691 628 779 ὁδόν,
648 696 682 774 ἐς
697 690 760 782 τὴν
775 695 974 782 ἐμπεσόντες
988 702 1021 766 οί
1032 700 1123 786 Πέρ-

118 811 174 860 σαι
188 789 312 873 νυκτός
327 794 564 883 διεφθάρησαν
578 796 633 862 καί
644 791 740 862 αὐτοὶ
754 795 858 863 καλοί
870 798 1047 882 στρατηγοὶ
1058 793 1123 864 αύ·

118 899 203 980 τῶν,
217 899 392 981 Δαυρίσης
403 896 460 962 καί
470 890 633 981 Ἀμόργης
646 895 702 961 καί
712 893 915 981 Σισιμάκης,
932 892 998 963 σύν
1012 897 1052 963 δέ
1063 914 1124 979 σφι

118 987 271 1058 ἀπέθανε
283 992 339 1060 καὶ
350 991 493 1079 Μύρσος
503 988 523 1059 ό
534 991 662 1078 Γύγεω.
677 997 739 1058 τοῦ
750 995 787 1061 δὲ
797 992 900 1079 λόχου
911 994 1033 1062 τούτου
1043 989 1124 1081 ἡγε·

118 1085 193 1175 μων
206 1080 250 1174 ἦν
266 1085 483 1177 Ἡρακλείδης
500 1080 688 1177 Ἰβανόλιος
702 1087 788 1180 άνηρ
805 1093 999 1174 Μυλασεύς.
1029 1086 1124 1161 οὗτοι

118 1190 180 1274 μέν
193 1213 261 1256 νυν
274 1195 343 1257 τόν
352 1190 514 1274 Περσέων
524 1187 613 1258 οὕτω
625 1189 876 1278 διεφθάρησαν,
886 1188 1002 1279 Ὑμέης
1017 1194 1053 1261 δὲ
1068 1192 1124 1259 καὶ
1142 1209 1191 1263 λεν

118 1282 220 1364 αὐτὸς
234 1284 300 1354 έῶν
310 1295 379 1356 τῶν
391 1288 639 1369 ἐπιδιωξάντων
648 1285 728 1368 τούς
739 1291 772 1368 ἐς
781 1289 910 1379 Σάρδις
920 1308 1124 1376 στρατευσα*

118 1390 241 1472 μένους
251 1383 384 1475 Ἰάνων,
398 1389 608 1476 τραπόμενος
618 1392 651 1470 ἐς
661 1387 724 1477 τὴν
733 1394 949 1479 Προποντίδα
961 1385 1027 1460 είλε
1037 1394 1123 1458 Κίον

117 1483 181 1573 τὴν
197 1493 347 1574 Μυσίην.
369 1488 497 1577 ταύτην
512 1489 549 1559 δέ
563 1486 701 1576 ἐξελὼν,
718 1487 763 1567 ὡς
778 1490 922 1561 ἐπύθετο
936 1486 1124 1575 τόνἙλλή-

119 1602 266 1654 σποντον
287 1589 515 1659 ἐκλελοιπέναι
535 1597 713 1678 Δαυρίσην
733 1591 789 1658 καί
808 1590 1051 1679 στρατεύεσθαι
1071 1591 1124 1659 ἐπὶ

117 1692 262 1775 Καρίης,
276 1687 470 1760 καταλιπόν
480 1688 543 1777 τὴν
551 1694 768 1779 Προποντίδα
782 1692 836 1759 ἐπί
848 1687 910 1759 τόν
918 1688 1123 1778 Ἑλλήσπον·

117 1812 178 1854 τον
190 1778 253 1873 ἦγε
265 1785 327 1856 τόν
341 1787 501 1878 στρατόν,
517 1794 572 1860 καὶ
586 1786 653 1860 εἷλε
667 1792 730 1877 μὲν
740 1794 880 1871 Δίολέας
893 1792 1032 1878 πάντας,
1048 1790 1123 1860 ὅσοι

117 1883 181 1971 τὴν
191 1884 314 1955 Ἰλιάδα
323 1890 493 1978 νέμονται,
506 1886 572 1960 εἷλε
583 1893 794 1978 δέΓέργιθας
803 1888 883 1970 τούς
893 1888 1124 1978 ὑπολειφθέν-

117 2014 177 2067 τας
187 1994 255 2055 τῶν
266 1987 412 2076 ἀρχαίων
422 1999 591 2081 Τευκρῶν.
605 1991 707 2071 αύτός
717 2018 753 2061 τε
761 1989 876 2079 ’Τμέης
886 1994 1009 2079 αίρίων
1019 1997 1123 2059 ταῦτα

122 2085 159 2156 τά
170 2092 274 2156 ἐθνεα
282 2088 396 2180 νούσφ
408 2102 545 2185 τελευτᾷ
551 2097 634 2184 ἐυτῇ
643 2093 784 2185 Τρφάδι.
799 2081 897 2171 οὗτος
909 2089 1020 2179 μὲνδὴ
1035 2090 1123 2159 οὕτω
1141 2110 1193 2167 123

118 2185 320 2275 ἐτελεύτησε,
330 2185 553 2281 Ἀρταφέρνης
564 2193 601 2262 δε
611 2190 796 2280 όΣαρδίων
806 2188 954 2279 ὕπαρχος
964 2194 1019 2260 καὶ
1029 2188 1123 2258 Ὀτά-

121 2283 212 2372 νηςὸ
233 2293 342 2374 τρίτος
362 2287 547 2377 στρατηγός
566 2289 755 2378 ἐτάχθησαν
769 2292 822 2359 ἐπὶ
841 2287 903 2377 τὴν
919 2287 1047 2375 Ἰωνίην
1068 2291 1123 2356 καί

118 2384 179 2473 τὴν
200 2388 363 2473 προσεχέα
376 2391 523 2457 Αἰολίδα.
538 2389 788 2473 στρατεύεσθαι.
830 2385 954 2475 Ἰωνίης
974 2389 1036 2474 μέν
1057 2411 1123 2453 νυν

117 2482 331 2571 Κλαζομενάς
342 2488 503 2571 αἱρέουσι,
518 2489 669 2555 Αίολέων
680 2484 717 2554 δέ
727 2485 859 2572 Κύμην.
877 2483 1123 2572 Ἀλισκομένων
1139 2503 1190 2557 124

118 2581 155 2650 δέ
170 2588 239 2650 τῶν
252 2588 395 2669 πολίων,
408 2575 454 2671 ἦν
463 2581 547 2671 γάρ,
565 2581 610 2663 ὡς
625 2585 758 2670 διέδεξε,
770 2581 1005 2671 Ἀρισταγόρης
1019 2580 1122 2652 όΜι-

116 2682 232 2769 λη’σιος
245 2679 356 2768 ψυχὴν
371 2681 434 2751 ούκ
448 2682 562 2770 ἄκρος,
577 2681 615 2764 ὃς
627 2684 771 2772 ταράξας
782 2682 844 2771 την
854 2682 983 2772 Ἰωνίην
996 2684 1052 2752 καὶ
1066 2684 1122 2768 ἐγ-

118 2778 345 2864 κερασάμενος
353 2780 529 2868 πρήγματα
537 2782 666 2871 μεγάλα
677 2780 828 2872 δρησμὸν
837 2781 1007 2870 ἐβούλευε,
1015 2777 1122 2864 ὁρέων

117 2881 240 2962 ταῦτα,
252 2871 336 2962 πρὸς
346 2880 386 2946 δέ
393 2882 428 2947 οί
435 2881 491 2949 καί
501 2877 653 2950 άδύνατα
662 2887 815 2969 ἐφαίνετο
826 2883 963 2969 βασιλέα
973 2889 1122 2967 Δαρείου

116 2971 385 3061 ὑπερβαλέσθαι,
400 2974 485 3065 πρὸς
500 2986 604 3049 ταῦτα
622 2976 663 3067 δὴ
679 2972 730 3048 όν
745 2981 951 3066 συγκαλέσας
965 2974 1045 3056 τούς
1059 2994 1124 3044 συ-

116 3070 300 3150 στασιύτας
315 3072 529 3164 ἐβουλεύετο,
545 3081 669 3164 λέγων,
685 3075 730 3157 ὡς
743 3074 883 3164 άμεινόν
897 3095 959 3163 σφι
973 3085 1023 3160 είη
1038 3097 1122 3158 κρη-

9 3240 11 3261 ;
115 3168 288 3256 σφύίέΐόν
302 3194 334 3238 τί
351 3168 506 3259 ὕπαρχον
527 3171 629 3262 εἶναι,
643 3171 688 3262 ἦν
706 3173 773 3263 άρα
790 3176 999 3255 ἐξωθέωνται
1014 3174 1050 3240 ἐκ
1065 3176 1122 3255 τῆς

9 3350 11 3365 ,
115 3267 290 3355 Μιλήτου,
304 3277 369 3338 εἴτε
381 3267 421 3359 δη
434 3262 484 3339 σόν
495 3273 529 3352 ές
538 3269 662 3360 Σαρδώ
675 3275 711 3342 ἐκ
722 3278 783 3342 τοῦ
793 3271 901 3341 τόπου
911 3268 1034 3339 τούτου
1044 3264 1122 3353 άγοι

116 3368 149 3442 ές
162 3363 321 3453 ἀποικίην
332 3377 397 3438 εἴτε
409 3370 442 3450 ές
452 3370 635 3456 Μύρκινον
646 3368 708 3457 την
718 3369 887 3455 Ἠδωνῶν,
899 3364 963 3455 την
971 3363 1121 3442 Ἱστιαίας

116 3466 234 3551 ἐτείχεε
248 3466 338 3554 παρὰ
350 3475 500 3557 Δαρείου
515 3468 648 3558 δωρεὴν
662 3471 785 3557 λοβόν.
809 3475 913 3537 ταῦτα
924 3470 1086 3554 ἐπειρωτα
1106 3488 1124 3530 ο
