<?xml version="1.0" encoding="UTF-8"?>
<!DOCTYPE html PUBLIC "-//W3C//DTD XHTML 1.0 Transitional//EN"
    "http://www.w3.org/TR/xhtml1/DTD/xhtml1-transitional.dtd">
<html xmlns="http://www.w3.org/1999/xhtml" xml:lang="en" lang="en">
 <head>
  <title>
</title>
<meta http-equiv="Content-Type" content="text/html;charset=utf-8" />
  <meta name='ocr-system' content='tesseract 3.04.00' />
  <meta name='ocr-capabilities' content='ocr_page ocr_carea ocr_par ocr_line ocrx_word'/>
</head>
<body>
  <div class='ocr_page' id='page_1' title='image "./historiarumlibr03herogoog_0597.png"; bbox 0 0 2618 3928; ppageno 0'>
   <div class='ocr_carea' id='block_1_1' title="bbox 209 257 840 325">
    <p class='ocr_par' dir='ltr' id='par_1_1' title="bbox 209 257 840 325">
     <span class='ocr_line' id='line_1_1' title="bbox 209 257 840 325; baseline 0.003 -3"><span class='ocrx_word' id='word_1_1' title='bbox 209 257 272 325; x_wconf 78' lang='grc'><em>180</em></span> <span class='ocrx_word' id='word_1_2' title='bbox 585 264 840 324; x_wconf 83' lang='lat' dir='ltr'>HERODOTI</span> 
     </span>
    </p>
   </div>
   <div class='ocr_carea' id='block_1_2' title="bbox 130 419 1291 3576">
    <p class='ocr_par' dir='ltr' id='par_1_2' title="bbox 130 419 1291 3576">
     <span class='ocr_line' id='line_1_2' title="bbox 207 419 1218 516; baseline 0.006 -28"><span class='ocrx_word' id='word_1_3' title='bbox 207 425 378 506; x_wconf 77' lang='grc' dir='ltr'><strong><em>μείναντες</em></strong></span> <span class='ocrx_word' id='word_1_4' title='bbox 400 419 579 509; x_wconf 75' lang='grc' dir='ltr'><em>ἀνέσχοντο</em></span> <span class='ocrx_word' id='word_1_5' title='bbox 592 420 655 491; x_wconf 84' lang='grc' dir='ltr'><em>τόν</em></span> <span class='ocrx_word' id='word_1_6' title='bbox 676 422 814 491; x_wconf 87' lang='grc' dir='ltr'><em>ἐπιόντα</em></span> <span class='ocrx_word' id='word_1_7' title='bbox 833 426 888 493; x_wconf 71' lang='grc' dir='ltr'><em>ἐπὶ</em></span> <span class='ocrx_word' id='word_1_8' title='bbox 910 424 972 513; x_wconf 79' lang='grc' dir='ltr'><em>την</em></span> <span class='ocrx_word' id='word_1_9' title='bbox 985 427 1099 516; x_wconf 85' lang='grc' dir='ltr'><em>χύρην</em></span> <span class='ocrx_word' id='word_1_10' title='bbox 1118 430 1218 510; x_wconf 84' lang='grc' dir='ltr'><em>δέξα-</em></span> 
     </span>
     <span class='ocr_line' id='line_1_3' title="bbox 206 527 1291 593; baseline -0.002 -8"><span class='ocrx_word' id='word_1_11' title='bbox 206 527 298 585; x_wconf 77' lang='grc' dir='ltr'><em>σθαι,</em></span> <span class='ocrx_word' id='word_1_12' title='bbox 1289 528 1291 593; x_wconf 90' lang='lat'>!</span> 
     </span>
     <span class='ocr_line' id='line_1_4' title="bbox 142 617 1291 711; baseline 0.012 -31"><span class='ocrx_word' id='word_1_13' title='bbox 142 625 192 681; x_wconf 80' lang='grc' dir='ltr'><em>ιλο</em></span> <span class='ocrx_word' id='word_1_14' title='bbox 289 619 486 704; x_wconf 79' lang='grc' dir='ltr'><em>Πέμραντες</em></span> <span class='ocrx_word' id='word_1_15' title='bbox 505 617 571 707; x_wconf 78' lang='grc' dir='ltr'><em>γὰρ</em></span> <span class='ocrx_word' id='word_1_16' title='bbox 592 624 626 688; x_wconf 88' lang='grc' dir='ltr'><em>οί</em></span> <span class='ocrx_word' id='word_1_17' title='bbox 641 617 815 706; x_wconf 77' lang='grc' dir='ltr'><em>Ἀθηναῖοι</em></span> <span class='ocrx_word' id='word_1_18' title='bbox 836 623 870 700; x_wconf 89' lang='grc' dir='ltr'><em>ἐς</em></span> <span class='ocrx_word' id='word_1_19' title='bbox 885 620 1044 709; x_wconf 79' lang='grc' dir='ltr'><em>Δελφούς</em></span> <span class='ocrx_word' id='word_1_20' title='bbox 1062 625 1217 711; x_wconf 77' lang='grc' dir='ltr'><em>θεοπρό-</em></span> <span class='ocrx_word' id='word_1_21' title='bbox 1289 618 1291 625; x_wconf 13' lang='grc' dir='ltr'><em>ἐ</em></span> 
     </span>
     <span class='ocr_line' id='line_1_5' title="bbox 206 713 1216 810; baseline 0.005 -25"><span class='ocrx_word' id='word_1_22' title='bbox 206 742 292 796; x_wconf 86' lang='grc' dir='ltr'><em>παυς</em></span> <span class='ocrx_word' id='word_1_23' title='bbox 311 718 609 808; x_wconf 74' lang='grc' dir='ltr'><em>χρηστηριάζεσθαι</em></span> <span class='ocrx_word' id='word_1_24' title='bbox 625 713 714 807; x_wconf 79' lang='grc' dir='ltr'><em>ἦσαν</em></span> <span class='ocrx_word' id='word_1_25' title='bbox 735 723 868 806; x_wconf 82' lang='grc' dir='ltr'><em>ἑτοῖμοι.</em></span> <span class='ocrx_word' id='word_1_26' title='bbox 903 727 963 790; x_wconf 88' lang='grc' dir='ltr'><em>καί</em></span> <span class='ocrx_word' id='word_1_27' title='bbox 978 741 1040 808; x_wconf 93' lang='grc' dir='ltr'><em>σφι</em></span> <span class='ocrx_word' id='word_1_28' title='bbox 1055 723 1216 810; x_wconf 77' lang='grc' dir='ltr'><em>ποιήσασι</em></span> 
     </span>
     <span class='ocr_line' id='line_1_6' title="bbox 205 814 1214 908; baseline 0.004 -25"><span class='ocrx_word' id='word_1_29' title='bbox 205 819 281 901; x_wconf 81' lang='grc' dir='ltr'><em>περὶ</em></span> <span class='ocrx_word' id='word_1_30' title='bbox 295 814 333 884; x_wconf 84' lang='grc' dir='ltr'><em>τό</em></span> <span class='ocrx_word' id='word_1_31' title='bbox 349 815 426 905; x_wconf 86' lang='grc' dir='ltr'><em>ίρόυ</em></span> <span class='ocrx_word' id='word_1_32' title='bbox 440 816 481 886; x_wconf 79' lang='grc' dir='ltr'><em>τὰ</em></span> <span class='ocrx_word' id='word_1_33' title='bbox 495 820 712 906; x_wconf 71' lang='grc' dir='ltr'><em>νομιζόμενα,</em></span> <span class='ocrx_word' id='word_1_34' title='bbox 733 816 779 898; x_wconf 78' lang='grc' dir='ltr'><em>ὡς</em></span> <span class='ocrx_word' id='word_1_35' title='bbox 792 821 825 898; x_wconf 87' lang='grc' dir='ltr'><em>ἐς</em></span> <span class='ocrx_word' id='word_1_36' title='bbox 839 817 876 887; x_wconf 83' lang='grc' dir='ltr'><em>τό</em></span> <span class='ocrx_word' id='word_1_37' title='bbox 891 821 1038 908; x_wconf 83' lang='grc' dir='ltr'><em>μέχαρον</em></span> <span class='ocrx_word' id='word_1_38' title='bbox 1051 822 1214 891; x_wconf 81' lang='grc' dir='ltr'><em>ἐσελθόν-</em></span> 
     </span>
     <span class='ocr_line' id='line_1_7' title="bbox 204 913 1214 1009; baseline 0.006 -26"><span class='ocrx_word' id='word_1_39' title='bbox 204 941 258 995; x_wconf 89' lang='grc' dir='ltr'><em>τες</em></span> <span class='ocrx_word' id='word_1_40' title='bbox 269 920 388 1004; x_wconf 79' lang='grc' dir='ltr'><em>ἵζοντο,</em></span> <span class='ocrx_word' id='word_1_41' title='bbox 397 925 460 1009; x_wconf 77' lang='grc' dir='ltr'><em>χρᾷ</em></span> <span class='ocrx_word' id='word_1_42' title='bbox 469 916 492 1005; x_wconf 81' lang='grc' dir='ltr'><em>ἡ</em></span> <span class='ocrx_word' id='word_1_43' title='bbox 502 927 629 1007; x_wconf 73' lang='grc' dir='ltr'><em>Πυθίη,</em></span> <span class='ocrx_word' id='word_1_44' title='bbox 644 926 684 1009; x_wconf 78' lang='grc' dir='ltr'><em>τῇ</em></span> <span class='ocrx_word' id='word_1_45' title='bbox 695 918 825 1005; x_wconf 80' lang='grc' dir='ltr'><em>οὕνομα</em></span> <span class='ocrx_word' id='word_1_46' title='bbox 834 913 879 1005; x_wconf 76' lang='grc' dir='ltr'><em>ἦν</em></span> <span class='ocrx_word' id='word_1_47' title='bbox 889 918 1104 1008; x_wconf 72' lang='grc' dir='ltr'><em>Ἀριστονίκη,</em></span> <span class='ocrx_word' id='word_1_48' title='bbox 1116 921 1214 989; x_wconf 83' lang='grc' dir='ltr'><em>τόδε·</em></span> 
     </span>
     <span class='ocr_line' id='line_1_8' title="bbox 249 1010 1153 1106; baseline 0.003 -22"><span class='ocrx_word' id='word_1_49' title='bbox 249 1010 289 1084; x_wconf 76' lang='grc' dir='ltr'><em>Ὦ</em></span> <span class='ocrx_word' id='word_1_50' title='bbox 305 1020 434 1105; x_wconf 82' lang='grc' dir='ltr'><em>μέλεοι,</em></span> <span class='ocrx_word' id='word_1_51' title='bbox 449 1024 483 1086; x_wconf 88' lang='grc' dir='ltr'><em>τί</em></span> <span class='ocrx_word' id='word_1_52' title='bbox 495 1019 668 1106; x_wconf 76' lang='grc' dir='ltr'><em>κύθησθε;</em></span> <span class='ocrx_word' id='word_1_53' title='bbox 681 1014 791 1086; x_wconf 78' lang='grc' dir='ltr'><em>λιπόν</em></span> <span class='ocrx_word' id='word_1_54' title='bbox 806 1014 906 1104; x_wconf 77' lang='grc' dir='ltr'><em>φεῦγ’</em></span> <span class='ocrx_word' id='word_1_55' title='bbox 923 1023 1042 1105; x_wconf 82' lang='grc' dir='ltr'><em>ἐσχατα</em></span> <span class='ocrx_word' id='word_1_56' title='bbox 1055 1020 1153 1105; x_wconf 80' lang='grc' dir='ltr'><em>γαίης</em></span> 
     </span>
     <span class='ocr_line' id='line_1_9' title="bbox 246 1114 1069 1204; baseline -0.002 -19"><span class='ocrx_word' id='word_1_57' title='bbox 246 1116 396 1202; x_wconf 84' lang='grc' dir='ltr'><em>Δεόματα</em></span> <span class='ocrx_word' id='word_1_58' title='bbox 410 1119 465 1185; x_wconf 81' lang='grc' dir='ltr'><em>καὶ</em></span> <span class='ocrx_word' id='word_1_59' title='bbox 479 1116 595 1197; x_wconf 89' lang='grc' dir='ltr'><em>πόλιος</em></span> <span class='ocrx_word' id='word_1_60' title='bbox 610 1117 816 1204; x_wconf 76' lang='grc' dir='ltr'><em>τροχοειδέος</em></span> <span class='ocrx_word' id='word_1_61' title='bbox 830 1114 917 1204; x_wconf 81' lang='grc' dir='ltr'><em>ύκρα</em></span> <span class='ocrx_word' id='word_1_62' title='bbox 930 1116 1069 1204; x_wconf 85' lang='grc' dir='ltr'><em>κύρηνα.</em></span> 
     </span>
     <span class='ocr_line' id='line_1_10' title="bbox 249 1211 1123 1305; baseline -0.002 -21"><span class='ocrx_word' id='word_1_63' title='bbox 249 1213 337 1284; x_wconf 83' lang='grc' dir='ltr'><em>Ούτε</em></span> <span class='ocrx_word' id='word_1_64' title='bbox 351 1213 452 1305; x_wconf 76' lang='grc' dir='ltr'><em>μίτρη</em></span> <span class='ocrx_word' id='word_1_65' title='bbox 466 1215 596 1303; x_wconf 75' lang='grc' dir='ltr'><em>κεφαλὴ</em></span> <span class='ocrx_word' id='word_1_66' title='bbox 611 1217 704 1303; x_wconf 79' lang='grc' dir='ltr'><em>μένει</em></span> <span class='ocrx_word' id='word_1_67' title='bbox 720 1218 865 1302; x_wconf 78' lang='grc' dir='ltr'><em>ἔμπεδον</em></span> <span class='ocrx_word' id='word_1_68' title='bbox 881 1212 959 1283; x_wconf 79' lang='grc' dir='ltr'><em>οὔτε</em></span> <span class='ocrx_word' id='word_1_69' title='bbox 972 1211 1011 1282; x_wconf 88' lang='grc' dir='ltr'><em>τδ</em></span> <span class='ocrx_word' id='word_1_70' title='bbox 1028 1220 1123 1302; x_wconf 76' lang='grc' dir='ltr'><em>σὸμα</em></span> 
     </span>
     <span class='ocr_line' id='line_1_11' title="bbox 248 1310 1129 1404; baseline -0.005 -17"><span class='ocrx_word' id='word_1_71' title='bbox 248 1316 338 1387; x_wconf 80' lang='grc' dir='ltr'><em>Οὔτε</em></span> <span class='ocrx_word' id='word_1_72' title='bbox 352 1318 453 1397; x_wconf 91' lang='grc' dir='ltr'><em>πόδες</em></span> <span class='ocrx_word' id='word_1_73' title='bbox 465 1321 577 1388; x_wconf 87' lang='grc' dir='ltr'><em>νέατοι</em></span> <span class='ocrx_word' id='word_1_74' title='bbox 592 1315 664 1386; x_wconf 78' lang='grc' dir='ltr'><em>οὔτ’</em></span> <span class='ocrx_word' id='word_1_75' title='bbox 682 1310 731 1385; x_wconf 77' lang='grc' dir='ltr'><em>τόν</em></span> <span class='ocrx_word' id='word_1_76' title='bbox 746 1319 854 1404; x_wconf 80' lang='grc' dir='ltr'><em>χέρες,</em></span> <span class='ocrx_word' id='word_1_77' title='bbox 870 1314 947 1383; x_wconf 86' lang='grc' dir='ltr'><em>ούτε</em></span> <span class='ocrx_word' id='word_1_78' title='bbox 960 1342 992 1384; x_wconf 89' lang='grc' dir='ltr'><em>τι</em></span> <span class='ocrx_word' id='word_1_79' title='bbox 1005 1317 1129 1403; x_wconf 81' lang='grc' dir='ltr'><em>μέσσης</em></span> 
     </span>
     <span class='ocr_line' id='line_1_12' title="bbox 246 1413 1159 1505; baseline -0.007 -18"><span class='ocrx_word' id='word_1_80' title='bbox 246 1425 419 1505; x_wconf 89' lang='grc' dir='ltr'><em>Λείπεται,</em></span> <span class='ocrx_word' id='word_1_81' title='bbox 437 1416 511 1487; x_wconf 79' lang='grc' dir='ltr'><em>ἀλλ’</em></span> <span class='ocrx_word' id='word_1_82' title='bbox 527 1415 647 1503; x_wconf 83' lang='grc' dir='ltr'><em>ίίδηλα</em></span> <span class='ocrx_word' id='word_1_83' title='bbox 660 1419 761 1484; x_wconf 80' lang='grc' dir='ltr'><em>πόλει.</em></span> <span class='ocrx_word' id='word_1_84' title='bbox 785 1413 868 1484; x_wconf 76' lang='grc' dir='ltr'><em>κατα</em></span> <span class='ocrx_word' id='word_1_85' title='bbox 882 1414 948 1504; x_wconf 80' lang='grc' dir='ltr'><em>χείρ</em></span> <span class='ocrx_word' id='word_1_86' title='bbox 962 1440 1022 1501; x_wconf 91' lang='grc' dir='ltr'><em>μιν</em></span> <span class='ocrx_word' id='word_1_87' title='bbox 1035 1417 1159 1498; x_wconf 76' lang='grc' dir='ltr'><em>ἐρείπει</em></span> 
     </span>
     <span class='ocr_line' id='line_1_13' title="bbox 244 1511 1126 1603; baseline -0.002 -21"><span class='ocrx_word' id='word_1_88' title='bbox 244 1522 321 1602; x_wconf 83' lang='grc' dir='ltr'><em>Πύρ</em></span> <span class='ocrx_word' id='word_1_89' title='bbox 335 1541 371 1583; x_wconf 88' lang='grc' dir='ltr'><em>τε</em></span> <span class='ocrx_word' id='word_1_90' title='bbox 385 1520 440 1583; x_wconf 77' lang='grc' dir='ltr'><em>καὶ</em></span> <span class='ocrx_word' id='word_1_91' title='bbox 454 1513 533 1595; x_wconf 83' lang='grc' dir='ltr'><em>ὀξύς</em></span> <span class='ocrx_word' id='word_1_92' title='bbox 544 1514 662 1603; x_wconf 65' lang='grc' dir='ltr'><em>Ἄρης,</em></span> <span class='ocrx_word' id='word_1_93' title='bbox 677 1513 863 1601; x_wconf 70' lang='grc' dir='ltr'><em>Ἀσιηχενές</em></span> <span class='ocrx_word' id='word_1_94' title='bbox 879 1511 969 1602; x_wconf 78' lang='grc' dir='ltr'><em>ι’ίρμα</em></span> <span class='ocrx_word' id='word_1_95' title='bbox 984 1515 1126 1581; x_wconf 76' lang='grc' dir='ltr'><em>διώκων.</em></span> 
     </span>
     <span class='ocr_line' id='line_1_14' title="bbox 244 1605 1173 1699; baseline 0.001 -21"><span class='ocrx_word' id='word_1_96' title='bbox 244 1609 360 1680; x_wconf 75' lang='grc' dir='ltr'><em>Πολλὰ</em></span> <span class='ocrx_word' id='word_1_97' title='bbox 372 1612 409 1679; x_wconf 73' lang='grc' dir='ltr'><em>δὲ</em></span> <span class='ocrx_word' id='word_1_98' title='bbox 419 1605 516 1681; x_wconf 80' lang='grc' dir='ltr'><em>κᾶλλ’</em></span> <span class='ocrx_word' id='word_1_99' title='bbox 530 1610 874 1699; x_wconf 79' lang='grc' dir='ltr'><em>ἄπολετπυργιύματα,</em></span> <span class='ocrx_word' id='word_1_100' title='bbox 885 1608 949 1680; x_wconf 84' lang='grc' dir='ltr'><em>κού</em></span> <span class='ocrx_word' id='word_1_101' title='bbox 958 1607 997 1679; x_wconf 83' lang='grc' dir='ltr'><em>τό</em></span> <span class='ocrx_word' id='word_1_102' title='bbox 1008 1608 1071 1679; x_wconf 87' lang='grc' dir='ltr'><em>σόν</em></span> <span class='ocrx_word' id='word_1_103' title='bbox 1082 1609 1173 1679; x_wconf 77' lang='grc' dir='ltr'><em>οἷον·</em></span> 
     </span>
     <span class='ocr_line' id='line_1_15' title="bbox 244 1709 1134 1805; baseline 0.003 -26"><span class='ocrx_word' id='word_1_104' title='bbox 244 1709 399 1792; x_wconf 81' lang='grc' dir='ltr'><em>Πολλούς</em></span> <span class='ocrx_word' id='word_1_105' title='bbox 413 1709 446 1781; x_wconf 88' lang='grc' dir='ltr'><em>δ’</em></span> <span class='ocrx_word' id='word_1_106' title='bbox 463 1711 647 1783; x_wconf 74' lang='grc' dir='ltr'><em>ἀθανάταν</em></span> <span class='ocrx_word' id='word_1_107' title='bbox 661 1712 765 1800; x_wconf 82' lang='grc' dir='ltr'><em>νηούς</em></span> <span class='ocrx_word' id='word_1_108' title='bbox 782 1720 914 1805; x_wconf 77' lang='grc' dir='ltr'><em>μαλερῷ</em></span> <span class='ocrx_word' id='word_1_109' title='bbox 927 1715 1009 1800; x_wconf 82' lang='grc' dir='ltr'><em>πυρὶ</em></span> <span class='ocrx_word' id='word_1_110' title='bbox 1023 1713 1134 1801; x_wconf 84' lang='grc' dir='ltr'><em>δόσει,</em></span> 
     </span>
     <span class='ocr_line' id='line_1_16' title="bbox 247 1814 958 1904; baseline 0 -22"><span class='ocrx_word' id='word_1_111' title='bbox 247 1817 292 1882; x_wconf 86' lang='grc' dir='ltr'><em>Οί</em></span> <span class='ocrx_word' id='word_1_112' title='bbox 304 1839 371 1882; x_wconf 87' lang='grc' dir='ltr'><em>που</em></span> <span class='ocrx_word' id='word_1_113' title='bbox 388 1820 454 1883; x_wconf 88' lang='grc' dir='ltr'><em>νύν</em></span> <span class='ocrx_word' id='word_1_114' title='bbox 468 1818 583 1900; x_wconf 76' lang='grc' dir='ltr'><em>ίδρύτι</em></span> <span class='ocrx_word' id='word_1_115' title='bbox 597 1815 776 1904; x_wconf 76' lang='grc' dir='ltr'><em>ῥεούμενοι</em></span> <span class='ocrx_word' id='word_1_116' title='bbox 792 1814 958 1900; x_wconf 81' lang='grc' dir='ltr'><em>ἑστήκασι,</em></span> 
     </span>
     <span class='ocr_line' id='line_1_17' title="bbox 244 1911 1147 2004; baseline -0.006 -18"><span class='ocrx_word' id='word_1_117' title='bbox 244 1923 385 2002; x_wconf 89' lang='grc' dir='ltr'><em>Δείματι</em></span> <span class='ocrx_word' id='word_1_118' title='bbox 402 1915 623 2004; x_wconf 81' lang='grc' dir='ltr'><em>παλλόμενοι,</em></span> <span class='ocrx_word' id='word_1_119' title='bbox 638 1912 724 1984; x_wconf 76' lang='grc' dir='ltr'><em>κατὰ</em></span> <span class='ocrx_word' id='word_1_120' title='bbox 735 1913 767 1983; x_wconf 87' lang='grc' dir='ltr'><em>δ’</em></span> <span class='ocrx_word' id='word_1_121' title='bbox 780 1912 975 2002; x_wconf 73' lang='grc' dir='ltr'><em>ἀκροτάτοις</em></span> <span class='ocrx_word' id='word_1_122' title='bbox 990 1911 1147 2001; x_wconf 86' lang='grc' dir='ltr'><em>ὀρόφοισι</em></span> 
     </span>
     <span class='ocr_line' id='line_1_18' title="bbox 244 2007 1150 2101; baseline -0.002 -20"><span class='ocrx_word' id='word_1_123' title='bbox 244 2009 336 2099; x_wconf 81' lang='grc' dir='ltr'><strong><em>Αἷμα</em></strong></span> <span class='ocrx_word' id='word_1_124' title='bbox 352 2016 457 2100; x_wconf 80' lang='grc' dir='ltr'><strong><em>μέλαν</em></strong></span> <span class='ocrx_word' id='word_1_125' title='bbox 473 2016 623 2101; x_wconf 81' lang='grc' dir='ltr'><em>κέχυται,</em></span> <span class='ocrx_word' id='word_1_126' title='bbox 641 2010 783 2097; x_wconf 79' lang='grc' dir='ltr'><em>προιδδν</em></span> <span class='ocrx_word' id='word_1_127' title='bbox 798 2010 979 2097; x_wconf 87' lang='grc' dir='ltr'><em>κακότητος</em></span> <span class='ocrx_word' id='word_1_128' title='bbox 992 2007 1150 2097; x_wconf 79' lang='grc' dir='ltr'><em>ύνόχκας.</em></span> 
     </span>
     <span class='ocr_line' id='line_1_19' title="bbox 240 2108 1159 2198; baseline -0.002 -19"><span class='ocrx_word' id='word_1_129' title='bbox 240 2108 328 2180; x_wconf 80' lang='grc' dir='ltr'><em>Ἀλλ’</em></span> <span class='ocrx_word' id='word_1_130' title='bbox 345 2120 418 2180; x_wconf 87' lang='grc' dir='ltr'><em>ίτον</em></span> <span class='ocrx_word' id='word_1_131' title='bbox 432 2113 465 2193; x_wconf 83' lang='grc' dir='ltr'><em>ἐξ</em></span> <span class='ocrx_word' id='word_1_132' title='bbox 480 2109 764 2198; x_wconf 78' lang='grc' dir='ltr'><em>ἄδύτοιο,κακολς</em></span> <span class='ocrx_word' id='word_1_133' title='bbox 777 2108 810 2178; x_wconf 90' lang='grc' dir='ltr'><em>δ’</em></span> <span class='ocrx_word' id='word_1_134' title='bbox 830 2113 1018 2179; x_wconf 77' lang='grc' dir='ltr'><em>ἐπικίδνατε</em></span> <span class='ocrx_word' id='word_1_135' title='bbox 1033 2110 1159 2196; x_wconf 83' lang='grc' dir='ltr'><em>θυμόν.</em></span> 
     </span>
     <span class='ocr_line' id='line_1_20' title="bbox 136 2205 1211 2298; baseline -0.004 -18"><span class='ocrx_word' id='word_1_136' title='bbox 136 2226 184 2280; x_wconf 68' lang='lat'><em>1⁴1</em></span> <span class='ocrx_word' id='word_1_137' title='bbox 205 2215 317 2277; x_wconf 82' lang='grc' dir='ltr'><em>Ταῦτα</em></span> <span class='ocrx_word' id='word_1_138' title='bbox 326 2205 530 2289; x_wconf 80' lang='grc' dir='ltr'><em>ἀκούσαντες</em></span> <span class='ocrx_word' id='word_1_139' title='bbox 542 2215 576 2278; x_wconf 88' lang='grc' dir='ltr'><em>οί</em></span> <span class='ocrx_word' id='word_1_140' title='bbox 579 2216 647 2278; x_wconf 75' lang='grc' dir='ltr'><em>τῶν</em></span> <span class='ocrx_word' id='word_1_141' title='bbox 654 2206 846 2295; x_wconf 76' lang='grc' dir='ltr'><em>Ἀθηναίων</em></span> <span class='ocrx_word' id='word_1_142' title='bbox 852 2209 1041 2297; x_wconf 73' lang='grc' dir='ltr'><em>θεοπρόποι</em></span> <span class='ocrx_word' id='word_1_143' title='bbox 1050 2217 1211 2298; x_wconf 79' lang='grc' dir='ltr'><em>συμφορῇ</em></span> 
     </span>
     <span class='ocr_line' id='line_1_21' title="bbox 200 2304 1208 2399; baseline -0.003 -21"><span class='ocrx_word' id='word_1_144' title='bbox 200 2317 241 2399; x_wconf 79' lang='grc' dir='ltr'><em>τῇ</em></span> <span class='ocrx_word' id='word_1_145' title='bbox 257 2315 394 2397; x_wconf 77' lang='grc' dir='ltr'><em>μεγίστη</em></span> <span class='ocrx_word' id='word_1_146' title='bbox 410 2312 571 2397; x_wconf 80' lang='grc' dir='ltr'><em>ἐχρέοντο.</em></span> <span class='ocrx_word' id='word_1_147' title='bbox 594 2310 824 2396; x_wconf 77' lang='grc' dir='ltr'><em>προβάλλουσι</em></span> <span class='ocrx_word' id='word_1_148' title='bbox 840 2310 877 2377; x_wconf 81' lang='grc' dir='ltr'><em>δὲ</em></span> <span class='ocrx_word' id='word_1_149' title='bbox 887 2310 991 2395; x_wconf 78' lang='grc' dir='ltr'><em>σφέας</em></span> <span class='ocrx_word' id='word_1_150' title='bbox 1002 2304 1127 2388; x_wconf 84' lang='grc' dir='ltr'><em>αύτούς</em></span> <span class='ocrx_word' id='word_1_151' title='bbox 1141 2306 1208 2376; x_wconf 79' lang='grc' dir='ltr'><em>ὑπὸ</em></span> 
     </span>
     <span class='ocr_line' id='line_1_22' title="bbox 200 2404 1210 2496; baseline -0.001 -22"><span class='ocrx_word' id='word_1_152' title='bbox 200 2414 262 2474; x_wconf 83' lang='grc' dir='ltr'><em>τού</em></span> <span class='ocrx_word' id='word_1_153' title='bbox 272 2412 380 2475; x_wconf 83' lang='grc' dir='ltr'><em>κακοῦ</em></span> <span class='ocrx_word' id='word_1_154' title='bbox 393 2413 455 2473; x_wconf 83' lang='grc' dir='ltr'><em>τού</em></span> <span class='ocrx_word' id='word_1_155' title='bbox 469 2411 696 2495; x_wconf 83' lang='grc' dir='ltr'><em>κεχρησμένου</em></span> <span class='ocrx_word' id='word_1_156' title='bbox 711 2414 825 2492; x_wconf 83' lang='grc' dir='ltr'><em>Τίμων</em></span> <span class='ocrx_word' id='word_1_157' title='bbox 836 2405 854 2474; x_wconf 86' lang='grc' dir='ltr'>ὁ</span> <span class='ocrx_word' id='word_1_158' title='bbox 867 2404 1125 2496; x_wconf 78' lang='grc' dir='ltr'><em>Ἀνδροβούλου,</em></span> <span class='ocrx_word' id='word_1_159' title='bbox 1140 2412 1210 2473; x_wconf 76' lang='grc' dir='ltr'><em>τῶν</em></span> 
     </span>
     <span class='ocr_line' id='line_1_23' title="bbox 200 2502 1210 2594; baseline -0.002 -21"><span class='ocrx_word' id='word_1_160' title='bbox 200 2510 348 2589; x_wconf 81' lang='grc' dir='ltr'><em>Δελφῶν</em></span> <span class='ocrx_word' id='word_1_161' title='bbox 363 2502 449 2592; x_wconf 79' lang='grc' dir='ltr'><em>ἀνὴρ</em></span> <span class='ocrx_word' id='word_1_162' title='bbox 465 2504 604 2593; x_wconf 84' lang='grc' dir='ltr'><em>δόκιμος</em></span> <span class='ocrx_word' id='word_1_163' title='bbox 622 2503 721 2591; x_wconf 83' lang='grc' dir='ltr'><em>ὁμοῖα</em></span> <span class='ocrx_word' id='word_1_164' title='bbox 741 2512 787 2594; x_wconf 79' lang='grc' dir='ltr'><em>τῷ</em></span> <span class='ocrx_word' id='word_1_165' title='bbox 802 2506 961 2592; x_wconf 75' lang='grc' dir='ltr'><em>μάλιστα,</em></span> <span class='ocrx_word' id='word_1_166' title='bbox 982 2505 1210 2593; x_wconf 77' lang='grc' dir='ltr'><em>συνεβούλωὲ</em></span> 
     </span>
     <span class='ocr_line' id='line_1_24' title="bbox 200 2598 1289 2694; baseline -0.001 -22"><span class='ocrx_word' id='word_1_167' title='bbox 200 2623 261 2690; x_wconf 85' lang='grc' dir='ltr'><em>σφι</em></span> <span class='ocrx_word' id='word_1_168' title='bbox 282 2608 448 2691; x_wconf 72' lang='grc' dir='ltr'><em>ἱκετηρίας</em></span> <span class='ocrx_word' id='word_1_169' title='bbox 461 2613 608 2694; x_wconf 76' lang='grc' dir='ltr'><em>λαβοῦσιΙ</em></span> <span class='ocrx_word' id='word_1_170' title='bbox 620 2605 760 2689; x_wconf 88' lang='grc' dir='ltr'><em>δεύτερα</em></span> <span class='ocrx_word' id='word_1_171' title='bbox 775 2598 869 2685; x_wconf 85' lang='grc' dir='ltr'><em>αύτις</em></span> <span class='ocrx_word' id='word_1_172' title='bbox 885 2604 1047 2694; x_wconf 76' lang='grc' dir='ltr'><em>ἐλθόντας</em></span> <span class='ocrx_word' id='word_1_173' title='bbox 1059 2610 1210 2691; x_wconf 70' lang='grc' dir='ltr'><em>χρᾶσθαι</em></span> <span class='ocrx_word' id='word_1_174' title='bbox 1274 2631 1289 2659; x_wconf 64' lang='grc' dir='ltr'><em>ν</em></span> 
     </span>
     <span class='ocr_line' id='line_1_25' title="bbox 199 2695 1209 2795; baseline 0 -26"><span class='ocrx_word' id='word_1_175' title='bbox 199 2708 245 2791; x_wconf 78' lang='grc' dir='ltr'><em>τῷ</em></span> <span class='ocrx_word' id='word_1_176' title='bbox 264 2710 451 2795; x_wconf 74' lang='grc' dir='ltr'><em>χρηστηρίῳ</em></span> <span class='ocrx_word' id='word_1_177' title='bbox 473 2702 517 2783; x_wconf 78' lang='grc' dir='ltr'><em>ὡς</em></span> <span class='ocrx_word' id='word_1_178' title='bbox 538 2707 656 2782; x_wconf 82' lang='grc' dir='ltr'><em>ίκότας.</em></span> <span class='ocrx_word' id='word_1_179' title='bbox 685 2707 918 2790; x_wconf 71' lang='grc' dir='ltr'><em>πειθομένοισι</em></span> <span class='ocrx_word' id='word_1_180' title='bbox 940 2695 1099 2772; x_wconf 72' lang='grc' dir='ltr'><em>δὲταῦτα</em></span> <span class='ocrx_word' id='word_1_181' title='bbox 1121 2716 1209 2770; x_wconf 78' lang='grc' dir='ltr'><em>τοῖσι</em></span> 
     </span>
     <span class='ocr_line' id='line_1_26' title="bbox 195 2797 1210 2891; baseline 0.006 -25"><span class='ocrx_word' id='word_1_182' title='bbox 195 2798 404 2887; x_wconf 75' lang='grc' dir='ltr'><em>Ἀθηναίοισι</em></span> <span class='ocrx_word' id='word_1_183' title='bbox 419 2805 474 2871; x_wconf 82' lang='grc' dir='ltr'><em>καὶ</em></span> <span class='ocrx_word' id='word_1_184' title='bbox 488 2805 639 2891; x_wconf 80' lang='grc' dir='ltr'><em>λέγουσι·</em></span> <span class='ocrx_word' id='word_1_185' title='bbox 656 2797 775 2889; x_wconf 72' lang='grc' dir='ltr'><em>Ὦναξ,</em></span> <span class='ocrx_word' id='word_1_186' title='bbox 790 2810 916 2890; x_wconf 80' lang='grc' dir='ltr'><em>χρῆσον</em></span> <span class='ocrx_word' id='word_1_187' title='bbox 928 2799 1008 2891; x_wconf 77' lang='grc' dir='ltr'><em>ἡμῖν</em></span> <span class='ocrx_word' id='word_1_188' title='bbox 1023 2802 1164 2891; x_wconf 75' lang='grc' dir='ltr'><em>ἄμεινόν</em></span> <span class='ocrx_word' id='word_1_189' title='bbox 1176 2831 1210 2872; x_wconf 88' lang='grc' dir='ltr'><em>τι</em></span> 
     </span>
     <span class='ocr_line' id='line_1_27' title="bbox 198 2899 1210 2991; baseline 0.004 -22"><span class='ocrx_word' id='word_1_190' title='bbox 198 2902 275 2983; x_wconf 83' lang='grc' dir='ltr'><em>περὶ</em></span> <span class='ocrx_word' id='word_1_191' title='bbox 285 2906 343 2988; x_wconf 78' lang='grc' dir='ltr'><em>τῆς</em></span> <span class='ocrx_word' id='word_1_192' title='bbox 353 2908 527 2991; x_wconf 88' lang='grc' dir='ltr'><em>πατρίδος,</em></span> <span class='ocrx_word' id='word_1_193' title='bbox 543 2906 709 2983; x_wconf 73' lang='grc' dir='ltr'><em>αἰδεσθεὶς</em></span> <span class='ocrx_word' id='word_1_194' title='bbox 719 2899 778 2983; x_wconf 76' lang='grc' dir='ltr'><em>τὰς</em></span> <span class='ocrx_word' id='word_1_195' title='bbox 788 2902 1073 2990; x_wconf 83' lang='grc' dir='ltr'><em>ίκετηρίαςτύσδε,</em></span> <span class='ocrx_word' id='word_1_196' title='bbox 1086 2903 1146 2985; x_wconf 77' lang='grc' dir='ltr'><em>τίς</em></span> <span class='ocrx_word' id='word_1_197' title='bbox 1155 2931 1210 2973; x_wconf 92' lang='grc' dir='ltr'><em>τοι</em></span> 
     </span>
     <span class='ocr_line' id='line_1_28' title="bbox 198 2996 1237 3090; baseline 0.008 -25"><span class='ocrx_word' id='word_1_198' title='bbox 198 2996 327 3086; x_wconf 78' lang='grc' dir='ltr'><em>ἥκομεν</em></span> <span class='ocrx_word' id='word_1_199' title='bbox 343 3002 519 3087; x_wconf 77' lang='grc' dir='ltr'><em>φέροντες·</em></span> <span class='ocrx_word' id='word_1_200' title='bbox 540 2997 563 3090; x_wconf 78' lang='grc' dir='ltr'><em>ἢ</em></span> <span class='ocrx_word' id='word_1_201' title='bbox 578 3000 620 3070; x_wconf 85' lang='grc' dir='ltr'><em>ού</em></span> <span class='ocrx_word' id='word_1_202' title='bbox 634 3027 686 3070; x_wconf 90' lang='grc' dir='ltr'><em>τοι</em></span> <span class='ocrx_word' id='word_1_203' title='bbox 702 3001 825 3088; x_wconf 79' lang='grc' dir='ltr'><em>ἄπιμεν</em></span> <span class='ocrx_word' id='word_1_204' title='bbox 841 3003 878 3070; x_wconf 85' lang='grc' dir='ltr'><em>ἐκ</em></span> <span class='ocrx_word' id='word_1_205' title='bbox 894 3007 955 3071; x_wconf 80' lang='grc' dir='ltr'><em>τοῦ</em></span> <span class='ocrx_word' id='word_1_206' title='bbox 969 2997 1114 3089; x_wconf 82' lang='grc' dir='ltr'><em>ἀδύτου,</em></span> <span class='ocrx_word' id='word_1_207' title='bbox 1130 2999 1207 3073; x_wconf 79' lang='grc' dir='ltr'><em>ἀλλ’</em></span> <span class='ocrx_word' id='word_1_208' title='bbox 1234 3008 1237 3015; x_wconf 82' lang='lat'>&#39;</span> 
     </span>
     <span class='ocr_line' id='line_1_29' title="bbox 130 3093 1209 3189; baseline 0.005 -23"><span class='ocrx_word' id='word_1_209' title='bbox 130 3144 135 3153; x_wconf 46' lang='grc' dir='ltr'><em>ι</em></span> <span class='ocrx_word' id='word_1_210' title='bbox 198 3093 305 3167; x_wconf 85' lang='grc' dir='ltr'><em>αύτοῦ</em></span> <span class='ocrx_word' id='word_1_211' title='bbox 321 3103 400 3188; x_wconf 72' lang='grc' dir='ltr'><em>τῇδε</em></span> <span class='ocrx_word' id='word_1_212' title='bbox 414 3104 593 3189; x_wconf 84' lang='grc' dir='ltr'><em>μενέομεν,</em></span> <span class='ocrx_word' id='word_1_213' title='bbox 609 3098 677 3170; x_wconf 85' lang='grc' dir='ltr'><em>ἐστ’</em></span> <span class='ocrx_word' id='word_1_214' title='bbox 694 3097 804 3169; x_wconf 76' lang='grc' dir='ltr'><em>ἄνκαὶ</em></span> <span class='ocrx_word' id='word_1_215' title='bbox 814 3097 1079 3187; x_wconf 79' lang='grc' dir='ltr'><em>τελευτήσωμεν·</em></span> <span class='ocrx_word' id='word_1_216' title='bbox 1101 3105 1209 3170; x_wconf 81' lang='grc' dir='ltr'><em>ταῦτα</em></span> 
     </span>
     <span class='ocr_line' id='line_1_30' title="bbox 198 3193 962 3287; baseline -0.003 -22"><span class='ocrx_word' id='word_1_217' title='bbox 198 3197 236 3265; x_wconf 78' lang='grc' dir='ltr'><em>δέ</em></span> <span class='ocrx_word' id='word_1_218' title='bbox 249 3199 384 3283; x_wconf 80' lang='grc' dir='ltr'><em>λέγουσι</em></span> <span class='ocrx_word' id='word_1_219' title='bbox 399 3193 421 3283; x_wconf 77' lang='grc' dir='ltr'><em>ἡ</em></span> <span class='ocrx_word' id='word_1_220' title='bbox 435 3197 620 3284; x_wconf 87' lang='grc' dir='ltr'><em>πρόμαντις</em></span> <span class='ocrx_word' id='word_1_221' title='bbox 632 3205 696 3287; x_wconf 80' lang='grc' dir='ltr'><em>χρᾷ</em></span> <span class='ocrx_word' id='word_1_222' title='bbox 711 3197 851 3285; x_wconf 88' lang='grc' dir='ltr'><em>δεύτερα</em></span> <span class='ocrx_word' id='word_1_223' title='bbox 866 3195 962 3264; x_wconf 80' lang='grc' dir='ltr'><em>τόδε·</em></span> 
     </span>
     <span class='ocr_line' id='line_1_31' title="bbox 242 3292 1108 3382; baseline -0.003 -20"><span class='ocrx_word' id='word_1_224' title='bbox 242 3292 294 3362; x_wconf 89' lang='grc' dir='ltr'><em>Ού</em></span> <span class='ocrx_word' id='word_1_225' title='bbox 309 3292 450 3361; x_wconf 89' lang='grc' dir='ltr'><em>δύναται</em></span> <span class='ocrx_word' id='word_1_226' title='bbox 465 3293 601 3374; x_wconf 80' lang='grc' dir='ltr'><em>Παλλὰς</em></span> <span class='ocrx_word' id='word_1_227' title='bbox 614 3294 672 3363; x_wconf 88' lang='grc' dir='ltr'><em>Δί’</em></span> <span class='ocrx_word' id='word_1_228' title='bbox 686 3293 867 3382; x_wconf 87' lang='grc' dir='ltr'><em>Ὀλύμπιον</em></span> <span class='ocrx_word' id='word_1_229' title='bbox 882 3294 1108 3377; x_wconf 77' lang='grc' dir='ltr'><em>ἐξιλάσασθαι,</em></span> 
     </span>
     <span class='ocr_line' id='line_1_32' title="bbox 240 3392 1085 3480; baseline -0.001 -21"><span class='ocrx_word' id='word_1_230' title='bbox 240 3392 429 3478; x_wconf 87' lang='grc' dir='ltr'><em>Λισσομένη</em></span> <span class='ocrx_word' id='word_1_231' title='bbox 444 3400 595 3461; x_wconf 74' lang='grc' dir='ltr'><em>πολλοῖσι</em></span> <span class='ocrx_word' id='word_1_232' title='bbox 609 3393 722 3479; x_wconf 82' lang='grc' dir='ltr'><em>λόχοις</em></span> <span class='ocrx_word' id='word_1_233' title='bbox 735 3395 790 3461; x_wconf 80' lang='grc' dir='ltr'><em>καὶ</em></span> <span class='ocrx_word' id='word_1_234' title='bbox 803 3393 915 3479; x_wconf 84' lang='grc' dir='ltr'><em>μήτιδι</em></span> <span class='ocrx_word' id='word_1_235' title='bbox 929 3398 1049 3480; x_wconf 77' lang='grc' dir='ltr'><em>πυκνῇ.</em></span> <span class='ocrx_word' id='word_1_236' title='bbox 1079 3399 1085 3411; x_wconf 74' lang='grc'><strong>“</strong></span> 
     </span>
     <span class='ocr_line' id='line_1_33' title="bbox 240 3481 1286 3576; baseline 0.005 -20"><span class='ocrx_word' id='word_1_237' title='bbox 240 3492 303 3556; x_wconf 88' lang='grc' dir='ltr'><em>Σοὶ</em></span> <span class='ocrx_word' id='word_1_238' title='bbox 320 3490 356 3556; x_wconf 76' lang='grc' dir='ltr'><em>δέ</em></span> <span class='ocrx_word' id='word_1_239' title='bbox 368 3485 440 3556; x_wconf 86' lang='grc' dir='ltr'><em>τόδ’</em></span> <span class='ocrx_word' id='word_1_240' title='bbox 459 3481 554 3567; x_wconf 81' lang='grc' dir='ltr'><em>αὖτις</em></span> <span class='ocrx_word' id='word_1_241' title='bbox 569 3494 647 3567; x_wconf 83' lang='grc' dir='ltr'><em>ἐντος</em></span> <span class='ocrx_word' id='word_1_242' title='bbox 659 3492 758 3576; x_wconf 86' lang='grc' dir='ltr'><em>ἐρέα,</em></span> <span class='ocrx_word' id='word_1_243' title='bbox 781 3486 947 3575; x_wconf 82' lang='grc' dir='ltr'><em>όδιίμαντι</em></span> <span class='ocrx_word' id='word_1_244' title='bbox 963 3488 1146 3568; x_wconf 76' lang='grc' dir='ltr'><em>πελάσσας·</em></span> <span class='ocrx_word' id='word_1_245' title='bbox 1271 3502 1286 3561; x_wconf 72' lang='grc' dir='ltr'><em>λ</em></span> 
     </span>
    </p>
   </div>
   <div class='ocr_carea' id='block_1_3' title="bbox 0 0 1314 3928">
    <p class='ocr_par' dir='ltr' id='par_1_3' title="bbox 0 0 1314 3928">
     <span class='ocr_line' id='line_1_34' title="bbox 0 0 1314 3928; baseline 0 0"><span class='ocrx_word' id='word_1_246' title='bbox 0 0 1314 3928; x_wconf 95' lang='lat' dir='ltr'><em> </em></span> 
     </span>
    </p>
   </div>
  </div>
 </body>
</html>
