2566 3934
188 265 251 332 128
560 266 811 325 HERonorl

187 436 365 518 σαμβρίης,
395 434 435 519 τῇ
456 427 492 496 66
513 424 531 496 6
554 426 652 505 νότος
674 432 739 493 νῦν
763 427 894 514 ἕστηκε,
913 427 1019 518 ταύπη
1035 427 1072 497 δὲ
1092 424 1188 517 ὀβο-
1217 488 1232 512 ,

186 531 279 617 ρέης,
302 534 332 596 εί
346 534 449 595 ταῦτα
467 523 555 594 οὕτω
570 522 644 612 εἶχε,
666 521 684 592 ὁ
699 523 792 612 ήλιος
807 521 851 593 66
865 522 1136 613 ἀπελαυνόμενος
1150 528 1189 597 έκ

185 632 289 713 μέσου
312 631 373 693 τού
397 622 547 714 ούρανοῦ
564 620 631 692 ὑπό
652 630 713 691 τού
733 631 894 711 χειμῶνος
910 627 966 694 καὶ
985 633 1047 695 τοῦ
1080 630 1188 716 βορέω

184 724 236 814 ήλε
251 719 295 792 ἀν
309 721 349 792 τά
365 721 435 793 ἀνω
450 730 507 811 τῆς
527 720 694 811 Εύράπης
715 722 863 808 κατάπερ
902 730 965 791 νύν
986 730 1043 811 τής
1057 723 1187 811 Λιβύης

186 833 323 915 ἔρχεται,
346 826 510 908 διεξιόντα
526 822 559 893 6²
575 823 618 892 66
638 851 697 912 μιν
711 823 766 894 666
781 825 888 912 πάσης
905 824 1071 913 Εὐρώπης
1085 830 1186 893 ἔλπο-

185 951 244 1010 μαι
264 927 391 1013 ποιέειν
413 920 456 992 ἀν
478 923 538 992 τόν
552 923 686 1012 Ἴστρον
715 922 818 1012 τάπερ
851 929 917 990 νῦν
941 923 1108 1012 ἐργάζεται
1124 919 1186 989 τόν

138 1041 170 1097 λλ
185 1032 318 1092 Νεῖλον.
363 1030 428 1110 Τής
445 1022 558 1144 αύρης
579 1023 615 1090 δέ
623 1025 720 1144 πέρι,
744 1021 796 1091 ότι
814 1018 877 1091 ούκ
891 1019 1067 1148 ἀποπνέει,
1083 1019 1185 1108 τήνδε

186 1128 247 1209 ἔχω
261 1120 410 1209 γνάμην,
433 1119 476 1200 ὡς
491 1123 597 1209 κάρτα
612 1119 677 1189 ἀπο
667 1119 850 1210 θερμέων
863 1124 999 1210 χωρέων
1015 1117 1078 1189 ούκ
1093 1117 1184 1197 οίκός

185 1227 253 1292 ἐστι
268 1212 368 1291 ούόέν
385 1219 628 1352 ἀποπνέειν,
589 1222 676 1359 αύρη
692 1219 762 1290 66’
743 1219 808 1290 666
827 1228 958 1310 ψυχροῦ
975 1219 1065 1299 τινός
1076 1220 1184 1307 φιλέει

185 1325 307 1392 πνέειν.

136 1443 170 1497 28
272 1427 383 1488 Ταῦτα
403 1420 464 1505 μέν
479 1444 546 1486 νυν
561 1416 682 1487 ἔστω’
661 1446 705 1498 ως
725 1423 793 1488 ἔστι
809 1444 845 1487 τε
862 1416 955 1488 καὶΡ
932 1444 976 1498 ως
989 1413 1092 1505 ἀρχήν
1107 1417 1181 1502 έγέ-

182 1549 268 1592 νετο.
304 1527 365 1590 τού
387 1522 423 1589 δὲ
443 1526 571 1589 Νείλου
587 1518 646 1601 τὰς
666 1519 774 1609 πηγάς
797 1518 874 1589 ούτε
887 1526 1081 1607 Αἰγυπτίων
1102 1515 1182 1586 ούτε

182 1624 321 1713 Λιβύων
338 1619 416 1691 ούτε
430 1620 599 1710 Ἑλλήνων
612 1628 681 1691 τόν
696 1620 801 1711 ἐμοί’
782 1624 995 1709 απικομένων
1013 1622 1045 1700 ές
1059 1618 1182 1706 λόγους

183 1720 324 1804 οὐδείς’
297 1726 465 1813 υπέσχετο
481 1747 497 1789 ε
498 1725 705 1810 ίδέναι,εέμ
681 1749 726 1810 μη
716 1720 781 1792 έν
795 1723 955 1814 Αίγύπτφ
971 1724 1008 1791 έν
1020 1721 1090 1791 Σάι·
1101 1719 1182 1790 πόλι

181 1819 200 1890 ό
225 1817 471 1909 γραμματιστής
494 1826 563 1888 τῶν
588 1825 672 1910 ίρύν
700 1822 879 1910 χρημάτων
906 1828 964 1910 τῆς
989 1819 1181 1909 Ἀθηναίης.

182 1913 280 2000 οὗτος
302 1918 333 1987 6’
359 1924 471 2004 ἔμοιγε
492 1924 619 2000 παίζειν
638 1920 751 1988 ἐδόκεε
772 1920 921 2007 φάμενος
942 1915 1100 1987 είδέναι’
1081 1943 1181 2004 ατρα-

181 2021 273 2098 κέως.
307 2023 399 2103 ἔλεγε
413 2016 449 2084 66
467 2007 549 2104 66,
572 2015 657 2084 εἶναι
674 2018 736 2086 δύο
752 2016 856 2106 ούρεα
871 2020 904 2098 ές
919 2014 978 2099 ὀξύ
995 2014 1054 2096 τάς
1074 2042 1181 2103 κορυ-
1273 2096 1274 2103 χ

182 2114 248 2204 φάς
269 2113 458 2204 ἀπηγμένα,
487 2113 608 2200 μεταξύ
629 2115 767 2203 Συήνης
786 2141 822 2185 τε
836 2116 952 2198 πόλιος
972 2124 1107 2204 κείμενα
1120 2122 1181 2204 τῆς

181 2218 347 2303 Θηβαίδος
371 2214 427 2281 καὶ
448 2210 697 2301 Ἐλεφαντίνης,
725 2210 896 2302 ούνόματα
922 2214 958 2284 δὲ
983 2214 1066 2283 εἶναι
1092 2231 1180 2285 τοῖσι

99 2370 102 2375 .
181 2313 356 2403 ούρεσιτῷ
370 2311 585 2402 μένΚράφι,
607 2321 653 2406 τῷ
669 2316 838 2403 ἃέΜοίφι.
876 2313 934 2397 τάς
950 2309 998 2386 ἀν
1014 2314 1053 2406 δή
1070 2317 1180 2405 πηγάς

180 2418 241 2480 τού
256 2415 383 2478 Νείλου
398 2409 517 2491 ἐούσας
532 2409 701 2499 ἀβύσσους
718 2415 755 2503 έκ
770 2420 832 2481 τοῦ
848 2417 951 2500 μέσον
964 2422 1034 2484 τάν
1049 2415 1180 2503 οὐρέων

179 2509 310 2578 τούτων
329 2509 434 2596 ήέειν,
462 2512 517 2576 καί
531 2508 568 2577 τό
583 2512 645 2597 μὲν
665 2509 769 2599 ήμισυ
783 2519 845 2582 τού
859 2511 979 2594 ύόατος
994 2512 1115 2585 έπ’ί
1068 2523 1101 2584 Α
1101 2517 1180 2603 ίγύ-

179 2632 264 2676 πτου
277 2607 367 2697 ῥέειν
380 2605 532 2696 καὶπρὸς
545 2609 821 2700 βορέηνάνεμον,
843 2639 880 2682 το
869 2610 964 2681 ““ὃ’
944 2639 1060 2702 ετερου
1072 2613 1180 2703 ήμισυ
1273 2630 1274 2635 ’

179 2705 231 2775 ἐπ’
253 2712 434 2793 Αίθιοπίης
459 2732 495 2776 τε
519 2710 575 2776 καλ
595 2708 707 2780 νότου.
754 2709 860 2791 ὡςδὲ
885 2711 1030 2814 ἀβυσσοί
1054 2721 1117 2784 είσι
1143 2721 1182 2787 ac

178 2810 297 2893 πηγαὶ,
320 2807 353 2885 ές
370 2806 547 2896 διάπειραν
562 2813 626 2896 ἔφη
639 2811 762 2880 τούτου
769 2809 991 2935 Ψαμμήτιχον
1002 2816 1179 2901 Αίγύπτου

178 2909 315 2998 βασιλέα
327 2903 525 2979 ἀπικέσθαι.
567 2913 717 2980 πολλέων
737 2910 803 3002 γάρ
823 2909 929 2981 αύτόυ
943 2913 1133 2999 χιλιάδων’
1117 2942 1180 3000 ορ-
1273 2898 1274 2913 ³

179 3010 303 3097 γυιέων
323 3009 530 3097 πλεξάμενον
545 3012 650 3082 κάλον
669 3029 817 3083 κατεῖναι
837 3012 941 3103 ταύτη
962 3013 1073 3084 καλ’
1034 3040 1095 3084 ουκ
1111 3019 1181 3098 έξι-
1273 3016 1274 3065 3

179 3109 300 3178 κέσθαι
322 3109 355 3187 ές
375 3108 513 3195 βυσσόν.
557 3109 646 3179 οὕτω
666 3113 728 3200 μὲν
753 3110 794 3199 δή
820 3109 838 3180 ὁ
861 3109 1123 3201 γραμματιστής,
1150 3121 1183 3182 εί
1273 3112 1274 3139 ³

179 3205 244 3295 άροι
268 3213 372 3275 ταῦτα
396 3207 562 3295 γενόμενα
590 3215 698 3299 ἔλεγε,
721 3210 903 3299 ἀπέφαινε,
926 3207 971 3291 ὡς
995 3211 1052 3297 ἐμὲ
1076 3236 1182 3280 κατα·
1273 3224 1274 3305 λ

178 3309 298 3389 νοέειν,
314 3311 407 3385 δίνας
431 3303 525 3385 τινάς
547 3308 651 3399 ταύτη
677 3313 796 3390 έούσας
819 3305 957 3398 ίσχνράς
982 3311 1038 3377 καλ
1058 3315 1182 3397 παλίρ-
1273 3310 1274 3365 ἶ

178 3399 367 3493 ροιαν,οα
389 3402 660 3492 όέέμβάλλουτος
680 3414 742 3476 τού
761 3407 883 3486 ύόατος
896 3420 982 3477 τοίσι
996 3405 1110 3492 ούρεσι
1132 3405 1179 3499 μή

173 3504 347 3579 Ιδύνασθαι
361 3503 559 3593 κατιεμένην
573 3510 873 3634 καταπειρητηρίην
887 3507 921 3586 ές
933 3502 1093 3595 βοσσόνί
1079 3508 1177 3579 ίέυαι
