<?xml version="1.0" encoding="UTF-8"?>
<!DOCTYPE html PUBLIC "-//W3C//DTD XHTML 1.0 Transitional//EN"
    "http://www.w3.org/TR/xhtml1/DTD/xhtml1-transitional.dtd">
<html xmlns="http://www.w3.org/1999/xhtml" xml:lang="en" lang="en">
 <head>
  <title>
</title>
<meta http-equiv="Content-Type" content="text/html;charset=utf-8" />
  <meta name='ocr-system' content='tesseract 3.04.00' />
  <meta name='ocr-capabilities' content='ocr_page ocr_carea ocr_par ocr_line ocrx_word'/>
</head>
<body>
  <div class='ocr_page' id='page_1' title='image "./historiarumlibr03herogoog_0475.png"; bbox 0 0 2626 3932; ppageno 0'>
   <div class='ocr_carea' id='block_1_1' title="bbox 194 233 822 298">
    <p class='ocr_par' dir='ltr' id='par_1_1' title="bbox 194 233 822 298">
     <span class='ocr_line' id='line_1_1' title="bbox 194 233 822 298; baseline -0.014 0"><span class='ocrx_word' id='word_1_1' title='bbox 194 233 236 298; x_wconf 84' lang='grc'><strong><em>58</em></strong></span> <span class='ocrx_word' id='word_1_2' title='bbox 570 233 822 290; x_wconf 76' lang='lat' dir='ltr'><strong>HERODOTI</strong></span> 
     </span>
    </p>
   </div>
   <div class='ocr_carea' id='block_1_2' title="bbox 129 386 1301 3532">
    <p class='ocr_par' dir='ltr' id='par_1_2' title="bbox 194 386 1301 1771">
     <span class='ocr_line' id='line_1_2' title="bbox 194 386 1206 484; baseline -0.004 -20"><span class='ocrx_word' id='word_1_3' title='bbox 194 394 315 484; x_wconf 86' lang='grc' dir='ltr'><strong><em>στήλας</em></strong></span> <span class='ocrx_word' id='word_1_4' title='bbox 331 394 534 480; x_wconf 80' lang='grc' dir='ltr'><strong><em>καλεομένας</em></strong></span> <span class='ocrx_word' id='word_1_5' title='bbox 554 392 610 459; x_wconf 78' lang='grc' dir='ltr'><strong><em>καὶ</em></strong></span> <span class='ocrx_word' id='word_1_6' title='bbox 624 386 776 477; x_wconf 85' lang='grc' dir='ltr'><strong><em>ποταμόν</em></strong></span> <span class='ocrx_word' id='word_1_7' title='bbox 790 389 980 478; x_wconf 76' lang='grc' dir='ltr'><em>Μαρσύην,</em></span> <span class='ocrx_word' id='word_1_8' title='bbox 1002 389 1040 471; x_wconf 79' lang='grc' dir='ltr'><strong><em>ὃς</em></strong></span> <span class='ocrx_word' id='word_1_9' title='bbox 1055 394 1143 481; x_wconf 74' lang='grc' dir='ltr'><strong><em>δέων</em></strong></span> <span class='ocrx_word' id='word_1_10' title='bbox 1163 394 1206 461; x_wconf 79' lang='grc' dir='ltr'><strong><em>ἐκ</em></strong></span> 
     </span>
     <span class='ocr_line' id='line_1_3' title="bbox 194 485 1206 582; baseline -0.008 -19"><span class='ocrx_word' id='word_1_11' title='bbox 194 501 253 582; x_wconf 87' lang='grc' dir='ltr'><strong><em>τής</em></strong></span> <span class='ocrx_word' id='word_1_12' title='bbox 268 490 430 580; x_wconf 76' lang='grc' dir='ltr'><strong><em>Ἰδριάδος</em></strong></span> <span class='ocrx_word' id='word_1_13' title='bbox 442 489 553 577; x_wconf 92' lang='grc' dir='ltr'><strong><em>χώρης</em></strong></span> <span class='ocrx_word' id='word_1_14' title='bbox 573 490 606 567; x_wconf 86' lang='grc' dir='ltr'><strong><em>ές</em></strong></span> <span class='ocrx_word' id='word_1_15' title='bbox 619 485 681 556; x_wconf 85' lang='grc' dir='ltr'><strong><em>τὸν</em></strong></span> <span class='ocrx_word' id='word_1_16' title='bbox 694 491 898 575; x_wconf 86' lang='grc' dir='ltr'><strong><em>Μαίανδρον</em></strong></span> <span class='ocrx_word' id='word_1_17' title='bbox 914 490 1048 557; x_wconf 77' lang='grc' dir='ltr'><strong><em>έιιδιδολ.</em></strong></span> <span class='ocrx_word' id='word_1_18' title='bbox 1080 496 1206 557; x_wconf 88' lang='grc' dir='ltr'><strong><em>συλλε-</em></strong></span> 
     </span>
     <span class='ocr_line' id='line_1_4' title="bbox 194 584 1205 679; baseline -0.005 -19"><span class='ocrx_word' id='word_1_19' title='bbox 194 594 347 679; x_wconf 86' lang='grc' dir='ltr'><strong><em>χθέντων</em></strong></span> <span class='ocrx_word' id='word_1_20' title='bbox 362 588 399 658; x_wconf 70' lang='grc' dir='ltr'><strong><em>δέ</em></strong></span> <span class='ocrx_word' id='word_1_21' title='bbox 412 594 482 656; x_wconf 83' lang='grc' dir='ltr'><strong><em>τών</em></strong></span> <span class='ocrx_word' id='word_1_22' title='bbox 496 591 622 674; x_wconf 85' lang='grc' dir='ltr'><strong><em>Καρᾶυ</em></strong></span> <span class='ocrx_word' id='word_1_23' title='bbox 637 588 789 656; x_wconf 84' lang='grc' dir='ltr'><strong><em>ένθαᾶτα</em></strong></span> <span class='ocrx_word' id='word_1_24' title='bbox 802 587 953 672; x_wconf 78' lang='grc' dir='ltr'><strong><em>ἐγίνοντο</em></strong></span> <span class='ocrx_word' id='word_1_25' title='bbox 967 590 1088 675; x_wconf 72' lang='grc' dir='ltr'><strong><em>βουλαὶ</em></strong></span> <span class='ocrx_word' id='word_1_26' title='bbox 1101 584 1205 657; x_wconf 87' lang='grc' dir='ltr'><strong><em>ᾶλλαι</em></strong></span> 
     </span>
     <span class='ocr_line' id='line_1_5' title="bbox 194 683 1206 774; baseline -0.005 -16"><span class='ocrx_word' id='word_1_27' title='bbox 194 717 231 758; x_wconf 89' lang='grc' dir='ltr'><strong><em>τε</em></strong></span> <span class='ocrx_word' id='word_1_28' title='bbox 246 690 366 757; x_wconf 78' lang='grc' dir='ltr'><strong><em>πολλαὶ</em></strong></span> <span class='ocrx_word' id='word_1_29' title='bbox 379 689 435 755; x_wconf 76' lang='grc' dir='ltr'><strong><em>καὶ</em></strong></span> <span class='ocrx_word' id='word_1_30' title='bbox 449 683 566 774; x_wconf 81' lang='grc' dir='ltr'><strong><em>ἀρίστη</em></strong></span> <span class='ocrx_word' id='word_1_31' title='bbox 580 709 619 771; x_wconf 90' lang='grc' dir='ltr'><strong><em>γε</em></strong></span> <span class='ocrx_word' id='word_1_32' title='bbox 634 687 798 763; x_wconf 74' lang='grc' dir='ltr'><strong><em>δοκέουσα</em></strong></span> <span class='ocrx_word' id='word_1_33' title='bbox 812 683 899 753; x_wconf 85' lang='grc' dir='ltr'><strong><em>εἶναι</em></strong></span> <span class='ocrx_word' id='word_1_34' title='bbox 913 687 987 773; x_wconf 81' lang='grc' dir='ltr'><strong><em>έμοδ</em></strong></span> <span class='ocrx_word' id='word_1_35' title='bbox 998 685 1206 774; x_wconf 78' lang='grc' dir='ltr'><em>Πιξωδάρου</em></span> 
     </span>
     <span class='ocr_line' id='line_1_6' title="bbox 194 781 1206 872; baseline -0.005 -15"><span class='ocrx_word' id='word_1_36' title='bbox 194 795 256 857; x_wconf 85' lang='grc' dir='ltr'><strong><em>τοῦ</em></strong></span> <span class='ocrx_word' id='word_1_37' title='bbox 272 786 470 856; x_wconf 73' lang='grc' dir='ltr'><strong><em>Μαυσώλου</em></strong></span> <span class='ocrx_word' id='word_1_38' title='bbox 484 781 609 872; x_wconf 82' lang='grc' dir='ltr'><strong><em>ἀνδρὸς</em></strong></span> <span class='ocrx_word' id='word_1_39' title='bbox 618 785 799 870; x_wconf 91' lang='grc' dir='ltr'><strong><em>Κινδυέος,</em></strong></span> <span class='ocrx_word' id='word_1_40' title='bbox 815 781 852 863; x_wconf 78' lang='grc' dir='ltr'><strong><em>ὃς</em></strong></span> <span class='ocrx_word' id='word_1_41' title='bbox 866 791 929 853; x_wconf 84' lang='grc' dir='ltr'><strong><em>τοῦ</em></strong></span> <span class='ocrx_word' id='word_1_42' title='bbox 938 790 1088 854; x_wconf 77' lang='grc' dir='ltr'><strong><em>Κιλίκων</em></strong></span> <span class='ocrx_word' id='word_1_43' title='bbox 1103 792 1206 871; x_wconf 89' lang='grc' dir='ltr'><strong><em>βασι-</em></strong></span> 
     </span>
     <span class='ocr_line' id='line_1_7' title="bbox 195 880 1202 970; baseline -0.005 -15"><span class='ocrx_word' id='word_1_44' title='bbox 195 888 269 966; x_wconf 89' lang='grc' dir='ltr'><strong><em>λέος</em></strong></span> <span class='ocrx_word' id='word_1_45' title='bbox 284 888 488 964; x_wconf 71' lang='grc' dir='ltr'><strong><em>Συεννέσιος</em></strong></span> <span class='ocrx_word' id='word_1_46' title='bbox 508 881 573 970; x_wconf 76' lang='grc' dir='ltr'><strong><em>εἶχε</em></strong></span> <span class='ocrx_word' id='word_1_47' title='bbox 591 883 772 969; x_wconf 86' lang='grc' dir='ltr'><strong><em>θυγατέρα.</em></strong></span> <span class='ocrx_word' id='word_1_48' title='bbox 805 882 929 951; x_wconf 90' lang='grc' dir='ltr'><strong><em>τούτου</em></strong></span> <span class='ocrx_word' id='word_1_49' title='bbox 950 891 1013 952; x_wconf 82' lang='grc' dir='ltr'><strong><em>τοῦ</em></strong></span> <span class='ocrx_word' id='word_1_50' title='bbox 1032 880 1156 966; x_wconf 78' lang='grc' dir='ltr'><strong><em>ἀνδρὸς</em></strong></span> <span class='ocrx_word' id='word_1_51' title='bbox 1179 880 1202 969; x_wconf 82' lang='grc' dir='ltr'><em>ἡ</em></span> 
     </span>
     <span class='ocr_line' id='line_1_8' title="bbox 194 980 1203 1076; baseline -0.005 -19"><span class='ocrx_word' id='word_1_52' title='bbox 194 987 311 1076; x_wconf 89' lang='grc' dir='ltr'><strong><em>γνώμη</em></strong></span> <span class='ocrx_word' id='word_1_53' title='bbox 328 992 427 1074; x_wconf 84' lang='grc' dir='ltr'><strong><em>έφερε</em></strong></span> <span class='ocrx_word' id='word_1_54' title='bbox 441 983 622 1073; x_wconf 81' lang='grc' dir='ltr'><strong><em>διαβάντας</em></strong></span> <span class='ocrx_word' id='word_1_55' title='bbox 636 981 698 1052; x_wconf 84' lang='grc' dir='ltr'><strong><em>τόν</em></strong></span> <span class='ocrx_word' id='word_1_56' title='bbox 708 986 913 1068; x_wconf 89' lang='grc' dir='ltr'><strong><em>Μαίανδρον</em></strong></span> <span class='ocrx_word' id='word_1_57' title='bbox 926 980 1006 1063; x_wconf 84' lang='grc' dir='ltr'><strong><em>τούς</em></strong></span> <span class='ocrx_word' id='word_1_58' title='bbox 1016 989 1133 1072; x_wconf 91' lang='grc' dir='ltr'><strong><em>Κᾶρας</em></strong></span> <span class='ocrx_word' id='word_1_59' title='bbox 1146 985 1203 1052; x_wconf 79' lang='grc' dir='ltr'><strong><em>κοιλ</em></strong></span> 
     </span>
     <span class='ocr_line' id='line_1_9' title="bbox 195 1078 1203 1171; baseline -0.005 -16"><span class='ocrx_word' id='word_1_60' title='bbox 195 1084 279 1155; x_wconf 80' lang='grc' dir='ltr'><strong><em>κατὰ</em></strong></span> <span class='ocrx_word' id='word_1_61' title='bbox 294 1085 406 1154; x_wconf 89' lang='grc' dir='ltr'><strong><em>νώτου</em></strong></span> <span class='ocrx_word' id='word_1_62' title='bbox 421 1090 556 1171; x_wconf 85' lang='grc' dir='ltr'><strong><em>έχοντας</em></strong></span> <span class='ocrx_word' id='word_1_63' title='bbox 569 1080 631 1151; x_wconf 84' lang='grc' dir='ltr'><strong><em>τόν</em></strong></span> <span class='ocrx_word' id='word_1_64' title='bbox 643 1078 795 1170; x_wconf 84' lang='grc' dir='ltr'><strong><em>ποταμόν</em></strong></span> <span class='ocrx_word' id='word_1_65' title='bbox 806 1080 895 1151; x_wconf 87' lang='grc' dir='ltr'><strong><em>ούτω</em></strong></span> <span class='ocrx_word' id='word_1_66' title='bbox 911 1082 1128 1170; x_wconf 75' lang='grc' dir='ltr'><strong><em>συμβάλλειν,</em></strong></span> <span class='ocrx_word' id='word_1_67' title='bbox 1143 1085 1203 1151; x_wconf 77' lang='grc' dir='ltr'><strong><em>ἰ’να</em></strong></span> 
     </span>
     <span class='ocr_line' id='line_1_10' title="bbox 194 1181 1204 1273; baseline -0.001 -19"><span class='ocrx_word' id='word_1_68' title='bbox 194 1183 239 1273; x_wconf 83' lang='grc' dir='ltr'><strong><em>μή</em></strong></span> <span class='ocrx_word' id='word_1_69' title='bbox 263 1190 392 1272; x_wconf 83' lang='grc' dir='ltr'><strong><em>ἔχοντες</em></strong></span> <span class='ocrx_word' id='word_1_70' title='bbox 417 1182 522 1253; x_wconf 88' lang='grc' dir='ltr'><strong><em>όπίσω</em></strong></span> <span class='ocrx_word' id='word_1_71' title='bbox 545 1183 687 1269; x_wconf 78' lang='grc' dir='ltr'><strong><em>φεύγειν</em></strong></span> <span class='ocrx_word' id='word_1_72' title='bbox 710 1187 745 1252; x_wconf 80' lang='grc' dir='ltr'><strong><em>οῖ</em></strong></span> <span class='ocrx_word' id='word_1_73' title='bbox 763 1188 874 1270; x_wconf 89' lang='grc' dir='ltr'><strong><em>Κᾶρες</em></strong></span> <span class='ocrx_word' id='word_1_74' title='bbox 899 1181 1004 1251; x_wconf 79' lang='grc' dir='ltr'><strong><em>αὐτοῦ</em></strong></span> <span class='ocrx_word' id='word_1_75' title='bbox 1029 1208 1065 1251; x_wconf 85' lang='grc' dir='ltr'><strong><em>τε</em></strong></span> <span class='ocrx_word' id='word_1_76' title='bbox 1086 1186 1204 1271; x_wconf 84' lang='grc' dir='ltr'><strong><em>μένειν</em></strong></span> 
     </span>
     <span class='ocr_line' id='line_1_11' title="bbox 194 1279 1202 1369; baseline -0.001 -17"><span class='ocrx_word' id='word_1_77' title='bbox 194 1279 458 1368; x_wconf 78' lang='grc' dir='ltr'><strong><em>ἀναγκαζόμενοι</em></strong></span> <span class='ocrx_word' id='word_1_78' title='bbox 473 1288 625 1368; x_wconf 90' lang='grc' dir='ltr'><strong><em>γενοίατο</em></strong></span> <span class='ocrx_word' id='word_1_79' title='bbox 640 1286 688 1349; x_wconf 82' lang='grc' dir='ltr'><strong><em>ἔτι</em></strong></span> <span class='ocrx_word' id='word_1_80' title='bbox 702 1279 876 1368; x_wconf 82' lang='grc' dir='ltr'><strong><em>ἀμείνονες</em></strong></span> <span class='ocrx_word' id='word_1_81' title='bbox 888 1287 947 1368; x_wconf 77' lang='grc' dir='ltr'><strong><em>τῆς</em></strong></span> <span class='ocrx_word' id='word_1_82' title='bbox 960 1282 1091 1368; x_wconf 88' lang='grc' dir='ltr'><strong><em>φύσιος.</em></strong></span> <span class='ocrx_word' id='word_1_83' title='bbox 1114 1280 1202 1369; x_wconf 77' lang='grc' dir='ltr'><strong><em>αὕτη</em></strong></span> 
     </span>
     <span class='ocr_line' id='line_1_12' title="bbox 195 1375 1203 1470; baseline 0.001 -20"><span class='ocrx_word' id='word_1_84' title='bbox 195 1385 258 1470; x_wconf 87' lang='grc' dir='ltr'><strong><em>μέν</em></strong></span> <span class='ocrx_word' id='word_1_85' title='bbox 268 1406 335 1449; x_wconf 91' lang='grc' dir='ltr'><strong><em>νυν</em></strong></span> <span class='ocrx_word' id='word_1_86' title='bbox 345 1378 408 1451; x_wconf 81' lang='grc' dir='ltr'><strong><em>οὐκ</em></strong></span> <span class='ocrx_word' id='word_1_87' title='bbox 420 1383 513 1449; x_wconf 85' lang='grc' dir='ltr'><strong><em>έυίκα</em></strong></span> <span class='ocrx_word' id='word_1_88' title='bbox 523 1378 545 1467; x_wconf 83' lang='grc' dir='ltr'><em>ἡ</em></span> <span class='ocrx_word' id='word_1_89' title='bbox 555 1379 684 1467; x_wconf 86' lang='grc' dir='ltr'><strong><em>γνώμη,</em></strong></span> <span class='ocrx_word' id='word_1_90' title='bbox 693 1375 778 1448; x_wconf 84' lang='grc' dir='ltr'><strong><em>ᾶλλᾶ</em></strong></span> <span class='ocrx_word' id='word_1_91' title='bbox 788 1382 1027 1470; x_wconf 81' lang='grc' dir='ltr'><strong><em>τοίσιΠέρσησι</em></strong></span> <span class='ocrx_word' id='word_1_92' title='bbox 1036 1380 1120 1451; x_wconf 86' lang='grc' dir='ltr'><strong><em>κατᾶ</em></strong></span> <span class='ocrx_word' id='word_1_93' title='bbox 1131 1383 1203 1451; x_wconf 90' lang='grc' dir='ltr'><strong><em>νώ-</em></strong></span> 
     </span>
     <span class='ocr_line' id='line_1_13' title="bbox 194 1473 1201 1567; baseline 0.001 -20"><span class='ocrx_word' id='word_1_94' title='bbox 194 1506 256 1547; x_wconf 94' lang='grc' dir='ltr'><strong><em>του</em></strong></span> <span class='ocrx_word' id='word_1_95' title='bbox 270 1485 426 1565; x_wconf 85' lang='grc' dir='ltr'><strong><em>γίνεσθαι</em></strong></span> <span class='ocrx_word' id='word_1_96' title='bbox 445 1475 506 1545; x_wconf 80' lang='grc' dir='ltr'><strong><em>τὸν</em></strong></span> <span class='ocrx_word' id='word_1_97' title='bbox 522 1481 724 1561; x_wconf 84' lang='grc' dir='ltr'><strong><em>Μαίανδρον</em></strong></span> <span class='ocrx_word' id='word_1_98' title='bbox 739 1483 867 1561; x_wconf 88' lang='grc' dir='ltr'><strong><em>μᾶλλον</em></strong></span> <span class='ocrx_word' id='word_1_99' title='bbox 886 1473 909 1563; x_wconf 83' lang='grc' dir='ltr'><strong><em>ή</em></strong></span> <span class='ocrx_word' id='word_1_100' title='bbox 928 1484 1040 1565; x_wconf 85' lang='grc' dir='ltr'><strong><em>σφίσι,</em></strong></span> <span class='ocrx_word' id='word_1_101' title='bbox 1061 1478 1201 1567; x_wconf 77' lang='grc' dir='ltr'><strong><em>δηλαδή,</em></strong></span> 
     </span>
     <span class='ocr_line' id='line_1_14' title="bbox 195 1572 1301 1665; baseline 0 -22"><span class='ocrx_word' id='word_1_102' title='bbox 195 1572 239 1662; x_wconf 86' lang='grc' dir='ltr'><strong><em>ήν</em></strong></span> <span class='ocrx_word' id='word_1_103' title='bbox 254 1572 346 1661; x_wconf 85' lang='grc' dir='ltr'><strong><em>φυγή</em></strong></span> <span class='ocrx_word' id='word_1_104' title='bbox 366 1580 434 1641; x_wconf 84' lang='grc' dir='ltr'><strong><em>τών</em></strong></span> <span class='ocrx_word' id='word_1_105' title='bbox 447 1575 606 1658; x_wconf 85' lang='grc' dir='ltr'><strong><em>Περσέων</em></strong></span> <span class='ocrx_word' id='word_1_106' title='bbox 625 1577 762 1659; x_wconf 87' lang='grc' dir='ltr'><strong><em>γένηται</em></strong></span> <span class='ocrx_word' id='word_1_107' title='bbox 778 1575 834 1642; x_wconf 83' lang='grc' dir='ltr'><strong><em>καὶ</em></strong></span> <span class='ocrx_word' id='word_1_108' title='bbox 848 1576 1039 1645; x_wconf 77' lang='grc' dir='ltr'><strong><em>ἑσσωθέωσι</em></strong></span> <span class='ocrx_word' id='word_1_109' title='bbox 1058 1582 1099 1665; x_wconf 82' lang='grc' dir='ltr'><strong><em>τη</em></strong></span> <span class='ocrx_word' id='word_1_110' title='bbox 1113 1595 1203 1663; x_wconf 88' lang='grc' dir='ltr'><strong><em>συμ-</em></strong></span> <span class='ocrx_word' id='word_1_111' title='bbox 1300 1572 1301 1591; x_wconf 72' lang='lat'>³</span> 
     </span>
     <span class='ocr_line' id='line_1_15' title="bbox 196 1670 1301 1771; baseline 0.001 -28"><span class='ocrx_word' id='word_1_112' title='bbox 196 1680 297 1765; x_wconf 76' lang='grc' dir='ltr'><strong><em>βολῇ,</em></strong></span> <span class='ocrx_word' id='word_1_113' title='bbox 313 1671 358 1752; x_wconf 78' lang='grc' dir='ltr'><strong><em>ὡς</em></strong></span> <span class='ocrx_word' id='word_1_114' title='bbox 373 1671 436 1741; x_wconf 88' lang='grc' dir='ltr'><strong><em>ούκ</em></strong></span> <span class='ocrx_word' id='word_1_115' title='bbox 450 1670 718 1760; x_wconf 74' lang='grc' dir='ltr'><strong><em>ἀπονοστήσουσι</em></strong></span> <span class='ocrx_word' id='word_1_116' title='bbox 732 1675 766 1752; x_wconf 88' lang='grc' dir='ltr'><strong><em>ές</em></strong></span> <span class='ocrx_word' id='word_1_117' title='bbox 779 1671 841 1742; x_wconf 83' lang='grc' dir='ltr'><strong><em>τόν</em></strong></span> <span class='ocrx_word' id='word_1_118' title='bbox 854 1672 1007 1762; x_wconf 80' lang='grc' dir='ltr'><strong><em>ποταμόν</em></strong></span> <span class='ocrx_word' id='word_1_119' title='bbox 1020 1677 1202 1744; x_wconf 80' lang='grc' dir='ltr'><strong><em>έσπίπτου-</em></strong></span> <span class='ocrx_word' id='word_1_120' title='bbox 1300 1760 1301 1771; x_wconf 24' lang='grc' dir='ltr'><strong><em>ρ</em></strong></span> 
     </span>
    </p>

    <p class='ocr_par' dir='ltr' id='par_1_3' title="bbox 129 1769 1301 2947">
     <span class='ocr_line' id='line_1_16' title="bbox 129 1769 1301 1861; baseline 0.003 -18"><span class='ocrx_word' id='word_1_121' title='bbox 129 1788 179 1845; x_wconf 85' lang='grc'><strong><em>119</em></strong></span> <span class='ocrx_word' id='word_1_122' title='bbox 195 1799 256 1852; x_wconf 89' lang='grc' dir='ltr'><strong><em>τες.</em></strong></span> <span class='ocrx_word' id='word_1_123' title='bbox 289 1769 387 1840; x_wconf 87' lang='grc' dir='ltr'><strong><em>Μετᾶ</em></strong></span> <span class='ocrx_word' id='word_1_124' title='bbox 399 1770 436 1840; x_wconf 76' lang='grc' dir='ltr'><strong><em>δέ</em></strong></span> <span class='ocrx_word' id='word_1_125' title='bbox 449 1771 646 1858; x_wconf 87' lang='grc' dir='ltr'><strong><em>παρεόντων</em></strong></span> <span class='ocrx_word' id='word_1_126' title='bbox 657 1774 713 1840; x_wconf 82' lang='grc' dir='ltr'><strong><em>καὶ</em></strong></span> <span class='ocrx_word' id='word_1_127' title='bbox 723 1771 914 1859; x_wconf 80' lang='grc' dir='ltr'><strong><em>διαβάντων</em></strong></span> <span class='ocrx_word' id='word_1_128' title='bbox 925 1771 987 1842; x_wconf 84' lang='grc' dir='ltr'><strong><em>τόν</em></strong></span> <span class='ocrx_word' id='word_1_129' title='bbox 997 1778 1201 1861; x_wconf 88' lang='grc' dir='ltr'><strong><em>Μαίανδρον</em></strong></span> <span class='ocrx_word' id='word_1_130' title='bbox 1300 1776 1301 1847; x_wconf 68' lang='grc' dir='ltr'><strong><em>λ</em></strong></span> 
     </span>
     <span class='ocr_line' id='line_1_17' title="bbox 195 1858 1301 1965; baseline 0.004 -27"><span class='ocrx_word' id='word_1_131' title='bbox 195 1879 263 1938; x_wconf 79' lang='grc' dir='ltr'><strong><em>τών</em></strong></span> <span class='ocrx_word' id='word_1_132' title='bbox 278 1870 438 1957; x_wconf 83' lang='grc' dir='ltr'><strong><em>Περσέων</em></strong></span> <span class='ocrx_word' id='word_1_133' title='bbox 453 1871 601 1938; x_wconf 81' lang='grc' dir='ltr'><strong><em>ἐνθαῦτα</em></strong></span> <span class='ocrx_word' id='word_1_134' title='bbox 616 1872 669 1938; x_wconf 81' lang='grc' dir='ltr'><strong><em>έπλ</em></strong></span> <span class='ocrx_word' id='word_1_135' title='bbox 682 1877 728 1962; x_wconf 73' lang='grc' dir='ltr'><strong><em>τῷ</em></strong></span> <span class='ocrx_word' id='word_1_136' title='bbox 742 1870 893 1960; x_wconf 79' lang='grc' dir='ltr'><strong><em>Μαρσύῃ</em></strong></span> <span class='ocrx_word' id='word_1_137' title='bbox 906 1879 1044 1965; x_wconf 77' lang='grc' dir='ltr'><strong><em>ποταμῷ</em></strong></span> <span class='ocrx_word' id='word_1_138' title='bbox 1053 1876 1201 1961; x_wconf 87' lang='grc' dir='ltr'><strong><em>συνέβα-</em></strong></span> <span class='ocrx_word' id='word_1_139' title='bbox 1299 1858 1301 1917; x_wconf 54' lang='lat'><em>7</em></span> 
     </span>
     <span class='ocr_line' id='line_1_18' title="bbox 194 1971 1200 2060; baseline 0.002 -20"><span class='ocrx_word' id='word_1_140' title='bbox 194 1971 257 2040; x_wconf 88' lang='grc' dir='ltr'><strong><em>λόν</em></strong></span> <span class='ocrx_word' id='word_1_141' title='bbox 276 1995 312 2037; x_wconf 90' lang='grc' dir='ltr'><strong><em>τε</em></strong></span> <span class='ocrx_word' id='word_1_142' title='bbox 332 1981 418 2036; x_wconf 77' lang='grc' dir='ltr'><strong><em>τοδσι</em></strong></span> <span class='ocrx_word' id='word_1_143' title='bbox 437 1972 586 2059; x_wconf 79' lang='grc' dir='ltr'><strong><em>Πέρσησι</em></strong></span> <span class='ocrx_word' id='word_1_144' title='bbox 609 1974 643 2038; x_wconf 79' lang='grc' dir='ltr'><strong><em>οἱ</em></strong></span> <span class='ocrx_word' id='word_1_145' title='bbox 661 1977 772 2058; x_wconf 90' lang='grc' dir='ltr'><strong><em>Κᾶρες</em></strong></span> <span class='ocrx_word' id='word_1_146' title='bbox 792 1973 847 2040; x_wconf 79' lang='grc' dir='ltr'><strong><em>καὶ</em></strong></span> <span class='ocrx_word' id='word_1_147' title='bbox 869 1971 979 2060; x_wconf 89' lang='grc' dir='ltr'><strong><em>μᾶχηυ</em></strong></span> <span class='ocrx_word' id='word_1_148' title='bbox 999 1975 1200 2060; x_wconf 81' lang='grc' dir='ltr'><strong><em>ἐμαχέσαντο</em></strong></span> 
     </span>
     <span class='ocr_line' id='line_1_19' title="bbox 195 2065 1200 2158; baseline 0.001 -20"><span class='ocrx_word' id='word_1_149' title='bbox 195 2065 335 2156; x_wconf 80' lang='grc' dir='ltr'><strong><em>ἰσχυρὴν</em></strong></span> <span class='ocrx_word' id='word_1_150' title='bbox 349 2069 405 2136; x_wconf 85' lang='grc' dir='ltr'><strong><em>καὶ</em></strong></span> <span class='ocrx_word' id='word_1_151' title='bbox 419 2070 471 2136; x_wconf 79' lang='grc' dir='ltr'><strong><em>ἐπὶ</em></strong></span> <span class='ocrx_word' id='word_1_152' title='bbox 480 2069 605 2155; x_wconf 90' lang='grc' dir='ltr'><strong><em>χρόνον</em></strong></span> <span class='ocrx_word' id='word_1_153' title='bbox 619 2065 762 2155; x_wconf 86' lang='grc' dir='ltr'><strong><em>πολλόν,</em></strong></span> <span class='ocrx_word' id='word_1_154' title='bbox 777 2071 869 2148; x_wconf 82' lang='grc' dir='ltr'><strong><em>τέλος</em></strong></span> <span class='ocrx_word' id='word_1_155' title='bbox 881 2068 919 2138; x_wconf 73' lang='grc' dir='ltr'><strong><em>δὲ</em></strong></span> <span class='ocrx_word' id='word_1_156' title='bbox 932 2070 1131 2158; x_wconf 78' lang='grc' dir='ltr'><strong><em>ἑσσώθησαν</em></strong></span> <span class='ocrx_word' id='word_1_157' title='bbox 1143 2069 1200 2139; x_wconf 88' lang='grc' dir='ltr'><strong><em>διᾶ</em></strong></span> 
     </span>
     <span class='ocr_line' id='line_1_20' title="bbox 195 2164 1200 2256; baseline 0.002 -21"><span class='ocrx_word' id='word_1_158' title='bbox 195 2174 334 2254; x_wconf 82' lang='grc' dir='ltr'><strong><em>πλῆθος.</em></strong></span> <span class='ocrx_word' id='word_1_159' title='bbox 377 2169 536 2254; x_wconf 83' lang='grc' dir='ltr'><strong><em>Περσέων</em></strong></span> <span class='ocrx_word' id='word_1_160' title='bbox 552 2165 669 2254; x_wconf 78' lang='grc' dir='ltr'><strong><em>μὲνδὴ</em></strong></span> <span class='ocrx_word' id='word_1_161' title='bbox 686 2172 806 2235; x_wconf 74' lang='grc' dir='ltr'><strong><em>ἔπεσον</em></strong></span> <span class='ocrx_word' id='word_1_162' title='bbox 821 2164 942 2253; x_wconf 88' lang='grc' dir='ltr'><strong><em>ᾶνδρες</em></strong></span> <span class='ocrx_word' id='word_1_163' title='bbox 958 2172 991 2248; x_wconf 84' lang='grc' dir='ltr'><strong><em>ές</em></strong></span> <span class='ocrx_word' id='word_1_164' title='bbox 1006 2173 1200 2256; x_wconf 77' lang='grc' dir='ltr'><strong><em>δισχιλίους,</em></strong></span> 
     </span>
     <span class='ocr_line' id='line_1_21' title="bbox 194 2266 1201 2355; baseline -0.001 -18"><span class='ocrx_word' id='word_1_165' title='bbox 194 2274 320 2355; x_wconf 81' lang='grc' dir='ltr'><strong><em>Καρῶν</em></strong></span> <span class='ocrx_word' id='word_1_166' title='bbox 331 2269 367 2335; x_wconf 71' lang='grc' dir='ltr'><strong><em>δὲ</em></strong></span> <span class='ocrx_word' id='word_1_167' title='bbox 379 2268 412 2344; x_wconf 83' lang='grc' dir='ltr'><strong><em>ές</em></strong></span> <span class='ocrx_word' id='word_1_168' title='bbox 422 2272 572 2352; x_wconf 89' lang='grc' dir='ltr'><strong><em>μυρίους.</em></strong></span> <span class='ocrx_word' id='word_1_169' title='bbox 590 2268 751 2334; x_wconf 85' lang='grc' dir='ltr'><strong><em>έυθεᾶτευ</em></strong></span> <span class='ocrx_word' id='word_1_170' title='bbox 762 2267 800 2334; x_wconf 68' lang='grc' dir='ltr'><strong><em>δέ</em></strong></span> <span class='ocrx_word' id='word_1_171' title='bbox 810 2270 844 2335; x_wconf 84' lang='grc' dir='ltr'><strong><em>οέ</em></strong></span> <span class='ocrx_word' id='word_1_172' title='bbox 852 2266 1075 2354; x_wconf 78' lang='grc' dir='ltr'><strong><em>διαφυγόντες</em></strong></span> <span class='ocrx_word' id='word_1_173' title='bbox 1085 2266 1201 2337; x_wconf 78' lang='grc' dir='ltr'><strong><em>αὐτῶν</em></strong></span> 
     </span>
     <span class='ocr_line' id='line_1_22' title="bbox 194 2362 1201 2454; baseline -0.001 -18"><span class='ocrx_word' id='word_1_174' title='bbox 194 2365 441 2454; x_wconf 79' lang='grc' dir='ltr'><strong><em>κατειλήθησαν</em></strong></span> <span class='ocrx_word' id='word_1_175' title='bbox 455 2366 488 2444; x_wconf 82' lang='grc' dir='ltr'><strong><em>ές</em></strong></span> <span class='ocrx_word' id='word_1_176' title='bbox 499 2364 682 2451; x_wconf 87' lang='grc' dir='ltr'><strong><em>Αύβρανδα</em></strong></span> <span class='ocrx_word' id='word_1_177' title='bbox 699 2366 732 2442; x_wconf 91' lang='grc' dir='ltr'><strong><em>ές</em></strong></span> <span class='ocrx_word' id='word_1_178' title='bbox 742 2362 827 2442; x_wconf 88' lang='grc' dir='ltr'><strong><em>Διός</em></strong></span> <span class='ocrx_word' id='word_1_179' title='bbox 841 2371 998 2452; x_wconf 89' lang='grc' dir='ltr'><strong><em>στρατίου</em></strong></span> <span class='ocrx_word' id='word_1_180' title='bbox 1012 2364 1098 2453; x_wconf 85' lang='grc' dir='ltr'><strong><em>ίρόυ,</em></strong></span> <span class='ocrx_word' id='word_1_181' title='bbox 1113 2368 1201 2453; x_wconf 84' lang='grc' dir='ltr'><strong><em>μέγα</em></strong></span> 
     </span>
     <span class='ocr_line' id='line_1_23' title="bbox 194 2461 1200 2553; baseline 0 -19"><span class='ocrx_word' id='word_1_182' title='bbox 194 2493 231 2536; x_wconf 90' lang='grc' dir='ltr'><strong><em>τε</em></strong></span> <span class='ocrx_word' id='word_1_183' title='bbox 251 2467 307 2534; x_wconf 79' lang='grc' dir='ltr'><strong><em>καὶ</em></strong></span> <span class='ocrx_word' id='word_1_184' title='bbox 322 2461 421 2549; x_wconf 90' lang='grc' dir='ltr'><strong><em>ᾶγιον</em></strong></span> <span class='ocrx_word' id='word_1_185' title='bbox 435 2461 536 2541; x_wconf 90' lang='grc' dir='ltr'><strong><em>ᾶλσος</em></strong></span> <span class='ocrx_word' id='word_1_186' title='bbox 555 2469 795 2531; x_wconf 83' lang='grc' dir='ltr'><strong><em>πλατανίστων.</em></strong></span> <span class='ocrx_word' id='word_1_187' title='bbox 824 2469 946 2550; x_wconf 80' lang='grc' dir='ltr'><strong><em>μοῦνοι</em></strong></span> <span class='ocrx_word' id='word_1_188' title='bbox 966 2466 1003 2533; x_wconf 74' lang='grc' dir='ltr'><strong><em>δὲ</em></strong></span> <span class='ocrx_word' id='word_1_189' title='bbox 1019 2471 1087 2533; x_wconf 85' lang='grc' dir='ltr'><strong><em>τών</em></strong></span> <span class='ocrx_word' id='word_1_190' title='bbox 1102 2463 1200 2553; x_wconf 78' lang='grc' dir='ltr'><strong><em>ἡμεῖς</em></strong></span> 
     </span>
     <span class='ocr_line' id='line_1_24' title="bbox 195 2558 1202 2653; baseline -0.003 -19"><span class='ocrx_word' id='word_1_191' title='bbox 195 2568 291 2649; x_wconf 74' lang='grc' dir='ltr'><strong><em>ἴδμεν</em></strong></span> <span class='ocrx_word' id='word_1_192' title='bbox 304 2561 413 2645; x_wconf 84' lang='grc' dir='ltr'><strong><em>Κᾶρές</em></strong></span> <span class='ocrx_word' id='word_1_193' title='bbox 428 2567 501 2648; x_wconf 83' lang='grc' dir='ltr'><strong><em>εἰσι,</em></strong></span> <span class='ocrx_word' id='word_1_194' title='bbox 517 2567 551 2629; x_wconf 80' lang='grc' dir='ltr'><strong><em>οἳ</em></strong></span> <span class='ocrx_word' id='word_1_195' title='bbox 559 2562 618 2630; x_wconf 84' lang='grc' dir='ltr'><strong><em>Διὶ</em></strong></span> <span class='ocrx_word' id='word_1_196' title='bbox 631 2567 773 2653; x_wconf 77' lang='grc' dir='ltr'><strong><em>στρατίῳ</em></strong></span> <span class='ocrx_word' id='word_1_197' title='bbox 786 2568 910 2641; x_wconf 86' lang='grc' dir='ltr'><strong><em>θυσίας</em></strong></span> <span class='ocrx_word' id='word_1_198' title='bbox 924 2558 1097 2650; x_wconf 88' lang='grc' dir='ltr'><strong><em>ᾶνᾶγουσι.</em></strong></span> <span class='ocrx_word' id='word_1_199' title='bbox 1117 2591 1202 2632; x_wconf 90' lang='grc' dir='ltr'><strong><em>κατ-</em></strong></span> 
     </span>
     <span class='ocr_line' id='line_1_25' title="bbox 189 2654 1200 2751; baseline -0.003 -16"><span class='ocrx_word' id='word_1_200' title='bbox 189 2658 384 2750; x_wconf 68' lang='grc' dir='ltr'><strong><em>ειληθέντες</em></strong></span> <span class='ocrx_word' id='word_1_201' title='bbox 397 2663 435 2729; x_wconf 76' lang='grc' dir='ltr'><strong><em>δέ</em></strong></span> <span class='ocrx_word' id='word_1_202' title='bbox 449 2654 499 2729; x_wconf 85' lang='grc' dir='ltr'><strong><em>ών</em></strong></span> <span class='ocrx_word' id='word_1_203' title='bbox 519 2654 613 2730; x_wconf 80' lang='grc' dir='ltr'><strong><em>οὗτοι</em></strong></span> <span class='ocrx_word' id='word_1_204' title='bbox 629 2664 778 2730; x_wconf 78' lang='grc' dir='ltr'><strong><em>ἐνθαῦτα</em></strong></span> <span class='ocrx_word' id='word_1_205' title='bbox 798 2661 1019 2748; x_wconf 76' lang='grc' dir='ltr'><strong><em>ἐβουλεύοντο</em></strong></span> <span class='ocrx_word' id='word_1_206' title='bbox 1039 2667 1114 2751; x_wconf 75' lang='grc' dir='ltr'><strong><em>περὶ</em></strong></span> <span class='ocrx_word' id='word_1_207' title='bbox 1129 2683 1200 2732; x_wconf 89' lang='grc' dir='ltr'><strong><em>σω-</em></strong></span> 
     </span>
     <span class='ocr_line' id='line_1_26' title="bbox 194 2754 1199 2850; baseline -0.002 -19"><span class='ocrx_word' id='word_1_208' title='bbox 194 2769 325 2849; x_wconf 89' lang='grc' dir='ltr'><strong><em>τηρίης,</em></strong></span> <span class='ocrx_word' id='word_1_209' title='bbox 340 2759 482 2847; x_wconf 84' lang='grc' dir='ltr'><strong><em>ὁκότερα</em></strong></span> <span class='ocrx_word' id='word_1_210' title='bbox 496 2758 519 2848; x_wconf 82' lang='grc' dir='ltr'><strong><em>ή</em></strong></span> <span class='ocrx_word' id='word_1_211' title='bbox 536 2761 743 2849; x_wconf 77' lang='grc' dir='ltr'><strong><em>παραδόντες</em></strong></span> <span class='ocrx_word' id='word_1_212' title='bbox 759 2761 863 2846; x_wconf 91' lang='grc' dir='ltr'><strong><em>σφέας</em></strong></span> <span class='ocrx_word' id='word_1_213' title='bbox 878 2757 1002 2841; x_wconf 82' lang='grc' dir='ltr'><strong><em>αὐτούς</em></strong></span> <span class='ocrx_word' id='word_1_214' title='bbox 1012 2764 1161 2850; x_wconf 90' lang='grc' dir='ltr'><strong><em>Πέρσησι</em></strong></span> <span class='ocrx_word' id='word_1_215' title='bbox 1175 2754 1199 2848; x_wconf 83' lang='grc' dir='ltr'><strong><em>ή</em></strong></span> 
     </span>
     <span class='ocr_line' id='line_1_27' title="bbox 195 2854 1197 2947; baseline 0 -19"><span class='ocrx_word' id='word_1_216' title='bbox 195 2861 385 2938; x_wconf 80' lang='grc' dir='ltr'><strong><em>ἐκλιπόντες</em></strong></span> <span class='ocrx_word' id='word_1_217' title='bbox 406 2857 444 2927; x_wconf 85' lang='grc' dir='ltr'><strong><em>τὸ</em></strong></span> <span class='ocrx_word' id='word_1_218' title='bbox 466 2861 627 2947; x_wconf 80' lang='grc' dir='ltr'><strong><em>παραίτιον</em></strong></span> <span class='ocrx_word' id='word_1_219' title='bbox 648 2856 711 2946; x_wconf 85' lang='grc' dir='ltr'><strong><em>τήν</em></strong></span> <span class='ocrx_word' id='word_1_220' title='bbox 729 2857 842 2946; x_wconf 84' lang='grc' dir='ltr'><strong><em>Ἀσίην</em></strong></span> <span class='ocrx_word' id='word_1_221' title='bbox 862 2854 1003 2944; x_wconf 86' lang='grc' dir='ltr'><strong><em>ᾶμεινον</em></strong></span> <span class='ocrx_word' id='word_1_222' title='bbox 1022 2857 1197 2947; x_wconf 79' lang='grc' dir='ltr'><strong><em>πρήξουσι.</em></strong></span> 
     </span>
    </p>

    <p class='ocr_par' dir='ltr' id='par_1_4' title="bbox 129 2956 1200 3532">
     <span class='ocr_line' id='line_1_28' title="bbox 129 2956 1199 3045; baseline -0.001 -21"><span class='ocrx_word' id='word_1_223' title='bbox 129 2971 178 3026; x_wconf 78' lang='lat'><strong><em>120</em></strong></span> <span class='ocrx_word' id='word_1_224' title='bbox 194 2956 476 3040; x_wconf 85' lang='grc' dir='ltr'><strong><em>Βουλευομένοισι</em></strong></span> <span class='ocrx_word' id='word_1_225' title='bbox 493 2959 534 3025; x_wconf 86' lang='grc' dir='ltr'><strong><em>δέ</em></strong></span> <span class='ocrx_word' id='word_1_226' title='bbox 547 2977 608 3043; x_wconf 89' lang='grc' dir='ltr'><strong><em>σφι</em></strong></span> <span class='ocrx_word' id='word_1_227' title='bbox 621 2963 726 3025; x_wconf 84' lang='grc' dir='ltr'><strong><em>ταῦτα</em></strong></span> <span class='ocrx_word' id='word_1_228' title='bbox 739 2960 981 3045; x_wconf 87' lang='grc' dir='ltr'><strong><em>παραγίνονται</em></strong></span> <span class='ocrx_word' id='word_1_229' title='bbox 996 2958 1199 3045; x_wconf 84' lang='grc' dir='ltr'><strong><em>βοηθέοντες</em></strong></span> 
     </span>
     <span class='ocr_line' id='line_1_29' title="bbox 194 3051 1200 3142; baseline -0.004 -18"><span class='ocrx_word' id='word_1_230' title='bbox 194 3054 360 3142; x_wconf 85' lang='grc' dir='ltr'><strong><em>Μιλήσιοί</em></strong></span> <span class='ocrx_word' id='word_1_231' title='bbox 370 3078 406 3121; x_wconf 87' lang='grc' dir='ltr'><strong><em>τε</em></strong></span> <span class='ocrx_word' id='word_1_232' title='bbox 419 3056 475 3122; x_wconf 76' lang='grc' dir='ltr'><strong><em>καὶ</em></strong></span> <span class='ocrx_word' id='word_1_233' title='bbox 485 3058 519 3124; x_wconf 84' lang='grc' dir='ltr'><strong><em>οέ</em></strong></span> <span class='ocrx_word' id='word_1_234' title='bbox 527 3055 658 3123; x_wconf 88' lang='grc' dir='ltr'><strong><em>τούτων</em></strong></span> <span class='ocrx_word' id='word_1_235' title='bbox 672 3054 847 3141; x_wconf 86' lang='grc' dir='ltr'><strong><em>σύμμαχοι.</em></strong></span> <span class='ocrx_word' id='word_1_236' title='bbox 871 3055 1021 3122; x_wconf 78' lang='grc' dir='ltr'><strong><em>ἐνθαῦτα</em></strong></span> <span class='ocrx_word' id='word_1_237' title='bbox 1032 3058 1070 3123; x_wconf 75' lang='grc' dir='ltr'><strong><em>δὲ</em></strong></span> <span class='ocrx_word' id='word_1_238' title='bbox 1082 3051 1123 3121; x_wconf 86' lang='grc' dir='ltr'><strong><em>τᾶ</em></strong></span> <span class='ocrx_word' id='word_1_239' title='bbox 1135 3054 1200 3140; x_wconf 75' lang='grc' dir='ltr'><strong><em>μέν</em></strong></span> 
     </span>
     <span class='ocr_line' id='line_1_30' title="bbox 194 3146 1195 3242; baseline -0.002 -20"><span class='ocrx_word' id='word_1_240' title='bbox 194 3151 360 3240; x_wconf 89' lang='grc' dir='ltr'><strong><em>πρότερον</em></strong></span> <span class='ocrx_word' id='word_1_241' title='bbox 371 3156 406 3221; x_wconf 85' lang='grc' dir='ltr'><strong><em>οί</em></strong></span> <span class='ocrx_word' id='word_1_242' title='bbox 414 3159 525 3242; x_wconf 89' lang='grc' dir='ltr'><strong><em>Κᾶρες</em></strong></span> <span class='ocrx_word' id='word_1_243' title='bbox 535 3152 756 3241; x_wconf 77' lang='grc' dir='ltr'><strong><em>ἐβουλεύοντο</em></strong></span> <span class='ocrx_word' id='word_1_244' title='bbox 768 3158 924 3240; x_wconf 88' lang='grc' dir='ltr'><strong><em>μετήκαν,</em></strong></span> <span class='ocrx_word' id='word_1_245' title='bbox 939 3156 974 3221; x_wconf 85' lang='grc' dir='ltr'><strong><em>οί</em></strong></span> <span class='ocrx_word' id='word_1_246' title='bbox 982 3152 1019 3222; x_wconf 76' lang='grc' dir='ltr'><strong><em>δέ</em></strong></span> <span class='ocrx_word' id='word_1_247' title='bbox 1030 3146 1125 3232; x_wconf 81' lang='grc' dir='ltr'><strong><em>αὖτις</em></strong></span> <span class='ocrx_word' id='word_1_248' title='bbox 1134 3176 1195 3220; x_wconf 85' lang='grc' dir='ltr'><strong><em>πο-</em></strong></span> 
     </span>
     <span class='ocr_line' id='line_1_31' title="bbox 193 3247 1199 3341; baseline -0.001 -22"><span class='ocrx_word' id='word_1_249' title='bbox 193 3260 306 3336; x_wconf 79' lang='grc' dir='ltr'><strong><em>λεμεῖν</em></strong></span> <span class='ocrx_word' id='word_1_250' title='bbox 320 3252 353 3330; x_wconf 85' lang='grc' dir='ltr'><strong><em>έξ</em></strong></span> <span class='ocrx_word' id='word_1_251' title='bbox 368 3247 469 3338; x_wconf 83' lang='grc' dir='ltr'><strong><em>ᾶρχής</em></strong></span> <span class='ocrx_word' id='word_1_252' title='bbox 486 3248 653 3338; x_wconf 81' lang='grc' dir='ltr'><strong><em>ἀρτέοντο.</em></strong></span> <span class='ocrx_word' id='word_1_253' title='bbox 677 3253 733 3319; x_wconf 74' lang='grc' dir='ltr'><strong><em>καὶ</em></strong></span> <span class='ocrx_word' id='word_1_254' title='bbox 753 3254 886 3320; x_wconf 84' lang='grc' dir='ltr'><strong><em>έπιοᾶσί</em></strong></span> <span class='ocrx_word' id='word_1_255' title='bbox 897 3276 933 3320; x_wconf 94' lang='grc' dir='ltr'><strong><em>τε</em></strong></span> <span class='ocrx_word' id='word_1_256' title='bbox 947 3265 1032 3320; x_wconf 79' lang='grc' dir='ltr'><strong><em>τοίσι</em></strong></span> <span class='ocrx_word' id='word_1_257' title='bbox 1048 3254 1199 3341; x_wconf 81' lang='grc' dir='ltr'><strong><em>Πέρσησι</em></strong></span> 
     </span>
     <span class='ocr_line' id='line_1_32' title="bbox 194 3342 1199 3436; baseline 0.004 -22"><span class='ocrx_word' id='word_1_258' title='bbox 194 3347 424 3434; x_wconf 75' lang='grc' dir='ltr'><strong><em>συμβάλλουσι</em></strong></span> <span class='ocrx_word' id='word_1_259' title='bbox 437 3350 494 3416; x_wconf 85' lang='grc' dir='ltr'><strong><em>καὶ</em></strong></span> <span class='ocrx_word' id='word_1_260' title='bbox 506 3342 729 3436; x_wconf 69' lang='grc' dir='ltr'><strong><em>μαχεσόμενοι</em></strong></span> <span class='ocrx_word' id='word_1_261' title='bbox 739 3351 793 3418; x_wconf 77' lang='grc' dir='ltr'><strong><em>ἐπὶ</em></strong></span> <span class='ocrx_word' id='word_1_262' title='bbox 803 3356 910 3418; x_wconf 87' lang='grc' dir='ltr'><strong><em>πλεᾶν</em></strong></span> <span class='ocrx_word' id='word_1_263' title='bbox 925 3344 948 3436; x_wconf 86' lang='grc' dir='ltr'><strong><em>ή</em></strong></span> <span class='ocrx_word' id='word_1_264' title='bbox 961 3350 1128 3436; x_wconf 90' lang='grc' dir='ltr'><strong><em>πρότερον</em></strong></span> <span class='ocrx_word' id='word_1_265' title='bbox 1141 3351 1199 3418; x_wconf 81' lang='grc' dir='ltr'><strong><em>έσ-</em></strong></span> 
     </span>
     <span class='ocr_line' id='line_1_33' title="bbox 193 3445 1196 3532; baseline 0.009 -25"><span class='ocrx_word' id='word_1_266' title='bbox 193 3445 371 3529; x_wconf 83' lang='grc' dir='ltr'><strong><em>σώθησαν·</em></strong></span> <span class='ocrx_word' id='word_1_267' title='bbox 398 3445 572 3514; x_wconf 83' lang='grc' dir='ltr'><strong><em>πεσόντων</em></strong></span> <span class='ocrx_word' id='word_1_268' title='bbox 586 3448 623 3516; x_wconf 71' lang='grc' dir='ltr'><strong><em>δέ</em></strong></span> <span class='ocrx_word' id='word_1_269' title='bbox 642 3454 711 3515; x_wconf 82' lang='grc' dir='ltr'><strong><em>τών</em></strong></span> <span class='ocrx_word' id='word_1_270' title='bbox 731 3447 868 3516; x_wconf 86' lang='grc' dir='ltr'><strong><em>πάντων</em></strong></span> <span class='ocrx_word' id='word_1_271' title='bbox 883 3455 1019 3517; x_wconf 77' lang='grc' dir='ltr'><strong><em>πολλῶν</em></strong></span> <span class='ocrx_word' id='word_1_272' title='bbox 1033 3449 1196 3532; x_wconf 83' lang='grc' dir='ltr'><strong><em>Μιλήσιοι</em></strong></span> 
     </span>
    </p>
   </div>
   <div class='ocr_carea' id='block_1_3' title="bbox 0 0 1318 3932">
    <p class='ocr_par' dir='ltr' id='par_1_5' title="bbox 0 0 1318 3932">
     <span class='ocr_line' id='line_1_34' title="bbox 0 0 1318 3932; baseline 0 0"><span class='ocrx_word' id='word_1_273' title='bbox 0 0 1318 3932; x_wconf 95' lang='lat' dir='ltr'><strong><em> </em></strong></span> 
     </span>
    </p>
   </div>
  </div>
 </body>
</html>
