2618 3928
333 250 420 307 LlB.
455 250 513 307 Vll.
549 251 646 308 CAP.
678 257 879 324 8,2-9,3.
1047 253 1106 315 12?

12 476 14 515 :
104 407 221 487 ἐόντας
234 406 400 491 ἀναξίους.
423 411 479 476 καὶ
493 404 557 494 γάρ
573 405 686 475 δεινόν
700 400 745 476 ἀν
761 419 810 496 είη
826 417 976 499 πρῆγμα,
994 419 1023 483 εί
1034 413 1108 482 Σά-

104 533 164 587 κας
178 510 240 593 μέν
250 509 306 575 καὶ
316 503 441 585 Ἰνδούς
451 509 506 574 καί
518 511 685 585 Αἰθίοπας
699 508 755 575 καὶ
765 504 960 596 Ἀσσυρίους
975 509 1057 583 ἀλλα
1072 535 1107 578 τε

103 610 206 677 ἔθνεα
220 604 327 677 πολλὰ
343 608 398 674 καὶ
412 605 540 693 μεγάλα
557 602 762 693 ἀδικήσαντα
776 609 907 696 Πέρσας
921 605 1032 696 οὐδὲν,
1046 606 1107 678 ἀλ-

11 732 13 741 *
103 703 145 775 λά
163 705 310 792 δύναμιν
325 710 558 791 προσκτᾶσθαι
571 706 785 793 βουλόμενοι,
801 707 1106 795 καταστρεψάμενοι

104 804 248 884 δούλους
264 798 567 891 ἐχομεν,Ἕλληνας
581 804 618 871 δέ
631 800 843 890 ὑπάρξαντας
856 801 985 891 ἀδικίης
1000 802 1043 874 οὐ
1055 830 1106 873 τι·

103 902 340 990 μωρησόμεθα.
370 909 405 971 τί
415 905 600 984 δείσαντεςς
625 909 723 989 κοίην
737 902 884 991 πλήθεος
899 900 1105 991 συστροφήν,

103 1008 200 1089 κοίην
215 1003 252 1069 δέ
270 1000 449 1090 χρημάτων
469 1001 633 1088 δύναμινς
652 1007 722 1069 τόν
743 1001 948 1089 ἐπιστάμεθα
967 1002 1030 1089 μέν
1044 997 1106 1087 τήν
1123 1011 1137 1062 l

102 1100 222 1189 μάχην,
235 1100 441 1188 ἐπιστάμεθα
452 1099 488 1167 δέ
498 1095 560 1186 τήν
572 1098 717 1187 δύναμιν
730 1102 852 1168 ἐοῦσαν
863 1096 1016 1169 ἀσθενέα.
1031 1103 1106 1185 ἐχο-

102 1225 164 1286 μεν
178 1199 215 1269 δέ
225 1195 338 1270 αύτύν
349 1202 468 1279 παῖδας
482 1198 789 1287 καταστρεψάμενοι
802 1196 959 1285 τούτους,
975 1204 1010 1267 οἳ
1017 1200 1055 1266 ἐν
1062 1202 1105 1286 τῇ

101 1297 242 1389 ἡμετέρη
258 1298 608 1388 κατοικημένοιἼωνές
621 1325 656 1368 τε
671 1302 727 1368 καί
739 1300 874 1376 Αἰολέες
889 1299 944 1366 καὶ
957 1298 1104 1385 Δωριέες

101 1401 286 1467 καλέονται.
310 1399 494 1489 ἐπειρήθην
507 1400 545 1467 δέ
564 1400 619 1467 καί
634 1395 735 1478 αύτός
754 1394 819 1485 ήδη
840 1394 1034 1466 ἐπελαύνων
1051 1397 1103 1464 ἐπὶ

102 1496 179 1578 τούς
190 1495 316 1587 ἀνδρας
326 1497 466 1580 τούτους
476 1495 542 1567 ὑπό
556 1494 680 1587 πατρός
689 1502 751 1566 τοῦ
762 1501 826 1565 σού
833 1498 1036 1582 κελευσθεὶς,
1047 1503 1105 1564 καί

99 1624 156 1685 μοι
170 1598 265 1685 μέχρι
282 1602 497 1685 Μακεδονίης
518 1595 671 1666 ἐλάσαντι
692 1598 748 1665 καὶ
768 1592 883 1683 ὀλίγον
903 1592 1101 1665 ἀπολιπόντι

100 1699 132 1775 ἐς
148 1692 251 1774 αύτάς
268 1693 411 1783 Ἀθήνας
427 1693 607 1766 ἀπικέσθαι
625 1693 734 1775 οὐδεὶς
753 1692 906 1784 ήντιύθη
929 1698 961 1775 ές
981 1694 1098 1782 μάχην.

99 1802 216 1863 Καίτοι
226 1820 265 1880 γε
277 1792 576 1883 έάθασιἝλληνες,
593 1792 637 1874 ἀς
647 1796 878 1882 πυνθάνομαι,
894 1791 1100 1880 ἀβουλότατα
1117 1805 1134 1877 θ

8 1942 12 1973 ,
100 1895 266 1979 πολέμους
275 1896 433 1961 ἵστασθαι
448 1889 515 1961 ὑπό
528 1918 564 1961 τε
575 1889 818 1980 ἀγνωμοσύνης
829 1895 883 1961 καί
899 1891 1099 1978 σκαιότητος.

8 1984 10 2073 j
99 1986 202 2059 επεάν
218 1987 283 2076 γάρ
299 1986 472 2077 ἀλλήλοισι
484 1991 633 2078 πόλεμον
645 1996 845 2079 προείπωσι,
860 1989 1050 2077 ἐξευρόντες
1064 1985 1101 2058 τό

98 2086 279 2156 κάλλιστον
287 2092 412 2174 χωρίον
427 2090 483 2155 καὶ
498 2087 669 2157 λειότατον
684 2091 716 2168 ἐς
730 2096 830 2158 τοῦτο
846 2089 1016 2167 κατιόντες
1036 2088 1102 2173 μά-

8 2240 10 2279 ,
96 2210 223 2272 χονται,
236 2180 320 2253 ὥστε
330 2180 396 2253 σύν
407 2190 498 2276 κακῷ
508 2185 641 2277 μεγάλῳ
652 2191 686 2255 οί
695 2194 854 2267 νικιόυτες
867 2185 1103 2256 ἀπαλλάσσον-

8 2288 10 2315 ³
97 2308 167 2353 ται·
189 2284 264 2371 περὶ
279 2282 315 2351 δέ
330 2288 398 2351 τῶν
412 2284 613 2371 ἑσσαμένων
630 2282 709 2355 οὐδὲ
725 2289 811 2374 λέγω
826 2283 948 2374 ἀρχήν,
967 2285 1101 2367 έξάλεες

8 2382 10 2437 3
95 2380 160 2470 γάρ
175 2381 216 2472 δή
232 2388 399 2470 γίνονται·
422 2380 501 2464 τούς
513 2391 615 2474 χρήν,
637 2385 751 2466 έόντας
766 2383 1019 2473 ὁμογλώσσους,
1039 2383 1099 2471 κή-

95 2487 174 2566 ρυξί
184 2507 219 2549 τε
235 2485 493 2572 διαχρεομένονς
506 2488 561 2555 καὶ
579 2482 748 2572 ἀγγέλοισι
759 2485 1028 2574 καταλαμβάνειν
1042 2482 1101 2565 τάς

95 2577 261 2668 διαφοράς
275 2584 331 2650 καὶ
345 2587 444 2652 παντὶ
460 2580 622 2672 μάλλονή
635 2585 773 2673 μάχησι,
792 2590 823 2654 εί
836 2586 872 2653 δὲ
885 2585 1018 2666 πάντως
1030 2590 1101 2655 ἔδεε

8 2728 10 2733 ·
94 2681 270 2768 πολεμέειν
284 2678 368 2768 πρὸς
385 2681 560 2770 ἀλλήλους,
576 2686 777 2771 ἐξευρίσκειν
791 2690 886 2774 χρῆν,
902 2693 942 2775 τῇ
952 2686 1104 2771 ἑκάτεροί

96 2786 158 2850 είσι
174 2781 485 2869 δυσχειρωτότατοι,
503 2787 559 2852 καὶ
578 2784 682 2873 ταύτῃ
695 2790 824 2872 πειρᾶν.
855 2783 968 2874 τρόπῳ
983 2789 1100 2851 τοίνυν

94 2875 137 2947 ού
151 2884 281 2970 χρηστῷ
293 2875 450 2967 Ἕλληνες
464 2881 693 2969 διαχρεόμενοι
715 2884 789 2969 ἐμέο
814 2882 992 2960 ἐλάσαντος
1005 2881 1100 2969 μέχρι

93 2983 310 3066 Μακεδονίης
327 2987 410 3069 [γῆς]
426 2978 487 3050 ούκ
507 2975 664 3071 ήλθονές
681 2984 803 3053 τούτου
818 2982 921 3069 λόγον
937 2980 1019 3051 ὥστε
1034 2981 1100 3069 μά-

8 3108 10 3117 *
92 3089 221 3165 χεσθαι.
240 3078 319 3149 ’Σοί
334 3080 370 3149 δέ
388 3079 428 3168 δή
445 3084 555 3169 μέλλει
569 3109 635 3170 τις,
657 3075 854 3172 ἀβασιλεῦ,
876 3080 1098 3151 ἀντιώσεσθαι
1115 3089 1132 3141 3

93 3178 242 3265 πόλεμον
254 3181 468 3268 προσφέρων,
486 3179 602 3267 ἄγοντι
613 3184 669 3250 καὶ
680 3187 811 3268 πλῆθος
825 3179 862 3249 τό
876 3183 912 3250 ἐκ
923 3187 980 3268 τῆς
991 3176 1100 3262 Ἀσίης

92 3284 147 3347 καὶ
168 3282 245 3359 νέας
260 3277 318 3358 τάς
333 3276 481 3363 ἀπάσαςς
503 3278 546 3360 ὡς
567 3283 629 3368 μὲν
644 3277 709 3368 έγό
727 3282 850 3367 δοκέω,
872 3277 935 3347 ούκ
953 3278 985 3356 ἐς
999 3282 1098 3343 τοῦτο

92 3377 238 3466 θράσεος
249 3376 367 3465 ἀνήκει
380 3378 419 3447 τά
431 3377 600 3467 Ἑλλήνων
614 3382 808 3468 πρήγματα,
824 3386 854 3448 εί
863 3377 898 3446 δέ
910 3375 976 3461 ἀρα
987 3373 1053 3461 ἐγιό
1062 3397 1098 3439 τε

9 3506 10 3509 ’
93 3483 280 3562 ψευσθείην
296 3477 414 3569 γνώμη
432 3481 486 3548 καὶ
508 3481 627 3549 ἐκείνοι
646 3479 867 3566 ἐπαερθέντες
883 3471 1025 3559 ἀβουλίη
1042 3474 1094 3537 έλ-
