2606 3920
1042 10 1281 167 Ἰ.

223 267 286 331 274
600 276 850 334 HERODOTI

152 446 206 500 118
220 433 329 500 λοιποὶ
350 430 418 518 άμα
434 437 539 523 Ξέρξη
559 433 772 502 ἀπικνέονται
794 438 827 513 ές
839 435 975 521 Σάρδις.
1011 437 1102 506 ’Ἐστι
1118 440 1156 508 δέ
1172 443 1225 506 καὶ

221 529 320 608 ἄλλος
337 528 395 598 δ’δε
411 532 510 617 λόγος
530 534 727 618 λεγόμενος,
749 529 794 609 ὡς
808 532 919 619 έπειδή
937 539 1059 623 Ξέρξης
1073 533 1222 604 ἀπελαύ-

220 654 291 695 νων
306 631 338 707 έξ
351 625 520 714 Ἀθηνέων
537 626 673 696 ἀπίκετο
688 625 741 696 έπ’
762 626 878 696 Ἠϊόνα
892 629 954 716 τήν
970 634 1023 700 έπλ
1036 633 1220 720 Στρυμόνι,

221 730 382 796 ἐνθεῦτεν
403 725 514 796 οὐκέτι
541 724 749 816 ὁδοιπορίῃσι
775 732 942 813 διεχρᾶτο,
974 727 1057 798 ἀλλὰ
1077 729 1140 818 τήν
1161 734 1221 817 μέν

221 822 379 910 στρατιήν
389 822 543 907 Ὑδάρνεϊ
555 825 727 910 ἐπιτράπει
741 821 884 909 ἀπάγειν
900 826 934 903 ές
949 824 1221 915 τδνἙλλήσπον-

220 949 297 1009 τον,
312 920 412 1002 αὐτὸς
424 921 455 992 δ’
468 927 520 992 έπί
535 920 611 1003 νεδς
622 929 803 1008 Φοινίσσης
814 918 929 1009 έπιβάς
940 925 1103 1009 ἐκομίζετο
1115 927 1148 1004 ές
1162 922 1222 1010 τήν

216 1018 338 1105 Ἀσίην.
371 1020 526 1088 κλάοντα
542 1024 582 1090 δέ
592 1048 651 1107 μιν
666 1019 793 1106 άνεμον
809 1028 1024 1108 Στρυμονίην
1038 1022 1222 1110 ὑπολαβεῖν

220 1119 325 1205 μέγαν
336 1121 391 1188 καὶ
402 1128 574 1208 κυματίην.
595 1123 650 1190 καί
662 1118 713 1206 δή,
728 1126 857 1205 μᾶλλον
870 1119 978 1204 γάρτι
992 1130 1222 1208 χειμαίνεσθαι

219 1216 386 1302 νεμούσης
401 1224 458 1303 τῆς
472 1217 548 1297 νεδς
565 1217 649 1286 ὥστε
667 1221 720 1285 έπλ
735 1224 797 1284 τοῦ
815 1219 1089 1306 καταστρώματος
1103 1222 1222 1290 ἐπεόν-

219 1344 288 1385 των
301 1323 435 1403 συχνῶν
448 1320 608 1404 Περσέων
623 1324 691 1386 τῶν
706 1316 771 1385 σὺν
785 1321 891 1406 Ξέρξη
908 1323 1150 1406 κομιζομένων,
1166 1323 1222 1388 έν-

219 1423 331 1488 δαῦτα
346 1421 378 1497 ές
395 1423 491 1506 δεῖμα
510 1417 656 1486 πεσόντα
670 1414 730 1485 τδν
750 1418 887 1505 βασιλέα
903 1426 1052 1501 εἴρεσθαι
1065 1418 1221 1506 βάσαντα

220 1516 280 1586 τδν
294 1517 515 1604 κυβερνήτην,
533 1527 567 1586 εί
577 1544 626 1595 τις
637 1519 708 1586 έστί
720 1537 780 1601 σφι
795 1524 947 1604 σωτηρίη.
971 1515 1100 1586 καὶτὸν
1115 1517 1220 1585 εἶπαι·

218 1616 385 1699 Δέσποτα,
401 1611 463 1682 οὐκ
478 1621 546 1683 ἔστι
564 1614 720 1701 οὐδεμία,
734 1613 778 1703 ήν
793 1615 836 1704 μή
848 1615 978 1684 τούτων
988 1612 1162 1702 ἀπαλλαγή
1173 1642 1220 1692 τις

170 1781 184 1807 ,
217 1714 352 1799 γένηται
363 1718 431 1779 τῶν
440 1720 574 1780 πολλῶν
582 1716 772 1801 ἐπιβατέων.
786 1715 968 1794 καίΞέρξεα
978 1718 1106 1798 λέγεται
1116 1711 1219 1781 ἀκού-

218 1833 322 1880 σαντα
338 1816 441 1876 ταῦτα
456 1808 561 1877 εἶπαι·
580 1811 719 1896 ’Ἄνδρες
733 1814 878 1897 Πέρσαι,
893 1818 960 1878 νῦν
974 1837 1023 1889 τις
1038 1810 1220 1892 διαδεξάτω

218 1906 332 1995 ὑμέων
346 1904 501 1994 βασιλέος
514 1909 714 1995 κηδόμενος·
737 1912 773 1976 έν
785 1906 865 1994 ὑμῖν
881 1906 945 1994 γάρ
960 1907 1029 1976 οἶκε
1045 1910 1117 1994 έμολ
1135 1907 1219 1976 εἶναι
1280 1930 1281 1951 ³

219 2004 239 2093 ἡ
257 2010 411 2091 σωτηρίη.
438 2004 507 2072 Τδν
523 2007 585 2092 μέν
598 2014 702 2074 ταῦτα
715 2006 834 2092 λέγειν,
850 2004 929 2083 τούς
939 2003 976 2073 δέ
989 2011 1216 2092 προσκννέον·

219 2130 277 2182 τας
297 2105 445 2188 έκπηδάν
466 2105 498 2180 ές
512 2101 575 2190 τήν
594 2107 786 2190 θάλασσαν,
810 2107 864 2172 καὶ
885 2100 947 2189 τήν
961 2107 1020 2172 νέα
1041 2106 1220 2191 έπικουφι-
1279 2086 1280 2117 ¹

220 2212 361 2270 σθεῖσαν
374 2200 463 2268 οὕτω
479 2200 520 2287 δή
538 2201 758 2289 ἀποσωθῆναι
775 2206 807 2281 ές
822 2200 884 2287 τήν
900 2199 1021 2288 Ἀσίην
1053 2199 1096 2279 ὡς
1112 2203 1149 2269 δὲ
1164 2204 1221 2269 έκ-
1278 2264 1279 2271 ,

219 2306 319 2389 βῆναι
333 2298 467 2384 τάχιστα
482 2302 514 2378 ές
528 2307 592 2386 γῆν
607 2297 668 2367 τδν
681 2303 818 2386 Ξέρξεα,
839 2306 975 2386 ποιῆσαι
991 2299 1138 2367 τοιόνδε·
1168 2296 1219 2366 ὅτι

219 2399 281 2484 μέν
290 2401 392 2464 ἔσωσε
404 2396 556 2482 βασιλέος
566 2396 629 2484 τήν
640 2395 760 2485 ψυχήν,
775 2397 991 2484 δωρήσασθαι
1001 2395 1131 2488 χρυσέῳ
1143 2416 1220 2464 στε-
1277 2442 1278 2451 ¹

219 2497 317 2586 φάνη
337 2492 398 2562 τδν
418 2498 644 2582 κυβερνήτην,
671 2493 721 2563 ὅτι
737 2495 771 2563 δέ
787 2494 946 2580 Περσέων
962 2492 1106 2572 πολλοὺς
1122 2492 1221 2560 ἀπω-

152 2606 201 2658 119
218 2604 309 2679 λεσε,
331 2591 514 2681 ἀποταμεῖν
534 2594 598 2683 τήν
612 2593 763 2681 κεφαλήν
783 2593 896 2662 αὐτοῦ.
936 2587 1044 2673 Οὗτος
1064 2595 1100 2661 δέ
1117 2591 1220 2672 ἀλλος

219 2695 348 2778 λέγεται
362 2692 461 2778 λόγος
474 2699 625 2777 περὶτοῦ
642 2694 770 2777 Ξέρξεω
785 2693 920 2776 νόστου,
936 2689 1090 2776 οὐδαμῶς
1105 2696 1221 2775 ἔμοιγε

218 2789 349 2874 πιστὸς,
372 2790 449 2858 οὔτε
462 2791 570 2870 άλλως
594 2791 671 2859 οὔτε
693 2789 730 2858 τὸ
747 2791 906 2876 Περσέων
927 2795 1024 2855 τοῦτο
1039 2786 1160 2865 πάθος.
1193 2793 1222 2854 εί

216 2890 281 2976 ηάρ
297 2889 337 2974 δή
353 2898 456 2958 ταῦτα
468 2891 555 2958 οὕτω
571 2891 685 2975 εἰρέθη
696 2891 731 2957 έκ
743 2896 803 2956 τοῦ
818 2883 1028 2974 κυβερνήτεω
1040 2880 1122 2969 πρὸς
1133 2883 1221 2969 Ξέρ-

217 2993 284 3071 ξεα,
300 2990 337 3056 έν
351 2995 487 3076 μνρίησι
501 2989 652 3077 ηνάμησι
663 2993 743 3074 μίαν
757 2983 819 3054 οὐκ
831 2992 893 3072 ἔχω
908 2982 1078 3065 ἀντίξοον,
1094 2979 1139 3068 μή
1155 2978 1220 3047 οὐκ

217 3082 260 3153 ἀν
274 3093 408 3171 ποιήσαι
425 3086 563 3171 βασιλέα
576 3088 717 3172 τοιόνδε,
733 3081 811 3162 τούς
822 3086 884 3170 μέν
899 3085 935 3150 έκ
950 3088 1011 3148 τοῦ
1025 3079 1220 3163 καταστρώ-

216 3208 318 3268 ματος
329 3184 549 3269 καταβιβάσαι
561 3187 593 3264 ές
604 3191 720 3271 κοίλην
731 3183 791 3251 νέα
804 3180 1056 3265 έόνταςΠέρσας
1066 3179 1119 3245 καί
1127 3185 1221 3259 Περ-
1272 3234 1273 3281 η

216 3279 304 3348 σέων
321 3277 399 3356 τοὺς
414 3280 583 3365 κράτους,
603 3289 671 3350 τῶν
692 3281 724 3349 δ’
745 3280 885 3366 έρετέων
905 3277 1031 3344 έόντων
1048 3280 1221 3341 Φοινίκων

217 3374 304 3452 ὅκως
319 3372 381 3442 οὐκ
397 3371 439 3441 ἀν
455 3385 529 3442 ἴσον
545 3387 673 3465 πλῆθος
693 3394 777 3448 τοῖσι
791 3377 941 3466 Πέρσησι
958 3373 1090 3459 ἐξέβαλε
1107 3372 1141 3449 ές
1155 3368 1222 3458 τήν
1271 3368 1272 3451 ᾖ

215 3478 401 3538 θάλασσαν.
435 3470 508 3540 ἀλλ’
534 3473 551 3543 ὁ
574 3479 652 3563 μέν,
679 3477 723 3556 ὡς
739 3480 794 3545 καὶ
815 3471 981 3563 πρότερόν
1003 3497 1059 3558 μοι
1077 3481 1220 3558 είρηται.
