2566 3934
350 253 439 310 LIB.
468 254 498 314 11.
533 253 629 312 cAP.
662 260 809 316 14-17.·
1035 247 1095 316 12³

94 419 163 485 τίνα
176 421 339 502 γλῶσσαν
352 412 491 503 πρώτην
505 410 682 503 ἀπήσουσι.
712 410 786 486 ἀλλ’
804 415 880 487 οὔτε
891 419 1097 506 Αἰγυπτίους

95 517 196 585 δοκέω
215 512 286 602 ἅμα
307 520 356 606 τῷ
370 519 481 582 Δέλτα
497 519 544 605 τῷ
563 509 624 580 ὑπ’
644 510 769 582 Ἱώνων
790 520 979 608 καλεομένῳ
999 516 1095 603 γενέ-

95 630 190 706 σθαι,
213 622 283 685 αἰεί
310 642 347 684 τε
376 612 460 683 εἶναι
481 616 514 694 ἐξ
543 607 586 682 ού
609 611 805 702 ἀνθρώπων
828 620 926 703 γένος
952 619 1094 704 ἐγένετο,

95 714 278 805 προιούσης
300 715 337 782 δὲ
354 719 413 800 τῆς
431 712 541 800 χώρης
561 712 707 793 πολλοὺς
727 716 791 802 μὲν
812 713 893 795 τούς
913 712 1095 784 ὑπολειπο-

95 817 216 901 μένους
230 809 345 881 αύτών
359 815 536 899 γενέσθαι,
562 810 708 891 πολλούς
723 815 759 881 δέ
773 812 852 894 τούς
869 812 1096 900 ὑποκαταβαί-

94 938 223 992 νοντας.
260 909 298 979 τδ
320 911 352 979 δ’
378 903 428 980 ών
447 912 550 980 πάλαι
570 916 607 980 αί
621 917 730 998 Θῆβαι
744 921 915 1000 Αἰγυπτος
932 914 1094 998 ἐκαλέετο,

95 1021 148 1102 τῆς
170 1008 211 1080 τό
236 1015 437 1098 περίμετρον
457 1009 589 1078 στάδιοί
607 1015 671 1078 εἰσι
695 1020 801 1080 εἰκοσι
820 1016 876 1081 καί
899 1009 1019 1081 ἑκατὸν
1039 1014 1095 1080 καί

96 1114 314 1197 ἑξακισχίλιοι.
357 1114 402 1177 Εί
422 1100 471 1176 ών
491 1105 587 1196 ἡμεῖς
608 1105 721 1195 ὀρθῶς
747 1112 823 1198 περί
851 1107 964 1179 αύτών
990 1108 1095 1198 γινώ-
1109 1124 1142 1179 16

96 1233 236 1297 σκομεν,
249 1204 365 1287 Ἴωνες
381 1204 444 1276 ούκ
459 1201 498 1277 εὖ
515 1211 699 1296 φρονέουσι
715 1210 792 1296 περί
804 1208 994 1295 Αἰγύπτου·
1013 1215 1044 1279 εἰ
1059 1209 1095 1277 δὲ

95 1310 181 1399 ὀρθή
195 1311 267 1378 έστι
282 1304 303 1396 ἡ
318 1314 386 1377 τών
399 1305 521 1377 Ἰώνων
534 1309 663 1396 γνώμη,
676 1306 839 1397 Ἕλληνάς
853 1312 957 1377 τεκαὶ
972 1305 1095 1387 αὐτούς

87 1414 203 1493 Ἴωνας
231 1407 452 1499 ἀποδείκνυμι
477 1408 540 1491 ούκ
566 1412 806 1497 ἐπισταμένους
829 1414 1036 1496 λογίζεσθαι,
1062 1411 1097 1477 οἳ

93 1533 173 1601 φασι
196 1515 275 1598 τρία
298 1509 401 1597 μόρια
427 1507 512 1578 εἶναι
538 1515 603 1596 γῆν
628 1515 756 1595 πᾶσαν,
785 1505 956 1597 Εὐρώπην
978 1533 1015 1576 τε
1039 1510 1095 1576 καί

88 1610 201 1698 Ἀσίην
218 1610 275 1691 καί
291 1608 431 1695 Λιβύην.
470 1611 628 1694 τέταρτον
648 1608 713 1694 γάρ
729 1625 834 1694 σφεας
848 1611 902 1676 δεῖ
912 1611 1094 1694 προσλογί-

92 1717 207 1792 ζεσδαι
223 1704 400 1793 Αἰγύπτου
414 1704 451 1775 τὰ
465 1709 592 1793 Δέλτα,
617 1713 648 1775 εί
668 1707 750 1794 μήτε
769 1707 811 1793 γέ
828 1708 897 1775 ἐστι
912 1712 971 1793 τῆς
987 1703 1095 1791 Ἀσίης

91 1807 169 1896 μήτε
190 1812 252 1893 τῆς
272 1803 418 1893 Λιβύης·
437 1803 493 1881 ,οά
512 1802 578 1892 γάρ
603 1802 643 1892 δὴ
666 1802 683 1873 ὁ
707 1803 831 1882 Νεῖλός
856 1812 896 1890 γέ
919 1806 988 1873 έστι
1010 1798 1094 1871 κατὰ

90 1912 213 1974 τοῦτον
238 1899 300 1971 τὸν
323 1901 426 1989 λόγον
451 1899 470 1970 ὁ
495 1898 558 1989 τὴν
578 1898 691 1989 Ἀσίην
713 1900 856 1990 οὐρίζων
875 1908 933 1988 τῆς
954 1898 1092 1989 Λιβύης.

91 2011 148 2072 τοῦ
171 2006 288 2075 Δέλτα
316 2004 352 2070 δέ
376 2001 499 2069 τούτου
524 1997 606 2067 κατά
632 1996 670 2068 τὸ
696 1997 756 2079 ὀξύ
785 1996 1048 2087 περιρρήγνυται
1073 1993 1093 2066 ὁ

89 2114 228 2192 Νεῖλος,
260 2103 344 2172 ώστε
366 2105 469 2192 ἐντῷ
490 2098 612 2188 μεταξύ
630 2098 740 2188 Ἀσίης
760 2125 796 2168 τε
816 2101 871 2167 καί
891 2098 1020 2186 Λιβύης
1041 2104 1095 2186 γί-

89 2231 160 2275 νοιτ
196 2230 251 2272 αν.

167 2306 238 2373 Καί
251 2299 315 2389 τὴν
328 2301 390 2389 μὲν
401 2299 522 2390 Ἰώνων
537 2301 677 2390 γνώμην
691 2297 848 2388 ἀπίεμεν,
868 2296 962 2389 ἡμεῖς
978 2298 1014 2366 δέ
1028 2287 1096 2367 ώδέ
1107 2306 1141 2364 17

89 2430 130 2494 κη
146 2405 226 2491 περὶ
241 2399 373 2469 τούτων
398 2405 555 2490 λέγομεν,
584 2411 758 2488 Αἴγυπτον
783 2401 845 2487 μὲν
871 2406 983 2468 πᾶσαν
1008 2397 1093 2469 είναι

88 2500 217 2587 ταύτην
229 2496 293 2586 τὴν
307 2496 368 2568 ὑπ’
391 2506 587 2587 Αἰγυπτίων
603 2503 798 2587 οἰκεομένην
832 2498 978 2587 κατάπερ
996 2505 1093 2566 Κιλι-

87 2607 164 2688 κίην
181 2595 249 2686 τὴν
269 2595 336 2667 ύπό
358 2603 507 2668 Κιλίκων
527 2601 582 2668 καί
602 2597 782 2687 Ἀσσυρίην
802 2596 864 2686 τὴν
884 2595 950 2666 ὑπὸ
973 2595 1092 2666 Ἀσσυ-

87 2706 188 2785 ρίων,
214 2695 359 2785 οὔρισμα
380 2697 417 2767 δέ
439 2695 530 2787 ’Δοίη
550 2701 605 2767 καί
621 2698 733 2788 Λιβύη
752 2702 891 2784 οἰδαμεν
913 2694 1092 2766 ούδδνέδν

86 2793 183 2887 ὀρθῷ
196 2792 289 2886 λόγῳ
303 2801 334 2863 εἰ
345 2793 390 2883 μὴ
405 2795 486 2877 τούς
499 2804 694 2885 Αἰγυπτίων
705 2796 844 2886 οὔρους·
874 2804 904 2867 εί
917 2801 953 2868 δέ
968 2803 1015 2891 τῷ
1028 2790 1088 2867 ὑπ’

80 2889 254 2982 Ἐλλήνων
280 2899 508 2988 νενομισμένῳ
534 2896 744 2984 χρησόμεθα,
761 2890 955 2984 ’νομιεύμεν
982 2906 1090 2984 Λίγυ-

84 3016 172 3061 nov
192 2999 306 3061 πᾶσαν
321 2991 510 3081 ἀρξαμένην
529 2992 595 3062 ἀπὸ
617 2995 851 3063 Καταδούπων
870 3022 906 3064 τε
926 2999 982 3065 καί
1001 2993 1090 3064 Ἐλε-

84 3100 252 3180 φαντινης
272 3094 387 3173 πόλιος
407 3098 480 3180 δίχα
502 3097 709 3184 διαιρέεσθαι
731 3098 787 3164 καί
807 3093 1006 3185 ἀμφοτέρων
1021 3103 1089 3166 τών

83 3192 307 3279 ἐπωνυμιέων
327 3197 478 3279 ἔχεσθαι·
510 3189 550 3261 τά
571 3197 633 3282 μὲν
654 3191 718 3283 γάρ
734 3192 835 3282 αύτης
856 3193 941 3262 εἶναι
955 3202 1013 3282 τῆς
1027 3202 1090 3262 Δι-

81 3290 187 3379 pm,
211 3287 252 3359 τά
269 3289 305 3359 δέ
318 3296 376 3377 τῆς
386 3288 503 3379 Ἀσίης.
542 3289 560 3361 ὁ
577 3290 642 3382 γάρ
657 3290 698 3380 δὴ
716 3300 837 3371 Νεῖλος
853 3291 1038 3379 ἀρξάμενος
1052 3293 1089 3357 έκ

81 3398 153 3460 τῶν
167 3389 402 3459 Καταδούπων
423 3395 491 3481 ῥέει
509 3394 616 3481 μέσην
631 3403 807 3480 Αίγυπτον
828 3396 947 3474 σχίζων
968 3392 1001 3462 ές
1020 3385 1089 3451 θά-
1223 3450 1226 3455 .

80 3498 225 3560 laem.
269 3493 363 3579 μέχρι
385 3494 448 3580 μίν
472 3519 538 3563 νυν
559 3492 787 3583 Κερκασώρου
812 3487 928 3556 πόλιος
950 3482 1019 3565 ῥέει
1043 3474 1089 3553 εἷς
