2602 3932
179 248 250 322 εις
589 243 841 305 οεοοοοτι

191 413 311 489 κτίζειν
324 404 437 494 χύρου
450 401 512 473 τὸν
522 409 673 490 αἰσχίονα
688 405 835 491 ἑλέσθαι,
851 408 882 474 εί
894 402 940 525 μη
955 396 1044 492 ἦσαν
1058 404 1192 489 τυφλοί.

191 501 290 587 οὗτος
304 498 389 593 δη
361 531 411 573 ων
429 504 505 574 τότε
524 530 543 572 ο
531 500 723 592 ’Μεγάβαζ
721 532 759 585 ος
778 501 960 591 στρατηγὸς
979 503 1132 591 λειφθεὶς
1155 502 1195 568 έν

189 613 230 694 τῇ
251 604 345 693 χώρη
354 602 622 692 Ἑλλησποντίων
640 601 721 684 τούς
737 601 783 692 μη
805 608 1002 692 μηδίζοντας
1017 603 1194 743 κατεστρέ-

191 729 281 789 φετο.
461 764 463 767 ,

125 826 175 879 145
272 790 380 879 Ούτος
396 802 459 888 μέν
474 826 543 870 νυν
559 808 664 869 ταῦτα
679 807 840 888 ἔπρησσε,
861 796 922 868 τδυ
936 794 1042 867 αύτδν
1061 797 1098 866 δε
1112 802 1196 865 τοῦ·

190 924 250 967 τον
263 897 388 985 χρόνον
415 900 541 984 ἐγίνετο
558 902 621 969 έιτλ
641 900 776 989 Λιβύην
794 895 895 978 ἄλλος
916 902 1070 983 στρατιῆς
1090 897 1195 981 μέγας

190 998 307 1077 στόλος
323 995 378 1066 διὰ
394 1000 584 1087 πρόφασιν,
601 998 664 1088 τὴν
679 997 744 1088 έγοδ
761 997 991 1087 ἀπηγήσομαι,
1008 1000 1194 1083 προδιηγη-

189 1098 333 1182 σάμενος
347 1098 513 1185 πρότερον
526 1100 614 1167 τάδε.
642 1107 719 1169 Τῶν
729 1102 766 1168 έιι
779 1107 838 1187 τῆς
849 1097 987 1187 Ἀργοῦς
1009 1097 1194 1187 ἐπιβατέων

188 1200 319 1264 παίδων
346 1200 461 1276 παῖδες
489 1200 701 1280 ἐξελαθέντες
734 1197 802 1268 ύιτδ
828 1202 1014 1284 Πελασγῶν
1049 1198 1117 1265 τῶν
1154 1198 1193 1264 ἐκ

188 1299 393 1382 Βραυρῶνος
409 1302 621 1383 ληισαμένων
640 1297 700 1378 τὰς
712 1296 903 1386 Ἀθηναίων
923 1311 1102 1386 γυναῖκας,
1122 1292 1191 1364 ύτιδ

188 1393 319 1461 τούτων
342 1395 553 1476 ἐξελαθέντες
579 1400 617 1466 έιι
637 1398 780 1485 Λημνον
806 1408 938 1486 οἴχοντο
964 1398 1133 1475 κλύοντες
1157 1396 1192 1474 ἐς

188 1494 439 1580 Λακεδαίμονα,
455 1495 599 1581 ίζύμενοι
609 1497 645 1564 δὲ
657 1499 696 1564 έν
706 1504 751 1589 τῷ
767 1500 923 1589 Τηϋγέτω
938 1504 1006 1586 πῦρ
1020 1494 1190 1564 ἀνέκαιον.

188 1590 448 1675 Λακεδαιμόνιοι
470 1593 506 1660 δέ
520 1594 649 1674 ίδόντες
670 1594 814 1681 ἄγγελον
827 1603 992 1683 ἔπεμπον,
1022 1592 1190 1678 πευσόμε·

189 1716 262 1776 νοι,
282 1716 370 1770 τινες
382 1717 418 1760 τε
432 1691 518 1762 ταδ’
502 1695 630 1763 οκύθεν
652 1701 731 1765 εἰσί
767 1701 802 1767 οί
819 1697 855 1764 δέ
876 1722 922 1787 τω
942 1691 1071 1784 ἀγγέλῳ
1091 1697 1190 1773 εἰρω-

188 1792 297 1858 τέοντι
311 1790 496 1915 ἐλεγον,’
473 1820 519 1873 ως
542 1804 660 1880 είησαν
680 1793 743 1881 μὲν
757 1794 908 1912 Μινύαι,
931 1797 1048 1872 παῖδες
1065 1791 1100 1858 δὲ
1122 1786 1191 1856 εἷεν

188 1894 257 1954 τῶν
277 1888 315 1955 έν
334 1916 374 1979 τη
395 1887 508 1979 Ἀργοῑ
527 1890 749 1963 ιιλωόντων
731 1894 871 2019 ηρούων,
901 1891 1128 1979 προσσχόντας
1152 1885 1190 1956 δὲ

187 1986 329 2067 τούτους
342 1991 376 2069 ἐς
391 1999 529 2078 Λημνον
543 2002 709 2080 φυτεῦσαι
723 1997 838 2080 σφέας.
882 1998 915 2062 οί
931 1995 968 2061 δδ
978 1986 1189 2076 Λακεδαιμό-

188 2111 256 2154 νιοι
284 2083 463 2174 ἀκηκοότες
488 2089 548 2158 τὸν
575 2093 679 2177 λόγον
699 2099 757 2178 τῆς
783 2097 899 2179 γενεῆς
921 2096 990 2158 τῶν
1012 2088 1189 2174 Μινυέων,

188 2186 433 2276 ιτέμυαντεςτό
455 2189 614 2277 δεύτερον
635 2193 811 2277 είρύτεον,
838 2198 873 2260 τί
886 2193 1060 2268 ἐθέλοντες
1074 2187 1190 2274 ἥκοιέν

187 2306 222 2349 τε
243 2283 277 2361 ἐς
291 2281 354 2370 τήν
374 2284 488 2374 χωρην
508 2291 563 2357 καλ
571 2297 655 2379 ιτύρ
676 2297 819 2359 αίθοιεν.
864 2294 899 2358 οί
916 2290 952 2357 δέ
972 2295 1104 2375 ἔφασαν
1120 2281 1188 2354 νεεδ

187 2390 372 2469 Πελασγων
386 2372 643 2475 ἐκβληθέντες
622 2417 716 2509 ηκειυ
729 2388 764 2469 ἐς
782 2387 861 2470 τούς
877 2393 1037 2473 πατέρας·
1059 2386 1190 2457 δικαιό-

187 2506 287 2549 τατον
301 2482 366 2568 γὰρ
383 2482 432 2552 ειι
433 2512 467 2553 ιιι
479 2485 569 2555 οὕτω
585 2495 684 2556 τοῦτο
698 2497 871 2577 γίνεσθαι
898 2493 1043 2557 δέεσθαί
1047 2514 1083 2556 τε
1100 2490 1187 2555 οἰκέ-

188 2605 240 2647 ειν
256 2578 325 2698 ἆμα
341 2585 488 2653 τούτοισι
503 2587 627 2673 μοῖράν
643 2612 679 2655 τε
701 2593 822 2672 τιμέων
841 2590 1031 2673 μετέχοντες
1056 2586 1110 2652 καλ
1130 2589 1188 2668 της

187 2704 248 2766 γης
267 2676 500 2768 απολαχόντες.
541 2689 834 2771 Λακεδαιμονίοισι
862 2685 898 2752 δὲ
927 2687 1003 2752 εαδε
1028 2686 1188 2751 δέκεσθαι

186 2777 265 2858 τούς
295 2784 430 2863 Μινύας
463 2781 517 2853 ἐπ’
546 2781 612 2853 οἷσι
637 2787 793 2854 ἐθέλουσι
827 2782 938 2854 αύτοί.
977 2785 1120 2871 μα’λιστιι
1151 2781 1189 2849 δέ

187 2881 287 2965 ένηγέ
305 2904 409 2966 σφεας
431 2881 515 2953 οἷστε
537 2888 664 2954 ποιέειν
692 2892 795 2953 ταῦτα
816 2892 884 2952 τῶν
909 2888 1145 2967 Τυνδαριδέων
1165 2877 1187 2968 ἡ

186 2988 339 3068 ναυτιλίη
356 2986 393 3050 ἐν
414 2990 454 3071 ιβ
468 2982 588 3071 Ἀργοῖ.
627 2987 801 3073 δεξάμενοι
822 2990 857 3053 δέ
876 2984 955 3065 τούς
971 2986 1108 3062 Μινύας
1128 2988 1189 3068 γης

185 3103 219 3146 τε
240 3084 422 3165 μετέδοσαν
448 3087 501 3152 καλ
527 3087 560 3164 ἐς
582 3083 693 3169 φυλὰς
712 3079 919 3152 διεδάσαντο.
956 3086 991 3150 οἷ
1010 3077 1188 3150 δὲάύτίκα

183 3178 246 3263 μέν
261 3179 389 3265 γάμους
404 3187 549 3269 ἔγημαν,
567 3183 626 3262 τὰς
640 3185 728 3251 δὲέκ
743 3185 883 3271 Λήμνου
894 3180 1016 3269 ἤγοντο
1032 3183 1189 3261 ἐξέδοσαν
1288 3186 1289 3189 ’

129 3288 176 3343 146
191 3274 330 3349 ύλλοισι.
377 3283 560 3364 Χριὶνονδέ
575 3278 617 3369 ού
635 3288 761 3350 πολλοῦ
778 3283 1011 3363 διεξελθόντος
1025 3279 1145 3348 αὐτίκα
1156 3282 1191 3353 οί
1288 3294 1289 3301 ’

187 3378 316 3444 Μινύαι
335 3379 532 3464 ἐξύβρισαν,
562 3387 620 3467 τῆς
639 3407 674 3448 τε
695 3388 870 3469 βασιληίης
891 3384 1117 3467 μεταιτέοντες
1133 3379 1189 3446 καλ

182 3473 266 3543 ἄλλα
291 3486 463 3558 ποιεῦντες
487 3475 550 3548 ούκ
579 3477 664 3548 ὅσια.
710 3494 795 3549 τοῖσι
817 3470 866 3551 dv
887 3482 1182 3567 Λακεδαιμονίοισι
