2588 3926
205 258 267 321 300
578 257 828 315 HERODOTl

204 424 273 483 λου.
297 417 332 483 έκ
347 415 470 485 τούτου
484 423 545 483 τοῦ
560 421 662 504 ἔργον
677 413 848 500 εὑρόμεθα
863 417 900 484 έν
907 423 1217 505 Πελοποννησίοισι

203 530 288 584 τοῖσι
302 515 377 584 τότε
391 519 446 586 καὶ
461 515 545 585 ἀλλα
558 518 657 603 γέρεα
671 515 815 604 μεγάλα,
830 513 871 583 τό
887 520 1103 604 διατελέομεν
1119 523 1216 605 ἔχον-

204 640 272 701 τες,
296 618 352 683 καὶ
367 621 429 683 τοῦ
443 617 557 704 κέρεος
570 622 631 682 τοῦ
646 617 760 701 ἑτέρου
776 614 839 682 αἰεὶ
857 611 1080 701 ἡγεμονεύειν
1097 620 1215 700 κοινῆς

205 716 323 797 ἐξόδου
338 720 524 805 γινομένης.
547 714 630 803 ύμῖν
643 720 705 804 μέν
720 742 797 803 νυν,
814 709 841 785 ό
854 718 1134 808 Λακεδαιμόνιοι,
1153 716 1213 787 ούιι

205 812 426 900 ἀντιεύμεθα,
448 812 532 883 ἀλλά
553 813 702 893 διδόντες
717 816 848 900 αἵρεσιν
863 811 1024 903 ὁκοτέρου
1040 817 1212 904 βούλεσθε

205 912 318 994 κέρεος
329 907 444 997 ἀρχειν
453 919 624 1000 παρίεμεν,
636 918 697 978 τοῦ
709 912 746 979 δὲ
757 914 872 998 ἑτέρου
883 913 994 998 φαμὲν
1004 911 1111 1000 ἡμέας
1122 915 1213 982 ἱκνέ-

207 1018 305 1077 εσθαι
318 1007 554 1095 ἡγεμονεύειν,
569 1009 653 1077 κατά
667 1032 729 1095 περ
745 1010 783 1075 έν
796 1014 842 1099 τῷ
855 1009 987 1092 πρόσθε
999 1011 1122 1102 χρόνῳ.
1148 1037 1213 1097 χω-

205 1111 256 1192 ρίς
266 1131 302 1173 τε
312 1107 435 1174 τούτου
448 1113 512 1175 τοῦ
525 1104 742 1194 ἀπηγημένου
754 1112 855 1193 ἔργον
867 1104 1112 1192 ἀξιονικότεροί
1120 1117 1214 1197 εἰμεν

201 1205 391 1293 Ἀθηναίων
403 1207 530 1293 ταύτην
550 1204 613 1294 τὴν
629 1207 725 1287 τάξιν
739 1212 835 1293 ἔχειν.
859 1211 976 1278 πολλοὶ
991 1210 1052 1296 μέν
1072 1207 1142 1297 γάρ
1158 1212 1214 1278 καλ

205 1298 244 1372 εὖ
259 1310 388 1391 ἔχοντες
401 1302 485 1388 πρός
495 1304 598 1392 ὑμέας
609 1304 699 1393 ἡμῖν,
716 1303 837 1394 ἀνδρες
846 1313 1064 1394 Σπαρτιῆται,
1082 1306 1214 1395 ἀγῶνες

204 1403 423 1492 ἀγωνίδαται,
439 1407 555 1474 πολλοὶ
569 1407 606 1474 δέ
616 1408 671 1473 καὶ
685 1402 769 1490 πρός
783 1403 914 1485 ἀλλους.
938 1405 1027 1474 οὕτω
1043 1399 1094 1476 τόν
1106 1404 1213 1494 ἡμέας

205 1509 335 1572 δίκαιον
352 1509 439 1589 ἔχειν
452 1500 489 1571 τό
506 1506 620 1590 ἕτερον
635 1508 733 1590 κέρας
746 1501 832 1591 ἥπερ
844 1500 1052 1590 Ἀθηναίους.
1084 1502 1128 1574 ού
1144 1507 1213 1592 γύρ

204 1610 267 1690 σφί
278 1606 346 1671 ἐστι
357 1609 438 1688 ἔργα
453 1599 507 1671 οἷά
519 1629 581 1691 περ
592 1602 673 1692 ἡμῖν
684 1606 943 1692 κατεργασμένα,
960 1602 1033 1671 οὔτ’
1047 1597 1096 1672 σόν
1107 1602 1210 1673 καινά
1274 1622 1275 1669 3

156 1717 189 1771 27
207 1698 284 1769 οὔτε
304 1701 437 1769 παλαιοί.
471 1705 516 1769 Οἱ
530 1702 592 1787 μὲν
607 1709 710 1769 ταῦτα
729 1708 862 1789 ἔλεγον,
881 1700 1052 1787 Ἀθηναῖοι
1073 1703 1110 1769 δὲ
1125 1699 1210 1787 πρὸς
1274 1710 1275 1715 ’

204 1803 307 1865 ταῦτα
317 1794 541 1884 ἀπεκρίναντο
552 1798 648 1868 τάδε·
661 1797 884 1886 Ἐπιστάμεθα
894 1799 957 1887 μὲν
966 1799 1115 1869 σύνοδον
1127 1799 1205 1885 τὴν-

205 1902 241 1964 δε
261 1896 365 1984 μάχης
381 1900 509 1966 εἵνεκεν
523 1904 723 1984 συλλεγῆναι
744 1896 829 1982 πρός
843 1894 904 1965 τόν
918 1896 1108 1984 βάρβαρον,
1131 1891 1206 1964 ἀλλ’

203 1992 244 2061 ού
257 1994 385 2082 λόγων·
408 1998 478 2066 ἐπεὶ
491 1999 527 2065 δὲ
541 1994 560 2065 δ
576 1997 738 2083 Τεγεήτης
751 1999 920 2084 προέθηκε
931 1996 1055 2066 παλαιά
1066 1998 1122 2065 καὶ
1133 2022 1208 2063 και·

204 2091 246 2159 υά
261 2094 380 2179 λέγειν,
395 2093 435 2162 τά
451 2097 633 2181 ἑκατέροισι
650 2096 686 2162 έν
696 2102 742 2185 τῷ
755 2096 854 2162 παντὶ
867 2094 977 2183 χρόνῳ
988 2096 1209 2185 ματέργασται

202 2189 337 2278 χρηστὰ,
353 2192 541 2279 ἀναγκαίοις
555 2190 636 2279 ἡμῖν
651 2198 715 2278 ἔχει
731 2195 878 2279 δηλῶσαι
893 2189 977 2280 πρός
990 2190 1103 2278 ὑμέας,
1121 2189 1206 2261 ὅθεν

202 2285 282 2375 ἡμῖν
299 2289 469 2374 πατρώϊόν
485 2292 554 2357 έστι
571 2292 664 2358 δοῦσι
680 2306 849 2378 χρηστοῖσι
864 2294 926 2359 αἰεὶ
943 2286 1103 2379 πρύταισι
1120 2288 1209 2358 εἶναι

202 2382 362 2472 μᾶλλονὴ
375 2383 519 2473 Ἀρκάσι
537 2385 762 2475 Ἡρακλείδας,
772 2396 841 2456 τῶν
852 2382 948 2458 ούτοί
957 2410 1040 2476 φασι
1051 2385 1209 2457 ἀποκτεῖ-

204 2509 260 2548 ναι
275 2480 336 2549 τόν
350 2480 499 2569 ἡγεμόνα
514 2486 551 2552 έν
564 2481 702 2577 Ἰσθμῷ,
718 2487 859 2566 τούτους
871 2487 1054 2573 πρότερον,
1070 2488 1210 2567 ἐξελαυ-

201 2582 366 2668 νομένους
379 2579 447 2650 ὑπὸ
468 2583 606 2652 πάντων
621 2590 689 2652 τάν
703 2582 873 2671 Ἑλλήνων
892 2587 926 2664 ἐς
938 2582 1018 2665 τούς
1032 2582 1207 2653 ἀπικοίατο

202 2681 385 2769 φεύγοντες
400 2684 614 2769 δουλοσύνην
630 2680 714 2770 πρός
731 2690 958 2770 Μυκηναίων,
979 2689 1101 2770 μοῦνοι
1116 2678 1208 2750 ὑπο-

132 2852 138 2859 ,
202 2782 374 2870 δεξάμενοι
395 2781 457 2872 τὴν
472 2782 670 2871 Εύρυσθέυς
690 2782 792 2871 ὕβριν
807 2791 1018 2870 κατείλομεν,
1039 2779 1106 2850 σύν
1120 2783 1208 2849 ἐκεί-

200 2901 288 2948 νοισι
299 2883 386 2971 μάχη
397 2884 593 2971 νικήσαντες
602 2880 682 2961 τούς
694 2883 769 2950 τότε
784 2888 919 2968 ἔχοντας
929 2878 1204 2965 Πελοπόννησον.

199 2986 297 3048 τοῦτο
309 2979 345 3049 δέ
356 2978 524 3066 Ἀργείους
533 2978 612 3059 τούς
621 2978 702 3067 μετά
710 2978 1114 3066 Πολυνείκεοςέπὶθὴβας
1125 2975 1204 3045 ἐλό-

199 3096 336 3164 σαντας,
358 3078 617 3166 τελευτήσαντας
636 3077 697 3146 τόν
718 3085 824 3147 αἰῶνα
844 3082 900 3147 καὶ
919 3075 1070 3164 ἀτάφους
1092 3075 1208 3161 κειμέ·

197 3204 295 3265 νους,
311 3178 592 3265 στρατευσόμενοι
610 3181 661 3247 έπλ
675 3176 755 3257 τούς
766 3182 955 3265 Καδμείους
969 3175 1152 3245 ἀνελέσθαι
1168 3199 1205 3240 τε

195 3278 275 3360 τούς
295 3280 437 3368 νεκρούς
455 3306 566 3366 φαμεν
580 3282 635 3348 καὶ
654 3280 765 3362 θάψαι
782 3285 839 3365 τῆς
853 3274 1014 3365 ἡμετέρης
1033 3278 1071 3342 έν
1088 3271 1205 3343 Ἐλευ-

195 3391 272 3445 σῖνι.
302 3382 370 3445 έστι
385 3380 422 3444 δέ
434 3374 515 3465 ἡμίν
530 3383 631 3463 ἔργον
652 3371 692 3444 εύ
706 3381 782 3462 ἔχον
796 3378 851 3444 καὶ
866 3378 899 3454 ές
916 3372 1128 3461 Ἀμαζονίδας
1143 3368 1205 3449 τάς

194 3470 259 3541 ἀπὸ
276 3474 513 3559 Θερμώδοντος
535 3480 686 3560 ποταμοῦ
701 3473 908 3560 ἐσβαλούσας
921 3471 997 3540 κοτέ
1013 3472 1046 3548 ές
1058 3476 1124 3555 γὴυ
1137 3464 1202 3555 τὴν
