2588 3926
185 298 248 362 340
560 300 811 357 HERODOTI

184 466 280 553 ρείμ,
294 463 465 547 θυγατέρα
479 465 537 545 τῆς
550 455 709 545 γυναικὸς
723 459 846 544 ταύτης
860 463 915 529 καί
926 467 1119 547 Μασίστεω,
1137 466 1195 529 θο-

181 561 271 627 νιέων
285 556 392 646 αύτήν
406 565 534 647 μᾶλλον
548 555 740 642 λάμψεσθαι
753 553 798 644 ήν
810 565 915 627 ταῦτα
928 559 1060 648 ποιήσῃ.
1085 556 1195 646 ἁρμό-

183 678 244 738 σας
258 661 295 727 δὲ
313 661 369 728 καί
383 655 423 726 τά
444 656 644 743 νομιζόμενα
660 658 803 744 ποιήσας
819 655 993 747 ἀπήλαυνε
1010 663 1044 740 ές
1060 666 1190 729 Σοῦσα.

183 761 253 828 ἐπεὶ
272 759 308 827 θλ
326 761 396 828 έκεί
412 784 448 825 τε
468 755 603 826 ἀπίκετο
624 759 679 825 καὶ
697 755 841 844 η’νάγετο
859 760 892 838 ές
913 760 1040 827 ἑαυτοῦ
1054 759 1191 850 Δαρείῳ

181 855 244 945 τήν
259 871 419 944 γυναῖκα,
437 855 525 924 οὕτω
540 853 580 943 δή
596 863 654 943 τῆς
668 863 848 926 Μασίστεω
863 860 925 945 μὲν
938 857 1100 946 γυναικὸς
1115 860 1176 926 έπέ

182 982 308 1043 παντο,
324 953 392 1025 ὅδὲ
406 957 667 1042 διαμειψάμενος
678 953 743 1043 ήρα
754 981 789 1023 τε
801 957 856 1024 καί
874 957 1032 1044 ἐτύγχανε
1046 964 1105 1045 τῆς
1115 967 1190 1025 Λα-

182 1065 276 1144 ρείου
290 1054 353 1142 μὲν
367 1052 538 1142 γυναικὸς,
554 1061 735 1123 Μασίστεω
750 1056 786 1122 θλ
800 1055 987 1144 θυγατρός·
1011 1055 1141 1143 οὕνομα
1153 1058 1191 1124 σε

115 1150 171 1228 ἰθύ
182 1163 222 1246 τῇ
243 1157 379 1243 γυναικὶ
398 1152 503 1243 ταύτῃ
519 1146 564 1240 ἦν
580 1151 773 1241 Ἀρταΰντη.
810 1153 947 1240 Χρόνου
961 1157 998 1221 δὲ
1011 1154 1190 1243 προιόντος

182 1253 358 1324 ἀνάπυστα
374 1259 500 1339 γίνεται
514 1251 627 1343 τρόπω
641 1256 773 1342 τοιῷδε·
804 1252 997 1339 ἐξυφήνασα
1009 1249 1190 1339 ’Ἄμηστρις

180 1351 202 1441 ή
214 1356 341 1440 Ξέρξεω
352 1347 438 1437 μονή
452 1356 558 1436 φάρος
569 1350 652 1435 μέγα
664 1375 699 1416 τε
710 1352 924 1418 καὶποικίλον
935 1354 990 1418 καὶ
1000 1353 1083 1437 θέης
1093 1349 1189 1430 άξιον

182 1455 272 1519 διδοί
289 1451 402 1538 Ξέρξη.
436 1446 454 1518 ὁ
477 1451 513 1518 θλ
532 1446 650 1537 ήσθελς
670 1448 907 1537 περιβάλλεταί
927 1453 1038 1518 τεκαὶ
1060 1457 1188 1538 ἔρχεται

181 1546 272 1631 παρά
282 1545 345 1633 τήν
355 1545 568 1632 Ἀρταΰντην.
584 1544 701 1633 ἡσθείς
713 1550 749 1615 δὲ
763 1549 819 1615 καὶ
828 1547 942 1636 ταύτῃ,
959 1550 1111 1617 έκέλευσε
1123 1547 1187 1616 αύ-
1268 1544 1269 1565 ’

180 1643 242 1732 τήν
265 1649 396 1730 αίτήσαι
417 1644 483 1712 ὅτι
499 1644 659 1733 βούλεταί
679 1648 714 1713 οί
730 1648 890 1730 γενέσθαι
913 1642 987 1713 άντλ
1006 1651 1075 1712 τῶν
1095 1643 1186 1736 αύτῷ

49 1790 58 1799 -
180 1739 465 1830 ὑπουργημένων·
489 1739 598 1810 πάντα
613 1738 677 1830 γάρ
692 1741 868 1821 τεύξεσθαι
883 1742 1075 1830 αἰτήσασαν.
1097 1748 1137 1831 πή
1150 1742 1187 1810 δέ

180 1847 290 1919 κακῶς
312 1837 376 1926 γάρ
399 1845 470 1908 ἔθεε
495 1847 653 1926 πανοικίη
673 1841 850 1924 γενέσθαι,
877 1837 961 1927 πρὸς
986 1846 1090 1906 ταῦτα
1116 1837 1185 1906 εἰπε

180 1942 300 2027 Ξέρξη·
321 1938 453 2017 Λύσεις
467 1964 524 2025 μοι
539 1935 576 2005 τό
592 1936 636 2004 άν
651 1958 689 2005 σε
706 1938 848 2024 αἰτήσας
871 1934 889 2005 ὁ
906 1939 958 2024 δὲ,
973 1945 1042 2005 πᾶν
1055 1945 1185 2025 μᾶλλον

181 2039 307 2104 δοκέων
324 2037 457 2123 ἐκείνην
470 2041 600 2123 αίτήσαι
613 2032 807 2120 ὑπισχνέετο
823 2037 879 2102 καὶ
895 2034 1012 2121 ὤμοσε.
1034 2033 1055 2123 ἡ
1071 2038 1125 2122 δέ,
1141 2034 1187 2116 ὡς

181 2132 306 2221 άμοσε,
327 2129 432 2212 άὸεάς
447 2137 545 2203 αίτέει
559 2130 597 2201 τὸ
614 2139 729 2221 φᾶρος.
759 2136 882 2220 Ξέρξης
895 2135 932 2202 δὲ
945 2148 1103 2214 παντοῖος
1116 2138 1187 2221 ένί-

179 2258 253 2300 νετο
269 2228 311 2299 ού
321 2232 527 2319 βουλόμενος
539 2236 668 2318 δοῦναι,
681 2229 754 2299 κατ’
768 2230 849 2300 ἄλλο
860 2236 923 2318 μὲν
934 2229 1045 2320 οὐδέν,
1058 2234 1187 2321 φοβεύ-

173 2356 278 2417 μενος
293 2328 533 2416 δέ’Ἇμηστριν,
551 2327 596 2416 μή
615 2331 671 2398 καὶ
684 2332 764 2417 πρὶν
778 2329 1015 2419 κατεικαζούσῃ
1029 2327 1069 2398 τά
1086 2331 1186 2416 γινό-

178 2452 263 2515 μενα
274 2425 362 2495 οὕτω
375 2429 542 2516 ἐπευρεθῇ
552 2427 731 2515 πρήσσων·
751 2425 835 2496 άλλά
846 2428 943 2507 πόλις
954 2455 989 2496 τε
1001 2431 1114 2497 έθίθου
1128 2430 1184 2497 καὶ

177 2521 304 2611 χρυσὸν
318 2521 462 2593 άπλετον
486 2528 541 2593 καί
556 2522 716 2612 στρατὸν,
737 2532 798 2595 τοῦ
814 2531 930 2611 ἔμελλε
944 2524 1053 2615 ούᾷεὶς
1067 2526 1186 2615 άρξειν

178 2619 252 2691 ἄλλ’
265 2617 287 2708 ή
298 2624 425 2708 έκείνη·
439 2619 608 2708 Περσικὸν
620 2624 655 2690 δὲ
670 2622 775 2711 κάρτα
787 2620 804 2690 ὁ
818 2622 958 2710 στρατὸς
969 2629 1089 2713 δῶρον.
1107 2621 1183 2691 ἀλλ’
1268 2668 1269 2731 ρ

178 2720 220 2790 ού
234 2719 299 2810 γάρ
314 2727 438 2809 ἔπειθε,
454 2719 589 2792 διθοίτὸ
602 2729 718 2811 φάρος.
747 2720 817 2809 ήδὲ
830 2722 1010 2812 περιχαρής
1024 2729 1125 2794 ἐοῦσα
1136 2733 1185 2815 τῷ
1268 2776 1269 2823 ρ

109 2836 162 2894 110
177 2821 274 2911 (λύρη)
292 2820 413 2908 ἐφόρεέ
424 2847 459 2889 τε
473 2823 528 2889 καί
543 2814 712 2906 ήγάλλετο.
742 2825 808 2890 Καὶ
821 2819 842 2909 ή
854 2821 1030 2912 ’Ἁμηστρις
1043 2826 1184 2894 πυνθά-

177 2924 272 2987 νεταί
289 2946 348 3004 μιν
362 2925 521 3006 ἔχουσαν,
548 2926 707 3005 μαθοῦσα
725 2922 761 2987 δέ
782 2918 819 2988 τό
841 2922 1044 3007 ποιεύμενον
1065 2929 1106 3012 τή
1119 2923 1184 3009 μὲν

176 3021 312 3107 γυναικί
327 3019 432 3107 ταύτῃ
446 3016 509 3086 οὐκ
524 3015 588 3103 εἶχε
603 3024 753 3106 ένκοτον,
768 3016 789 3106 ή
807 3019 843 3088 δέ
854 3023 1029 3101 ἐλπίζουσα
1043 3019 1106 3108 τήν
1116 3048 1181 3108 μη·

176 3121 254 3202 τέρα
270 3113 371 3202 αύτής
388 3113 473 3182 εἶναι
488 3120 596 3201 αίτίην
610 3118 785 3186 καὶταῦτα
801 3122 932 3205 ἐκείνην
946 3119 1125 3206 πρήσσειν,
1143 3130 1185 3208 τῇ

175 3221 355 3283 Μασίστεω
370 3215 506 3300 γυναικί
520 3213 678 3301 ἐβούλευε
694 3213 849 3304 ὄλεθρον,
881 3217 1055 3303 φυλάξασα
1070 3217 1107 3285 δέ
1121 3215 1185 3285 τὸν

176 3312 284 3398 ἄνδρα
304 3309 364 3380 τὸν
386 3316 510 3399 ἕωυτής
524 3315 650 3400 Ξέρξην
669 3317 845 3405 βασιλήιον
862 3322 1000 3385 δεῖπνον
1019 3320 1181 3404 προτιθέ·

175 3433 279 3494 μενον
300 3415 413 3496 (τοῦτο
435 3413 472 3477 δὲ
488 3408 525 3477 τὸ
550 3415 687 3480 θείπνον
707 3414 990 3502 παρασκευάζεται
1012 3413 1098 3495 άπαξ
1118 3439 1181 3482 τοο

175 3503 348 3589 ἐνιαυτοῦ,
369 3507 406 3573 έν
421 3504 527 3596 ήμέρη
541 3515 581 3597 τῇ
597 3512 726 3595 ἐγένετο
741 3514 913 3599 βασιλεύς·
938 3512 1071 3600 ούνομα
1083 3513 1119 3582 δὲ
1133 3537 1184 3606 τρε
