2588 3926
401 264 489 319 ΗΒ.
520 263 568 319 ΙΧ.
603 263 703 321 ΟΑΡ.
735 272 878 327 88-92.
1083 266 1144 330 331

137 417 274 506 άγγελοι
286 417 351 488 άπὸ
363 423 485 507 Σάμου
493 421 647 506 Λάμπων
660 447 696 488 τε
707 431 919 508 Θρασυκλέος
933 429 988 496 καὶ
998 427 1144 516 Ἀθηνα-

136 520 241 606 γόρης
257 516 530 606 Ἀρχεστρατίδεω
549 520 604 585 καὶ
620 516 876 607 Ἡγησίστρατος
893 521 1143 612 Ἀρισταγόρεω,

136 620 348 703 πεμφθέντες
359 613 425 684 ὑπό
437 623 578 702 Σαμίων
591 617 705 704 λάθρη
716 625 780 686 τῦι
796 645 830 686 τε
840 623 1000 705 Περσέων
1014 624 1068 689 καὶ
1082 631 1142 690 τοῦ

136 712 310 799 τυράννου
325 715 556 802 Θεομήστορος
569 723 630 783 τοῦ
644 712 948 804 Ἀνδροδάμαντος,
970 716 1030 784 τόν
1046 722 1142 787 κατέ-

15 824 17 829 ’
136 835 263 900 στησαν
283 816 405 901 Σάμου
428 817 599 903 τύραννον
625 819 659 884 oc
682 818 817 900 Πέρσαι.
861 817 1075 886 ἐπελθόντων
1106 823 1145 886 δέ

14 920 16 1009 J
136 936 252 1000 σφεων
267 917 319 985 ἐπὶ
339 914 418 995 τοὺς
432 913 638 1003 στρατηγούς
652 922 744 1001 ἔλεγε
758 914 1014 1004 Ἡγησίστρατος
1034 917 1140 987 πολλά

14 1020 15 1031 ’
135 1017 192 1081 καὶ
212 1027 370 1100 παντοία,
395 1010 440 1093 ὡς
454 1009 498 1101 ἦν
514 1020 645 1100 μοῦνον
667 1018 803 1082 ίδωνται
824 1010 948 1093 αύτούς
969 1020 1002 1082 oc
1015 1012 1139 1101 Ἴωνες,

135 1113 380 1201 ἀποστήσονται
390 1110 456 1180 άπδ
463 1114 633 1197 Περσέων,
642 1113 697 1179 καὶ
707 1109 750 1190 ὡς
761 1117 795 1180 οί
802 1111 968 1199 βάρβαροι
980 1110 1042 1180 οὐκ
1054 1111 1141 1180 ὑπο-

135 1218 308 1301 μενέουσι·
330 1210 374 1300 ἢν
388 1217 425 1282 δὲ
438 1215 493 1282 καὶ
508 1211 572 1298 άρα
585 1208 807 1297 ὑπομείνωσι,
823 1208 885 1278 οῦκ
901 1212 1016 1297 ἑτέρην
1032 1209 1140 1296 άγρην

135 1315 294 1401 τοιαύτην
306 1309 417 1401 εὑρεῖν
429 1309 472 1382 δν
483 1310 616 1389 αύτούς.
632 1311 736 1388 θεούς
746 1337 782 1379 τε
793 1309 930 1389 κοινούς
943 1309 1139 1380 άνακαλέων

135 1414 322 1500 προέτραπε
336 1409 459 1490 αύτούς
472 1410 641 1500 ῥύσασθαι
656 1407 781 1496 ἄνδρας
788 1406 949 1494 Ἕλληνας
965 1414 1000 1478 ἐκ
1016 1415 1139 1479 δουλο-

136 1512 240 1598 σύνης
259 1508 314 1579 καὶ
328 1509 500 1598 ἀπαμῦναι
515 1506 576 1578 τόν
596 1508 779 1596 βάρβαρον.
810 1504 943 1586 εὐπετές
957 1534 992 1576 τε
1008 1506 1138 1576 αὑτοῖσι

136 1616 314 1697 ἔφηταῦτα
327 1617 499 1698 γίνεσθαι·
521 1608 580 1686 τάς
591 1634 625 1674 τε
638 1603 703 1692 γάρ
714 1608 791 1684 νέας
802 1602 914 1674 αὑτόν
925 1615 1033 1687 κακῶς
1045 1607 1137 1675 πλά-

135 1734 186 1777 ειν
200 1711 254 1776 καὶ
274 1707 336 1776 ούιι
357 1706 556 1795 ἀξιομάχους
571 1708 726 1774 ἐκείνοισι
748 1701 841 1771 εἶναι.
871 1701 969 1772 αὑτοί
984 1731 1036 1792 τε,
1062 1715 1094 1772 εί
1105 1731 1135 1769 τι

135 1805 362 1876 ὑποπτεύουσι
377 1804 421 1893 μὴ
443 1805 531 1896 δόλῳ
546 1802 670 1883 αύτούς
690 1803 889 1891 προάγοιεν,
912 1806 1035 1890 ἑτοῖμοι
1051 1804 1136 1871 εἶναι

135 1910 171 1975 ἐν
189 1914 261 1995 τῇσι
278 1907 376 1990 νηυσὶ
389 1912 463 1991 τῇσι
478 1907 615 1973 ἐκείνων
635 1901 795 1990 άγόμενοι
813 1900 932 1988 ὅμηροι
948 1899 1040 1970 εἶναι.
1076 1901 1134 1981 Ὡς
1150 1920 1184 1976 91

136 2006 171 2073 δὲ
181 2002 302 2082 πολλός
316 1997 360 2091 ἦν
375 2003 570 2089 λισσόμενος
588 2000 605 2070 6
623 2007 727 2083 ξεῖνος
742 1998 759 2068 6
775 2000 914 2085 Σάμιος,
931 2009 1036 2086 είρετο
1047 2010 1137 2068 Λευ·

134 2107 277 2190 τυχίδης,
294 2112 357 2170 είτε
369 2102 532 2191 κληδόνος
543 2105 671 2171 εἵνεκεν
682 2101 810 2169 ἐθέλων
821 2102 993 2168 πυθέσθαι
1006 2110 1070 2169 εἴτε
1082 2103 1136 2167 καὶ

136 2199 216 2278 κατά
232 2206 413 2289 συντυχίην
429 2207 515 2269 θεοῦ
529 2207 721 2279 ποιεῦντος·
738 2188 779 2267 Ὠ
794 2205 880 2280 ξεῖνε
892 2200 1019 2286 Σάμιε,
1040 2207 1075 2268 τί
1085 2227 1136 2267 τοι

133 2299 170 2367 τό
188 2298 334 2387 οῦνομα;
357 2297 374 2367 6
396 2302 433 2369 δὲ
450 2298 536 2368 εἶπε·
553 2298 815 2386 Ἡγησίστρατος.
844 2298 862 2367 6
880 2300 917 2369 δὲ
936 2298 1136 2388 ὑπαρπάσας

135 2396 193 2465 τόν
208 2400 381 2467 ἐπίλοιπον
396 2398 515 2485 λόγον,
538 2407 571 2467 εί
583 2420 658 2466 τινα
680 2396 812 2486 ὥρμητο
833 2401 944 2484 λέγειν
961 2396 980 2466 6
999 2397 1136 2485 Ἡγησί-

135 2516 287 2581 στρατος,
310 2495 395 2564 είπε·
427 2506 578 2583 Δέκομαι
593 2494 654 2566 τόν
668 2493 790 2566 οίωνόν
807 2494 868 2565 τόν
880 2494 1134 2585 ἡγησίστρατον,

136 2586 161 2659 ά
176 2596 261 2671 ξεῖνε
271 2593 388 2679 Σάμιε.
411 2592 455 2661 σύ
471 2593 507 2662 δὲ
520 2591 601 2681 ἡμῖν
615 2600 706 2662 ποίεε
720 2591 807 2672 ὅκως
819 2591 919 2673 αύτός
932 2620 968 2662 τε
983 2592 1063 2673 δούς
1078 2600 1134 2661 πί-

135 2712 208 2759 στιν
223 2688 435 2762 άποπλόσεαι
449 2697 504 2763 καὶ
524 2700 559 2764 oc
571 2693 636 2762 σῦν
651 2698 703 2763 σοὶ
717 2696 827 2773 ἐόντες
842 2697 929 2779 οἵδε,
949 2689 972 2781 ἦ
987 2696 1050 2781 μὲν
1063 2704 1132 2764 Σα-

135 2797 230 2876 μίους
249 2787 329 2877 ἡμῖν
347 2793 548 2879 προθύμους
565 2798 701 2861 ἔσεσθαι
724 2790 925 2878 συμμάχους.
965 2793 1077 2859 Ταῦτά
1097 2820 1132 2860 τε
1149 2805 1183 2860 92
1278 2854 1279 2857 ,

135 2884 202 2972 όμα
216 2884 359 2974 ἠγόρευε
372 2892 427 2959 καί
443 2888 480 2959 τὸ
497 2897 597 2977 ἔργον
611 2897 768 2979 προσῆγε.
797 2887 916 2957 αὐτίκα
937 2889 1001 2976 γάρ
1019 2896 1052 2958 oc
1062 2900 1131 2959 Σα-

135 3009 203 3070 μιοι
217 2990 330 3052 πίστιν
343 3011 378 3054 τε
392 2990 448 3055 καὶ
461 2987 559 3074 ὅρκια
574 2992 746 3058 ἐποιεῦντο
761 2996 946 3076 συμμαχίης
961 2993 1037 3074 πέρι
1052 2991 1136 3074 πρὸς

134 3078 389 3168 τοὺςἝλληνας.

220 3186 332 3247 Ταῦτα
344 3181 380 3249 δὲ
390 3184 588 3271 ποιήσαντες
600 3192 633 3256 oc
642 3188 704 3273 μὲν
714 3186 908 3258 ἀπέπλωον·
928 3185 1009 3275 μετὰ
1021 3190 1135 3273 σφέων

134 3278 197 3367 γάρ
214 3282 345 3347 ἐκέλευε
360 3283 483 3351 πλάειν
498 3282 560 3352 τόν
571 3283 848 3374 Ἡγησίστρατον,
870 3283 995 3354 οίωνδν
1013 3283 1051 3352 τὸ
1074 3283 1133 3351 ού-

135 3408 220 3469 νομα
233 3379 448 3468 ποιεύμενος·
472 3389 506 3455 οἱ
519 3387 555 3455 δὲ
561 3384 718 3473 ’Έλληνες
731 3385 921 3472 ἐπισχόντες
934 3385 1060 3469 ταύτην
1072 3379 1135 3467 τὴν

135 3475 259 3567 ἡμέρην
282 3484 322 3566 τῇ
347 3476 504 3570 ὑστεραίῃ
525 3484 771 3569 ἐκαλλιρίοντο,
798 3483 1049 3569 μαντευομένου
1074 3499 1135 3564 σφι
