2562 3926
209 218 272 286 230
575 223 812 283 annonam

211 423 308 488 τερον
321 396 385 487 γὰρ
395 394 437 484 δὴ
452 396 611 486 Περσέων
626 400 661 466 οί
672 395 846 485 συνέδρων
861 393 986 465 ἐόντων
999 392 1058 462 καί
1070 398 1218 484 Κροίσου

212 508 319 588 είρετο
344 496 548 587 Καμβύσης,
578 496 670 580 κοῖός
693 524 741 579 τις
771 496 882 566 δοκέοι
910 492 996 585 ἀνὴρ
1027 492 1112 564 είναι
1136 491 1221 581 πρδς
1265 494 1266 499 ’

211 597 270 669 τόν
300 601 441 689 πατέρα·
472 603 508 668 οί
530 599 569 668 δὲ
599 593 793 688 ἀμείβοντο,
824 595 870 679 ὥς
900 607 952 687 είη
981 593 1130 684 ἀμείνων
1159 599 1221 664 τοῦ

212 698 352 791 πατρός·
395 698 496 770 τότε
525 698 592 791 γάρ
624 703 755 770 ἐκείνου
779 698 889 770 πάντα
915 704 1002 789 ἔχειν
1028 691 1135 767 αύτόν
1164 696 1221 764 καί

214 806 460 891 προσεκτῆσθαι
474 800 651 888 Αίμυππόν
667 827 703 871 τε
720 799 777 870 καί
792 798 855 888 τὴν
870 798 1056 869 θάλασσαν.
1091 796 1221 886 Πέρσαι

212 901 276 993 μέν
304 907 409 972 ταῦτα
440 908 574 992 ἔλεγον,
605 911 752 993 Κροῖσος
781 900 820 971 δὲ
849 899 985 992 παρεόν
1014 926 1051 968 τε
1074 898 1130 967 καί
1156 893 1221 966 ούκ

213 1000 434 1093 ἀρεσκόμενος
457 1009 500 1095 τῇ
523 1010 614 1095 κρίσι
637 1002 709 1074 εἶπε
733 1000 817 1083 πρός
839 999 898 1073 τόν
915 997 1103 1090 Καμβύσην
1124 997 1220 1069 τόδε·

135 1144 138 1155 ’
210 1102 300 1194 Ἐμοί
324 1107 387 1192 μέν
403 1132 488 1192 νυν,
513 1097 541 1175 σί
565 1119 628 1174 παῖ
643 1102 783 1195 Κύρου,
804 1097 846 1173 ού
865 1103 990 1183 δοκέεις
1008 1098 1121 1190 ὁμοῖος
1135 1096 1223 1169 εἶναι

212 1209 259 1299 ’τῷ
277 1206 406 1296 πατέρι·
439 1203 480 1274 ού
505 1203 569 1297 μάρ
593 1232 642 1275 κω
667 1211 721 1275 τοί
737 1206 804 1275 ἐστι
820 1202 914 1292 υίός,
936 1197 1009 1274 οίον
1033 1202 1070 1271 σί
1095 1203 1223 1281 ἐκεῖνος

212 1313 414 1393 κατελίπετο.
455 1305 576 1396 Ἥσδη
608 1334 644 1377 τε
675 1311 780 1376 ταῦτα
809 1303 957 1385 ἀκούσας
987 1301 1004 1375 ὁ
1035 1301 1222 1392 Καμβύσης

168 1424 201 1480 85
214 1407 272 1477 καὶ
306 1409 438 1478 ἐπαίνεε
472 1405 534 1495 τὴν
565 1414 716 1497 Κροίσου
750 1413 870 1494 κρίσιν.
923 1404 1059 1477 Τούτων
1093 1401 1134 1491 δη
1172 1395 1223 1471 ἀν

214 1509 460 1598 ἐπιμνησθέντα
477 1505 562 1600 ὀργῇ
588 1510 697 1595 λέγειν
720 1507 804 1599 πρός
823 1506 883 1584 τόν
900 1508 1118 1596 Πρηξάσπεα·
1163 1501 1220 1573 Σύ

213 1614 281 1679 νύν
297 1608 405 1697 μάδε,
430 1615 463 1680 εί
486 1611 622 1697 λέγουσι
640 1610 769 1698 Πέρσαι
788 1606 934 1696 ἀληθέα,
960 1617 1026 1677 είτε
1043 1602 1139 1675 αύτοί
1164 1604 1223 1672 λέ-

216 1732 331 1794 γοντες
351 1713 455 1775 ταῦτα
478 1708 770 1794 παραφρονέουσι·
798 1711 829 1776 εί
850 1707 913 1793 μέν
932 1704 997 1795 μάρ
1018 1712 1079 1774 τοῦ
1096 1704 1218 1786 παιδός

216 1812 276 1874 τοῦ
301 1813 364 1874 σοῦ
389 1809 489 1875 τοῦδε
520 1806 677 1886 ἑστεῶτος
702 1807 740 1874 έν
763 1817 849 1874 τοῖσι
872 1804 1077 1893 προθύροισι
1099 1803 1217 1894 βαλών

215 1904 346 1994 τύχοιμι
360 1907 460 1993 μέσης
474 1912 530 1992 τῆς
545 1909 698 1993 καρδίης,
720 1905 846 1990 Πέρσαι
861 1905 1042 1989 φανέονται
1062 1903 1218 1991 λέγοντες

215 2001 332 2074 ούδέν·
346 1999 397 2092 Δἢν
418 2001 450 2073 δ’
466 2001 620 2093 ἆμιίρτω,
643 2003 749 2091 φάναι
762 2005 894 2091 Πέρσας
909 2029 944 2072 τε
960 2006 1071 2090 λέγειν
1086 2000 1216 2091 ἀληθέα

215 2102 270 2171 καί
284 2101 341 2190 έμέ
361 2099 405 2190 μὴ
421 2103 638 2191 σωφρονέειν.
687 2107 799 2171 Ταῦτα
813 2105 850 2170 δὲ
866 2101 1002 2171 είπόντα
1021 2105 1076 2172 καί
1090 2106 1217 2172 διατεί-

214 2226 319 2269 ναντα
333 2197 370 2269 τό
386 2200 484 2283 τόξον
499 2206 617 2288 βαλεῖν
639 2197 700 2271 τόν
713 2205 826 2289 παῖδα,
839 2199 999 2282 πεσόντος
1010 2202 1046 2272 δέ
1060 2209 1120 2272 τοῦ
1134 2228 1217 2273 παι-

215 2296 273 2377 δός
287 2296 473 2387 ἀνασχίζειν
483 2296 589 2370 αὐτόν
600 2301 751 2371 κελεύειν
762 2301 817 2370 καί
831 2303 1019 2384 σκέψασθαι
1032 2296 1070 2374 τδ
1085 2308 1215 2393 βλῆμα·

216 2392 260 2475 ὡς
275 2395 311 2464 δέ
325 2395 362 2463 έν
373 2402 413 2486 τη
423 2402 543 2488 καρδίη
553 2395 737 2486 εὑρεθῆναι
747 2398 884 2467 ἐνεόντα
898 2396 958 2467 τόν
972 2396 1095 2488 ὀϊστόν,
1108 2406 1216 2469 εἰπεῖν

215 2490 298 2583 πρός
314 2490 375 2562 τόν
393 2499 519 2584 πατέρα
539 2502 599 2565 τοῦ
619 2494 738 2576 παιδός
759 2497 945 2585 γελάσαντα
964 2499 1018 2567 καί
1035 2500 1216 2587 περιχαρέα

214 2591 413 2681 γενόμενον·
450 2593 665 2683 Πρήξασπες,
692 2591 736 2675 ἀς
759 2595 823 2684 μὲν
841 2592 906 2681 έγό
922 2619 958 2663 τε
975 2595 1018 2667 οὐ
1041 2605 1214 2685 μαίνομαι,

213 2692 340 2780 Πέρσαι
355 2716 391 2760 τε
404 2693 694 2780 παραφρονέουσι,
711 2693 796 2783 δῆλοί
806 2719 856 2763 τοι
872 2694 1007 2781 γέγονε,
1026 2701 1091 2764 νῦν
1105 2698 1146 2765 δέ
1155 2721 1215 2785 μοι

215 2798 302 2882 είπδ,
323 2801 398 2864 τίνα
413 2793 496 2877 είδες
509 2794 573 2884 ἤδη
588 2796 725 2866 πόντων
742 2794 936 2884 ἀνθρώπων
947 2795 1035 2867 οὕτω
1050 2798 1214 2866 ἐπίσκοπα

214 2893 408 2977 τοξεύοντας
429 2895 632 2984 Πρηξάσπεα
652 2895 689 2966 δέ
702 2893 842 2986 ὁρέοντα
861 2893 970 2983 ἀνδρα
986 2891 1028 2965 ού
1043 2893 1215 2985 φρενήρεα

214 2991 358 3075 καὶπερὶ
374 2991 487 3085 ἑαυτῷ
501 2997 714 3082 δειμαίνοντα
729 3001 849 3065 εἰπεῖν·
882 2996 1054 3083 Δέσποτα,
1077 2991 1150 3064 οὐδ’
1167 2989 1215 3064 ἀν

213 3085 317 3161 αὐτόν
337 3094 442 3179 ἔγωγε
462 3094 568 3162 δοκέω
583 3090 642 3165 τὸν
667 3090 753 3162 θεόν
770 3091 860 3164 οὕτω
881 3089 925 3162 ἀν
939 3099 1048 3174 καλῶς
1082 3098 1212 3181 βαλεῖν.

215 3186 298 3257 Τότε
311 3187 374 3274 μὲν
386 3194 489 3258 ταῦτα
499 3192 707 3281 ἐξεργάσατο,
716 3193 856 3281 ἑτέρωθι
866 3191 903 3263 δέ
908 3193 1068 3281 Περσέων
1077 3192 1217 3279 ὁμοίους

212 3303 296 3360 τοῖσι
309 3288 470 3378 προίτοισι
480 3292 634 3361 δυόδεκα
644 3287 696 3361 ἐπ’
709 3287 848 3383 οὐδεμιῇ
859 3297 945 3382 αίτίη
956 3287 1114 3384 ἀξιόχρεῳ
1125 3288 1216 3360 skohe

164 3402 199 3460 ³6
214 3391 356 3474 ζοόοντας
367 3391 419 3460 έπί
430 3388 580 3480 κεφαλὴν
592 3389 769 3479 κατόραξε.
802 3397 914 3460 Ταῦτα
928 3390 969 3461 δέ
978 3416 1038 3477 μιν
1051 3396 1215 3459 ποιεῦντα

212 3489 384 3575 έδικαίασε
408 3494 550 3581 Κροῖσος
574 3486 592 3561 δ
617 3488 729 3575 Λυδός
751 3495 955 3583 νουθετῆσαι
979 3490 1101 3563 τοιοίδε
1126 3501 1215 3563 τοῖσι
