2606 3920
233 227 296 291 τῖε
438 300 444 313 .
610 234 861 291 αεειοοοιι

233 398 316 458 σθαι
337 396 394 476 τῆς
407 391 680 477 Πελοποννήσου
711 388 755 469 ὡς
775 390 848 460 δὲ’
828 399 968 460 αιιίκατο
985 396 1019 472 ἐς
1032 393 1095 481 τήν
1109 403 1242 464 Θεσσα-

236 495 328 576 λίην,
349 491 498 557 ἐνθαῦτα
512 488 709 575 Μαρδόνιος
726 491 889 575 ἐξελέγετο
904 491 1058 574 κρότους
1073 492 1137 610 μέν
1150 486 1284 574 Πέρ-

236 608 295 667 σας
309 585 436 667 πάντας
449 585 528 667 τούς
544 586 738 666 ἀθανάτους
757 591 997 711 καλεομένους,
1020 588 1108 677 πλήν
1119 576 1284 719 ‘roffi

234 713 311 767 νεος
326 695 387 755 τοῦ
403 694 589 775 στρατηγοῦ
610 679 724 776 (οὗτος
744 685 808 776 γὰρ
825 685 887 757 οὐκ
903 695 967 776 ἔφη
982 697 1160 773 λείψεσθαι
1177 660 1284 779 βα-

235 790 375 873 σιλέος),
392 811 474 905 μετα
463 780 525 855 δὲ
545 793 613 854 τῶν
634 785 746 855 ἄλλων
762 788 922 871 Περσέων
936 784 1016 866 τούς
1029 789 1284 876 θωρηκοφό-

234 911 315 973 ρους
325 887 381 954 καὶ
393 882 455 972 τήν
469 889 574 954 ίτπον
583 882 645 973 τήν
655 893 775 973 χιλίην,
791 912 845 956 και
835 887 999 1007 Μήδους
1008 913 1044 955 τε
1056 914 1110 957 και
1099 887 1237 1006 Σοίκας

234 988 289 1054 καὶ
302 992 487 1070 Βακτρίους
499 1011 535 1054 τε
549 988 605 1054 καί
615 982 757 1074 Ἰνδοὺς,
773 985 829 1054 καὶ
844 982 905 1054 τόν
920 984 1020 1066 πεζόν
1034 989 1089 1055 καὶ
1102 985 1166 1072 τήν
1182 990 1237 1053 ἴα·

233 1109 309 1154 τιον.
331 1084 510 1170 ταῦταμὲν
527 1090 631 1155 ἔθνεα
641 1084 703 1154 όλα
718 1088 833 1172 είλετο,
850 1087 886 1153 ἐκ
901 1086 1016 1153 δδτῶν
1026 1083 1139 1155 ἄλλων
1150 1106 1238 1173 συμ
1283 1106 1284 1167 3

233 1181 349 1272 μάχαν
360 1185 523 1270 ἐξελέγετο
534 1181 609 1253 κατ’
622 1182 766 1271 ὀλίγους,
780 1197 867 1251 τοῖσι
878 1181 968 1251 είδειί
978 1209 1014 1249 τε
1025 1180 1152 1269 ὑπήρνε
1163 1186 1238 1250 δια·
1283 1190 1284 1199 ’

233 1284 357 1368 λέγων,
381 1284 437 1352 καί
452 1288 482 1351 εί
496 1282 602 1351 τέοισί
614 1309 645 1350 τι
665 1278 809 1371 χρηστόν
830 1281 973 1370 συνῄδεε
994 1286 1236 1366 πεποιημένον

233 1384 270 1449 ἐν
286 1385 321 1448 δὲ
336 1389 492 1450 πλεῖστον
506 1386 608 1460 ἔθνος
621 1381 753 1464 Πέρσας
772 1406 793 1446 α
794 1378 916 1466 ίρέετο,
937 1375 1062 1465 ἄνδρας
1077 1398 1236 1461 στρεπτο-

110 1556 117 1561 ,
234 1479 362 1565 φόρους
376 1505 413 1546 τε
432 1480 488 1546 καί
508 1478 750 1565 ψελιοφόρους,
774 1478 826 1545 ἐπὶ
848 1477 885 1544 δέ
899 1475 1051 1563 Μήδους.
1085 1469 1181 1545 οὗτοι
1203 1478 1236 1543 δὲ

233 1583 362 1663 πλῆθος
375 1577 437 1662 μὲν
452 1575 515 1643 οὐκ
531 1568 745 1655 ἐλάσσονες
722 1595 810 1663 ησαν
823 1581 891 1643 τῶν
901 1579 1077 1663 Περσέων,
1092 1575 1191 1664 ήεόμη
1202 1578 1236 1642 δέ

232 1675 382 1751 ἕσσονες
403 1671 488 1742 ὥστε
502 1672 697 1761 σύμπαντας
711 1698 890 1760 τριηκοντα
900 1674 1066 1761 μυριαδας
1077 1662 1284 1760 γενεσθαι
1283 1708 1284 1767 χ

170 1791 217 1845 114
232 1767 297 1839 συν
311 1775 457 1840 ίτικεῦσι.
483 1770 538 1841 Ἐν
553 1773 589 1840 δέ
604 1797 711 1865 τουτιμ
725 1778 771 1863 τῷ
788 1770 915 1894 χρόνῳ,
930 1774 967 1841 έν
981 1797 1025 1864 τῳ
1012 1769 1284 1859 ’Μαρδόνιός
1283 1830 1284 1865 ,

231 1897 267 1939 τε
280 1867 343 1957 τήν
358 1867 518 1959 στρατιήν
532 1872 677 1958 διέκρινε
688 1871 743 1938 καί
753 1861 912 1957 ,Ξέρξης
890 1897 933 1957 ην
948 1870 1024 1958 περὶ
1036 1874 1284 1953 Θεσσαλίην,
1283 1940 1284 1957 3

231 1970 431 2057 χρηστήριον
445 1970 607 2057 ἐληλύθεε
622 1971 658 2038 ἐκ
669 1975 817 2055 Δελφῶν
832 1972 1135 2055 Λακεδαιμονίοισι,
1151 1968 1284 2050 Ξέρ-

98 2068 100 2071 ’
232 2072 287 2148 ξεα
305 2070 425 2137 αἰτέειν
443 2072 536 2147 δίκας
549 2093 611 2136 του
596 2071 797 2136 ’Λεωνίδεω
813 2067 924 2154 φόνον
938 2066 994 2134 καί
1007 2091 1044 2134 το
1032 2063 1234 2150 διδόμενον

231 2168 264 2245 ἐξ
278 2167 409 2234 ἐκείνου
424 2169 591 2235 δέκεσθαι.
620 2169 788 2252 πέμπουσι
804 2162 844 2252 δή
859 2164 989 2254 κήρυκα
1004 2161 1066 2251 τήν
1079 2169 1234 2250 ταχίστην

231 2262 498 2352 Σκαρτιῆται,“
478 2292 515 2343 ος
529 2263 641 2352 ἐπειδή
663 2268 822 2353 κατέλαβε
842 2266 965 2332 ἐοῦσαν
980 2269 1028 2332 ἐτι
1044 2269 1156 2331 πᾶσαν
1173 2259 1234 2349 τήν
1283 2312 1284 2315 ,

231 2360 389 2450 στρατιήν
404 2366 441 2430 ἐν
456 2369 638 2454 Θεσσαλίη,
655 2361 768 2431 ἐλθοιν
785 2361 851 2442 &ff
831 2377 911 2451 οψιν
924 2358 988 2449 τήν
998 2363 1127 2445 ,Ξέρξεω
1142 2365 1234 2446 ἐλεγε
1283 2366 1284 2429 3

229 2460 324 2527 τυδε·
342 2453 382 2526 Ὠ
392 2467 531 2548 βασιλεῦ
543 2461 685 2548 Μήδαν,
702 2460 962 2583 Λακεδαιμόνιοί
969 2463 1008 2529 τέ
1018 2479 1055 2527 σε
1066 2486 1120 2528 και
1110 2455 1284 2544 Ἡρα-1

193 2555 196 2560 ’
229 2559 356 2624 κλείδαι
367 2555 428 2625 oc
410 2583 475 2627 αιιο
486 2559 646 2648 Σκαρτνς
656 2565 803 2630 αέτεονσι
813 2587 926 2647 φονου
937 2557 1076 2646 δικας,
1056 2585 1107 2629 οτι
1118 2558 1284 2645 σφέων
1283 2604 1284 2647 χ

228 2650 289 2722 τόν
303 2653 471 2742 βασιλέα’
453 2661 646 2739 ακέκτεινας
656 2656 871 2748 ῥυόμενον
834 2685 897 2746 την
906 2656 1057 2728 Ελλάδα.
1074 2656 1111 2726 ‘0
1125 2656 1162 2726 δέ
1175 2684 1234 2742 γε·

228 2756 332 2835 λόσας
346 2782 381 2824 τε
396 2760 452 2827 καὶ
472 2759 645 2848 κατασχόν
659 2759 786 2831 πολλόν
797 2760 939 2849 χρόνον,
962 2758 1007 2840 οἷς
1021 2765 1056 2831 οί
1072 2759 1233 2846 ἐτύγχανε
1283 2776 1284 2779 ’

228 2852 416 2941 τιαρεστεοις
432 2858 645 2947 Μαρδόνιος,
661 2857 796 2941 δεικνὺς
810 2862 843 2939 ἐς
859 2866 981 2929 τοῦτον
993 2857 1079 2929 εἶπε·
1105 2858 1284 2947 Τοιγοίρ

229 2971 290 3039 σφι
303 2954 500 3040 Μαρδόνιος
514 2954 572 3026 ὅδε
587 2962 680 3038 δίκας
697 2958 797 3027 δόσει
807 2956 973 3044 τοιαύτας,
989 2961 1062 3035 οἵας
1074 2957 1230 3026 ἐκείνοισι

161 3071 210 3123 115
227 3052 353 3143 πρέπει.
370 3048 481 3139 ‘om
492 3052 532 3143 δή
544 3056 722 3145 δεξαμενος
732 3083 770 3125 το
759 3054 867 3144 ’ὲρηθ
868 3053 1284 3142 νίκαλλοίσοετο,Ξε’ρ-

227 3154 284 3236 ξης
305 3150 341 3216 δέ
358 3151 558 3238 Μαρδόνιον
579 3158 616 3224 ἐν
632 3165 797 3248 Θεσσαλίη
815 3155 1008 3226 καταλιπόν
1030 3152 1131 3235 αότός
1151 3158 1231 3224 ἐντο-

227 3246 343 3334 ρεόετο
359 3246 442 3316 κατὰ
456 3251 553 3339 τοῖχος
571 3252 653 3334 ἐς
617 3282 678 3323 τον
694 3253 955 3344 Ἑλλήσποντον,
970 3256 1026 3323 καί
1039 3250 1231 3322 ἀπικνέεται

227 3341 309 3423 ἐς
274 3371 335 3412 τον
354 3346 462 3433 πόρον
482 3356 540 3437 τῆς
560 3355 732 3440 διαβάσιος
747 3357 784 3422 ἐν
802 3355 901 3424 πέντε
915 3354 971 3422 καί
987 3348 1231 3436 τεσσεράκοντα
1283 3394 1284 3435 3

179 3437 425 3541 ἧμὲθλλθιᾙ
406 3444 546 3533 απᾶγαν
566 3458 623 3537 τῆς
643 3460 797 3541 στρατιῆς
816 3449 895 3522 οὐδὲ
897 3478 917 3519 ν
937 3444 1074 3538 μέρος’
1053 3473 1097 3525 υς
1112 3472 1127 3515 ε
1129 3451 1229 3515 ίτιεϊν.
