2606 3930
383 234 820 343 ιιιιιν.σ.ιι>.-ἰοι
831 289 891 346 ιιι
985 352 989 357 ,
1077 246 1139 350 ιιι

131 441 266 510 λέονται
282 393 339 508 καί
355 440 391 508 οί
403 441 564 508 Βουδῖνοι
578 440 744 527 Γελωνοί,
765 435 830 508 ούκ
850 434 963 528 όρθώς
977 410 1140 541 καλεόμε-

132 564 198 608 νοι.
220 565 242 625 η
228 533 356 607 Ηδέ
307 563 398 624 χώρη
413 538 528 623 σφέων
537 542 629 605 πᾶσα
620 536 713 606 ’ἐστι
729 537 830 605 δασέα
845 540 935 628 ίδησι
949 548 1136 633 παντοίῃσι.

133 644 172 711 έν
186 636 222 707 δέ
235 664 276 729 τη
260 640 346 726 ίδη
359 664 400 727 τη
385 641 550 726 πλείστῃ
565 636 634 704 έστὶ
647 642 748 723 λίμνη
761 635 890 724 μεγάλη
911 663 946 706 τι
961 640 1016 708 καὶ
1030 639 1137 729 πολλὴ

132 766 189 808 και
178 739 278 817 ἕλος
292 739 348 829 καί
362 736 510 823 κάλαμος
524 736 599 822 περὶ
613 732 730 823 αὐτην.
760 738 798 804 έν
813 738 849 806 δὲ
833 736 968 828 ἔταύτη
984 740 1137 831 ένύδριες

134 837 329 910 ἁλίσκονται
350 839 407 907 καλ
429 835 590 958 κάστορες
614 832 669 904 καὶ
690 833 775 927 όῖλλιι
799 843 905 924 θηρία
931 863 1139 958 τετραγωνι·

133 935 314 1026 πρόσωπα,
336 943 405 1007 τών
418 963 459 1005 τα
447 932 621 1058 δέρμιιτα
637 932 770 1023 περὶ
734 963 793 1017 τας
806 938 947 1057 ιισύρας
961 937 1139 1023 παραρρύ-

132 1061 264 1124 πτεται,
286 1037 341 1105 καὶ
356 1034 424 1107 οῖ’
403 1061 512 1123 ορχιις
525 1032 660 1104 αύτοῖσί
673 1041 735 1106 είσι
726 1037 905 1155 χρήσιμοι
920 1036 986 1120 ές
969 1041 1136 1124 οστερέών

133 1133 258 1205 όῖκεσιν
302 1137 552 1220 Σαυροματέων
569 1131 605 1199 δὲ
620 1133 695 1215 πέρι
712 1124 777 1201 ώδε
791 1133 973 1220 λέγεται.”
952 1162 1008 1205 οτε
1016 1133 1136 1223 Ἐλλη-
1151 1155 1201 1209 110

132 1262 189 1316 νες
209 1231 362 1322 Ἀμαζόσι
387 1232 586 1320 ἐμαχέσαντο
612 1229 685 1312 (τας
710 1235 746 1302 δ
772 1231 952 1321 Ἀμαζόνας
977 1236 1135 1353 καλέουσι

131 1333 269 1404 Σκύθαι
286 1329 473 1418 Οἰόρπατα,
496 1330 636 1399 δύναται
660 1330 754 1400 δὲ
718 1358 756 1401 το
781 1330 912 1421 οὕνομα
932 1342 1030 1404 τοῦτο
1052 1331 1136 1403 κατὰ

126 1429 267 1502 Ἐλλύδα
282 1436 438 1518 γλῶσσαν
458 1425 695 1516 ἀνδροκτόνοι·
718 1427 791 1513 οίόρ
808 1457 872 1518 γαρ
884 1434 1043 1504 καλέουσι
1078 1436 1138 1505 τόν

132 1529 256 1650 ανδρα,
278 1556 316 1599 το
304 1525 370 1599 δὲ
384 1554 471 1598 πατα
486 1530 659 1617 κτείνειν),
681 1529 758 1600 τότε
771 1532 870 1619 λόγος
886 1530 966 1611 τούς
972 1528 1137 1620 Ἕλληνας

131 1629 331 1719 νικήσαντας
345 1655 385 1718 τη
370 1630 452 1698 έπδ
464 1628 734 1716 Θερμώδοντι
688 1657 775 1720 μαχη
787 1628 1014 1701 ύποπλώειν
992 1657 1136 1719 αγοντας

130 1731 216 1821 τρισὶ
233 1733 379 1797 πλοίοισι
392 1732 461 1794 τών
472 1723 697 1813 Ἀμαζόνων”
676 1747 757 1807 οσας
776 1726 935 1798 ἐδυνέατο
949 1736 1134 1849 ζωγρῆσαι,

130 1853 188 1906 τας
203 1816 239 1895 δέ
255 1827 293 1895 έν
306 1851 353 1945 τιν
339 1823 506 1946 πελιὶγελ
524 1827 724 1946 ἐπιθεμένας
740 1826 880 1908 ἐκκόψαι
900 1824 980 1907 τούς
994 1820 1131 1915 ἄνδρας

130 1934 227 1995 πλοῖα
242 1920 334 1992 δὲ’
294 1949 336 1993 ου
350 1923 530 2010 γινώσκειν
545 1920 667 2009 αὐτός,
685 1920 764 1992 οὐδὲ
780 1929 971 2013 πηδαλίοισι
983 1932 1132 2047 χριῖσθαι

1 2104 3 2115 Ι
130 2020 237 2093 ούδέί
235 2028 354 2090 στίοισι
368 2019 492 2092 ούδέί
461 2049 477 2091 ε
478 2028 601 2112 ί·ρεσίη
623 2019 698 2092 ἀλλ’
716 2023 784 2091 ἔπει
800 2025 961 2104 ἐξέκοψαν
975 2021 1053 2102 τούς
1069 2021 1132 2091 όν-

129 2125 226 2209 δρας,
248 2115 410 2207 ἐφέροντο
430 2117 514 2189 κατὰ
534 2125 625 2208 κῦμα
644 2122 700 2191 καὶ
716 2119 859 2207 όνεμον,
882 2123 937 2191 καλ
951 2118 1132 2191 όπιιινέον·

127 2244 180 2288 ται
193 2224 251 2305 τῆς
267 2223 385 2304 λίμνης
397 2224 456 2306 τῆς
467 2219 655 2307 Μαιήτιδος
667 2221 718 2288 ἐπὶ
729 2218 919 2307 Κρημνούς.
944 2224 979 2288 οί
990 2219 1027 2289 δέ
1038 2227 1133 2308 Κρη-

127 2327 207 2402 μνοί
224 2324 286 2388 είσι
306 2325 367 2406 γῆς
388 2325 447 2407 τῆς
467 2322 636 2390 Σκυθέων
655 2327 724 2389 τών
748 2321 947 2406 ἐλευθέρων.
982 2314 1134 2389 ἐνθαῦτα

127 2418 293 2508 ἀποβᾶσαι
309 2414 374 2485 ύπδ
390 2424 460 2488 τών
475 2427 601 2489 πλοίων
617 2426 654 2489 αλ
672 2416 846 2508 Ἀμαζόνες
871 2414 1079 2506 ώδοιπόρεον
1098 2421 1132 2499 ἔς

38 2594 42 2600 ,
126 2517 186 2607 τὴν
195 2519 400 2606 οἰκεομένην.
418 2521 616 2606 ἐντυχοῦσαι
627 2519 663 2588 δὲ
674 2520 794 2612 πρώτῳ
805 2524 1019 2611 ίπποφορβίρι
1029 2523 1128 2586 τούτο

125 2613 334 2704 διήρπασαν,
355 2619 410 2685 καὶ
430 2619 482 2686 ἐπὶ
502 2617 632 2686 τούτων
657 2618 877 2705 ἱππαζόμεναι
899 2620 1065 2705 ἐληίζοντο
1086 2612 1128 2682 τό

125 2721 192 2782 τῶν
209 2717 386 2784 Σκυθέων.
434 2722 479 2786 Oi
498 2716 534 2785 δέ
548 2717 687 2786 Σκύθαι
708 2713 771 2785 ούκ
792 2714 881 2802 εἶχον
896 2719 1128 2804 συμβαλέσθαι
1142 2735 1188 2788 111

125 2810 162 2882 τό
177 2818 330 2901 πρῆγμα·
353 2812 430 2886 ούτε
441 2814 506 2907 γὰρ
521 2816 641 2906 φανὴν
655 2815 733 2887 οὔτε
748 2819 873 2905 ἐσθῆτα
888 2814 965 2885 οὔτε
976 2815 1013 2886 τδ
1026 2822 1127 2898 ἔθνος

123 2915 322 3003 έγίνοισκον,
352 2911 428 2986 ἄλλ’
450 2919 488 2989 έν
528 2916 659 3004 θώματι
690 2912 795 3007 ἦσαν,
827 2913 955 2988 ὁκόθεν
981 2922 1126 3005 ἔλθοιεν,
1180 3000 1182 3005 ¹

0 3102 1 3117 ¹
123 3012 260 3083 ἐδόκεον
275 3011 309 3082 δ’
326 3012 430 3096 αύτόις
444 3015 529 3086 εἶναι
539 3015 665 3107 ἄνδρας
680 3015 743 3106 την
757 3013 865 3107 αὐτὴν
880 3014 1014 3107 ἡλικίην
1030 3021 1127 3104 ἔχον-

122 3138 195 3200 τας,
208 3111 321 3202 μύχην
333 3139 370 3183 τε
384 3113 425 3203 δὴ
436 3112 520 3202 πρός
533 3113 637 3198 αύτᾶς
651 3119 834 3187 ἐποιεῦντο
857 3117 893 3184 ἔκ
904 3113 941 3184 δέ
951 3120 1010 3203 τῆς
1019 3113 1127 3200 μα’χης

122 3219 189 3282 τών
207 3219 342 3300 νεκρῶν
358 3214 547 3303 ἐκρότησαν
567 3219 602 3285 οί
613 3216 764 3304 Σκύθαι,
786 3218 842 3285 καὶ
863 3212 953 3283 οὕτω
973 3218 1125 3299 ἔγνωσαν

121 3308 422 3400 ἔούσαςγνναλκας
444 3306 760 3405 βουλευομένοισι
732 3341 782 3384 αν
792 3311 922 3384 αυτολσι
933 3313 1026 3390 ἔδοξε
1036 3313 1125 3378 κτε

120 3434 193 3479 νειν
207 3409 271 3499 μὲν
285 3407 403 3483 ούδινδ
417 3412 531 3506 τρόπμ
544 3418 593 3483 ἔτι
602 3410 723 3501 αύτιίς,
740 3414 876 3483 ἑοντών
891 3410 928 3478 δέ
943 3402 1028 3505 τούς
1036 3431 1118 3475 νεα

122 3505 240 3590 τύτονς
262 3505 458 3600 αποπίμναι
477 3512 512 3594 ἔς
535 3507 655 3604 αύτᾶς,
676 3518 808 3604 πλῆθος
827 3502 1122 3590 είκύσανταςόσαι
