2618 3928
384 260 470 315 LIB.
502 259 548 314 VI.
583 258 682 316 GAP.
716 263 856 320 75-81.
1081 256 1139 319 93Δ

121 424 235 488 Ταῦτα
245 414 286 503 δὴ
293 416 402 486 πάντα
414 415 626 486 συνελθόντα
637 429 720 484 τοῖσι
728 414 903 503 Ἀργείοισι
914 420 1025 506 φόβον
1036 443 1123 504 παρ-

118 531 192 604 εῖχε.
216 518 271 585 καλ
288 516 330 602 δή
348 535 408 602 σφι
423 513 507 600 πρός
519 523 624 584 ταῦτα
639 516 731 596 ἔδοξε
745 524 790 609 σφ’
804 517 926 606 κήρυκι
941 527 1009 587 τῶν
1023 527 1124 587 πολε-

118 626 205 704 μίων
221 621 385 702 χρᾶσθαι,
411 615 512 695 δόξαν
527 617 566 683 δέ
584 633 645 700 σφι
665 617 801 685 ἐποίευν
817 618 964 687 τοιόνδε·
996 616 1082 697 όκως
1104 615 1122 685 6

116 713 1125 802 ΣπαρτιήτηςκῆρνξπροσημαίνοιτιΛακεδαιμονέοισι,έποί

119 842 181 885 ενν
201 816 304 883 καλοί
320 811 461 899 Ἀργεῖοι
476 807 583 879 τώυτό
598 819 707 881 τοῦτο.
744 810 882 881 Μαθων
894 812 931 883 δέ
945 811 963 882 6
976 813 1168 900 Κλεομέ·73

117 941 180 1001 υης
194 919 371 991 ποιεῦντας
381 908 461 989 τούς
471 907 640 996 Ἀργείους
651 907 766 979 ὁκοῖόν
779 907 838 979 τιό
850 912 1009 999 σφέτερος
1019 915 1124 998 κῆρυξ

118 1011 289 1100 σημήνειε,
303 1011 525 1130 παραγγέλλει
539 1030 611 1094 σφι,
625 1007 708 1076 ὅταν
722 1007 884 1130 σηφήνηὸ
898 1015 1002 1099 κῆρυξ
1014 1011 1125 1078 ποιέε-

119 1121 202 1180 σθαι
212 1108 362 1197 ἄριστον,
377 1109 451 1177 τότε
463 1105 695 1195 ἀναλαβόντας
704 1134 746 1176 τα
733 1106 843 1177 ὅπλα
853 1111 992 1197 χωρέειν
1002 1112 1035 1188 ἐς
1047 1107 1126 1187 τούς

115 1211 291 1298 Ἀργείους.
322 1235 426 1278 ταυτα
442 1211 497 1277 καὶ
512 1210 642 1294 ἐγένετο
657 1209 804 1278 ἐπιτελέα
825 1210 862 1276 ἐκ
877 1214 945 1276 τῶν
959 1211 1126 1276 Λακεδαι-

120 1316 265 1398 μονίων
293 1308 432 1393 ίίριστον
452 1304 518 1395 γὰρ
538 1290 767 1392 ποιευμένοισι
786 1320 873 1375 τοῖσι
890 1304 1066 1392 ’Λργείοισι
1089 1309 1125 1372 ἐκ

120 1415 182 1485 τοῦ
199 1420 408 1497 κηρυγματος
425 1408 598 1493 ἐπεκέατο,
620 1400 675 1474 καὶ
682 1401 839 1491 πολλοός
859 1406 921 1492 μὲν
935 1405 1126 1492 ἐφονενσαν

120 1505 250 1592 αὐτῶν,
266 1503 421 1598 πολλῷδ’
434 1511 481 1575 ἔτι
496 1510 643 1582 πλεῦνας
656 1505 690 1591 ἐς
700 1528 737 1570 το
726 1500 849 1582 ίίλσος
858 1528 920 1571 του
905 1503 1051 1592 Λργοο
1062 1529 1124 1572 κα-

119 1604 331 1703 ταφυγόντας
351 1603 575 1701 περιιζόμενοι
595 1601 797 1688 έφόλασσον.
843 1600 1020 1681 Ἐνθεῦτεν
1046 1601 1082 1671 66
1103 1599 1167 1671 679

123 1695 309 1790 Κλεομένης
323 1705 431 1772 ἐποίεε
444 1696 592 1770 τοιόνδε·
616 1706 699 1786 έχων
710 1696 918 1786 αὐτομόλους
929 1690 1055 1785 ανδρας
1068 1703 1124 1767 καὶ

8 1784 15 1901 η’
119 1802 409 1889 πυνθανόμενος
393 1801 524 1870 τούτων
539 1799 689 1883 ἐξεκάλεε
704 1800 844 1884 πέμπων
857 1797 1005 1918 κήρυκα,
1022 1796 1124 1865 οὐνο-

8 1912 10 1945 *
121 1901 219 1986 μαστὶ
233 1900 341 1986 λέγων
357 1905 424 1966 τῶν
436 1895 595 2018 Ἀργείων
605 1893 684 1986 τούς
698 1897 736 1963 ἐν
747 1902 792 1988 τῷ
807 1899 869 1988 ίρῷ
884 1892 1124 1982 ἀπεργμένους,

9 2016 11 2035 ³
122 1997 272 2079 ἐξεκάλεε
286 1998 327 2065 δὲ
337 1993 404 2089 φὰς
421 1993 533 2062 αὐτῶν
547 2000 634 2080 ἐχειν
647 2020 688 2062 τα
699 2018 844 2065 αποινα
868 1990 990 2060 ἄποινα
1006 1994 1073 2067 δέέ
1073 2010 1125 2059 στι

9 2118 12 2185 ³:
124 2099 431 2181 Πελοποννησίοισι
438 2093 500 2161 δύο
516 2096 613 2178 μνέαι
630 2095 856 2213 τεταγμέναι
840 2117 902 2158 κατ
903 2089 1088 2177 ἰ’ίνδραλ
1054 2117 1074 2156 α
1087 2117 1151 2189 m

121 2192 276 2287 μαλωτον
291 2194 441 2262 ἐκτίνειν.
463 2186 546 2258 κατὰ
559 2188 764 2277 πεντήκοντα
775 2181 856 2278 δή
830 2215 879 2259 ων
888 2195 957 2256 τῶν
943 2185 1125 2291 Ἀργείων

122 2290 166 2371 ὡς
176 2288 340 2370 ἐκαστους
356 2266 633 2375 ἐκκαλεύμενος*
618 2314 636 2355 ο
652 2290 842 2409 Κλεομένης
859 2294 993 2366 ἔκτεινε.
1022 2294 1124 2397 ταῦτα

121 2395 160 2463 δέ
172 2418 238 2472 κως
251 2391 414 2479 γινόμενα
428 2387 599 2509 ἐλελήθεε
605 2385 685 2466 τούς
704 2366 842 2468 λοιποὺς
855 2384 935 2466 τοὺς
955 2390 993 2455 έν
1008 2393 1054 2478 τῷ
1070 2384 1124 2455 τε-’

120 2496 227 2577 μένει·
254 2515 312 2557 ατε
327 2487 393 2575 γὰρ
408 2494 542 2556 πυκνοῦ
562 2485 676 2565 ἐόντος
689 2492 750 2555 τοῦ
770 2484 887 2567 ἄλσεος
900 2483 964 2556 οόιι
980 2512 1078 2610 φρων
1093 2491 1126 2554 ολ

10 2628 12 2634 “
121 2589 215 2667 ἐντὸς
229 2586 308 2665 τοὺς
325 2585 458 2665 έκτὸς“
438 2613 456 2654 ο
477 2613 509 2654 τι
531 2591 716 2673 ἔπρησσον,
737 2592 818 2672 πρίν
838 2611 876 2672 γε
891 2583 930 2672 δή
950 2584 1062 2654 αὐτῶν
1075 2611 1125 2664 τις

122 2683 250 2773 ἀναβὰς
264 2686 316 2752 ἐπὶ
330 2686 490 2770 δένδρεον
503 2679 685 2753 κατεῖδε
651 2710 688 2752 το
703 2683 914 2769 ποιεόμενον
940 2681 1003 2750 οὐκ
1020 2675 1069 2750 όν
1083 2681 1124 2768 δή

123 2791 171 2852 έτι
185 2780 382 2866 καλεόμενοι
397 2781 540 2868 ἐξήισαν
573 2780 739 2850 Ἐνθαυτα
754 2779 794 2868 δή
811 2772 833 2850 6
846 2783 1037 2868 Κλεομένης
1051 2782 1124 2848 ἐκέ·
1134 2784 1169 2839 8⁰

122 2889 199 2950 λενε
214 2877 323 2947 πάντα
338 2875 413 2946 τινὰ
434 2905 502 2946 των
521 2881 682 2948 είλωτέων
696 2880 863 2967 περινέειν
876 2877 942 2968 ὕλη
959 2878 996 2949 τό
1013 2879 1124 2966 ίιλσος,

122 3005 190 3048 των
200 2977 237 3046 δέ
240 2980 462 3065 πειθομένων
473 2976 677 3067 ἐνέπρησε
643 3003 686 3047 το
692 2976 800 3060 ἄλσος.
817 2978 999 3067 καιομένου
1013 2979 1050 3049 66
1061 2979 1125 3067 ήδη

121 3081 281 3171 ἐπείρετο
283 3101 356 3142 των
366 3100 442 3144 τινα
431 3074 664 3164 αὐτομόλων,
680 3084 771 3156 τίνος
787 3085 838 3164 είη
851 3085 946 3147 θεῶν
960 3077 997 3147 τό
1014 3077 1125 3163 ἄλσος,

12 3172 14 3181 ⁴
121 3174 189 3245 666
204 3172 292 3261 ἐφη
284 3183 402 3262 Αργου
412 3174 514 3245 εἶναι·
529 3175 547 3244 ὁ
560 3173 630 3245 δὲ
608 3201 652 3256 σε
661 3173 795 3262 ηκουσε,
807 3173 1032 3257 αναστεναξας
1042 3176 1126 3262 μέγα

122 3271 207 3342 εἷπε·
239 3266 461 3342 Ὦ”Απολλον
475 3275 667 3362 χρηστήριε,
686 3268 882 3360 ήμεγᾰλως
898 3274 940 3361 με
955 3270 1127 3360 ἠπάτηκας

13 3386 15 3395 ’
123 3369 271 3457 φάμενος
276 3369 445 3459 Αργοςαί
443 3374 576 3460 ρήσειν
593 3370 871 3461 συμβόλλομαιδ
880 3370 1010 3491 ἐξήκειν
1019 3394 1076 3455 μοι
1087 3367 1124 3435 τό

26 3544 28 3549 ,
122 3465 328 3554 κσηστήριου.
364 3468 458 3539 Μετὰ
474 3474 510 3540 δὲ
527 3477 631 3540 ταῦτα
646 3497 664 3540 ο
655 3468 870 3557 Κλεομένης
885 3467 946 3555 τήν
933 3456 1021 3557 μὲν
1035 3469 1124 3535 πλεω
1135 3472 1165 3529 81
