2536 3934
222 272 263 336 86
596 278 843 339 HERODOTI

220 442 266 525 τῷ
273 436 376 529 Κύρφ
388 433 449 524 τὴν
459 441 635 524 βασιληίην
644 433 1005 523 συγκατεργασάμενος.
1021 428 1119 516 οὗτος
1130 432 1228 527 ὡνὴρ

83 568 88 577 ·
219 531 294 600 τότε
307 530 373 601 ὑπὸ
381 533 500 622 Κύρου
512 531 694 654 στρατῃγδς
707 532 904 621 ἀποδεχθεὶς
915 529 960 613 ὥς
970 530 1105 604 ύπίκετο
1116 537 1150 615 ές
1159 534 1228 623 τὴν

216 629 361 720 Ἰωνίην,
383 636 474 753 αἵρεε
487 629 547 712 τὰς
573 629 667 710 πόλις
698 632 843 719 χώμασι·
872 631 959 712 ὅκως
973 630 1039 721 γὰρ
1053 632 1228 721 τειχήρεας

151 732 385 820 ποιήσειε,
400 757 438 800 το
427 728 611 800 ἐνθεῦτεν
621 730 756 817 χώματα
769 736 839 817 χῶν
850 726 934 817 πρὸς
946 756 987 798 τα
975 728 1105 816 τείχεα
1120 730 1227 818 ἐπόρ-

156 849 204 904 163
217 840 287 900 θεέ.
315 832 432 921 πρώτῃ
448 830 485 899 δέ
499 835 637 918 Φωκαίῃ
648 826 774 915 Ἰωνίης
796 831 1072 916 ἐπεχείρησε.ίο
1028 829 1128 896 οίδέ
1141 835 1226 896 Φω-

218 926 384 1013 καιέες
341 958 435 1002 ουτοι
446 938 633 1020 ναυτιλίῃσι
648 936 793 1018 μακρῇσι
807 935 932 1017 πρώτω
941 926 1109 1015 Ἑλλήνων
1123 927 1226 1055 ἐχρη-

218 1057 337 1121 σαντο,
360 1038 416 1102 καὶ
434 1033 496 1102 τόν
514 1057 550 1099 τε
560 1029 695 1117 Ἀδρίην
716 1033 771 1097 καὶ
791 1054 853 1116 την
873 1034 1063 1117 Τυρσηνίην
1083 1029 1138 1095 καὶ
1157 1053 1226 1114 την

213 1139 359 1220 Ἰβηρίην
379 1133 434 1199 καὶ
453 1120 873 1215 τδνΤαρτησσδνοῦτοίί
843 1134 904 1195 εἰσι
922 1132 956 1195 oc
974 1130 1222 1207 καταδέξαντες.

217 1232 450 1299 ἐναυτίλλοντο
462 1230 497 1296 δὲ
509 1252 551 1295 ου
539 1225 788 1314 ’στρογγύλῃσι
803 1231 920 1313 νηυσὶ,
935 1223 1019 1294 ἀλλὰ
1031 1250 1222 1312 πεντηκον-

216 1325 392 1413 τέροισι.’
372 1351 571 1413 απικομενοι
582 1325 618 1393 δε
629 1326 662 1403 ές
671 1324 928 1412 τονΤαρτησσον
936 1328 1133 1413 προσφιλέες
1144 1328 1224 1412 ἐγέ-

216 1453 316 1497 νοντο
338 1435 383 1518 τῷ
404 1429 534 1515 βασιλέι
551 1430 620 1492 τών
634 1430 861 1511 Ταρτησσίων,
879 1429 925 1516 τῷ
948 1421 1077 1509 ούνομα
1091 1421 1153 1509 μὲν
1173 1416 1224 1511 ἦν

212 1524 477 1616 Ἀργανθώνιος,
507 1522 731 1610 ἐτυράννευσε
764 1522 801 1589 δέ
814 1526 1013 1608 Ταρτησσοῦ
1025 1519 1223 1609 ὀγδώκοντα

217 1632 307 1711 ἔτεα,
332 1627 449 1712 ἐβίωσε
464 1621 500 1690 δέ
515 1619 557 1689 τὰ
577 1622 687 1688 πάντα
703 1629 807 1688 εἴκοσι
822 1623 877 1688 καλ
891 1620 1018 1689 ἑκατόν.
1046 1622 1154 1711 τούτῳ
1175 1620 1222 1710 δὴ

216 1727 262 1812 τῷ
279 1719 376 1808 ἀνδρὶ
390 1721 589 1808 προσφιλέες
611 1723 645 1787 οί
659 1720 826 1797 Φωκαιέες
844 1716 933 1785 ούτω
947 1719 1034 1806 δήτι
1050 1722 1222 1811 ἐγένοντο,

217 1816 261 1897 ὡς
275 1815 316 1886 τὰ
331 1817 392 1904 μὲν
408 1818 524 1905 πρώτύ
539 1837 644 1904 σφεας
664 1816 860 1895 ἐκλιπόντας
871 1814 999 1904 Ἰωνίην
1014 1821 1145 1887 έκέλενε
1158 1827 1223 1908 τῆς

215 1921 343 1986 ἑωυτοῦ
356 1913 464 2003 χώρης
479 1920 609 2001 οἰκῆσαι
620 1914 703 1982 ὅκου
714 1915 905 2001 βούλονται,
921 1913 1002 2001 μετὰ
1016 1915 1063 2003 δὲ,
1079 1913 1123 1995 ὡς
1135 1925 1223 1986 τοῦ·

213 2014 253 2084 τύ
265 2040 305 2102 γε
326 2012 389 2083 ούκ
404 2019 520 2082 ἔπειθε
538 2010 618 2091 τούς
634 2016 822 2100 Φωκαιέας,
844 2011 861 2081 6
884 2014 920 2081 δὲ
940 2015 1135 2101 πυθόμενος
1154 2015 1223 2084 τὸν

214 2117 338 2200 Μῆδον
349 2109 429 2201 παρ’
445 2109 558 2181 αύιώυ
569 2109 613 2189 ὡς
624 2109 776 2197 αὔξοιτο,
793 2115 905 2180 ἐδίδου
918 2133 978 2201 σφι
988 2114 1137 2203 χρήματα
1147 2130 1217 2185 τεσ-

213 2237 271 2297 χος
290 2213 531 2298 περιβαλέσθαι
549 2207 612 2296 τὴν
633 2210 743 2277 πόλιν.
769 2212 882 2280 ἐδίδου
903 2212 939 2281 δέ
952 2210 1137 2301 ’ἀφειδέωςμ
1159 2218 1222 2283 καλ

213 2306 279 2428 γὰρ
294 2311 350 2376 καλ
368 2305 389 2395 ἡ
407 2311 560 2394 περίοδος
575 2314 636 2374 τοῦ
654 2315 778 2394 τείχεος
792 2306 854 2377 ούκ
869 2308 977 2398 ὀλίγοι
992 2313 1121 2382 στύδιοί
1139 2317 1221 2401 εἰσι,

213 2412 312 2474 τούτο
333 2407 370 2473 δέ
390 2412 459 2473 πᾶν
478 2412 587 2475 λίθων
607 2409 763 2494 μεγάλων
784 2405 899 2477 καὶ
859 2436 899 2478 εν
919 2415 1221 2501 συναρμοσμένων.

149 2507 196 2565 164
216 2501 262 2572 Τδ
277 2507 339 2591 μὲν
350 2501 390 2592 δη
402 2518 506 2590 τειχος
515 2513 800 2575 τοῑσιΦωκαιεῦσι
813 2509 925 2600 τρόπῳ
936 2515 1054 2601 τοιῷδε
1064 2512 1256 2602 ἐξεποιή-

211 2613 276 2689 θη,
294 2597 313 2670 ὁ
335 2600 402 2670 &N
393 2602 588 2690 Αρπαγος’
566 2630 610 2682 ως
623 2603 819 2690 ἐπήλασε
783 2632 846 2692 την
864 2605 1038 2695 οτρατιην,
1060 2610 1255 2697 έπολιόρ·

203 2724 268 2780 ’κεε
282 2697 420 2785 αύτούς,
442 2702 681 2788 προισχόμενος
698 2701 839 2790 έπεα,”
811 2729 855 2783 ως
865 2710 900 2773 οἱ
908 2714 1069 2797 καταχρᾷ,
1086 2713 1117 2776 εἰ
1129 2711 1221 2796 βού-
1254 2694 1255 2769 λ

212 2806 327 2868 λονται
346 2800 513 2879 Φωκαιέες
532 2806 752 2887 προμαχεῶνα
772 2827 833 2869 ενα
859 2809 989 2889 μοῦνον
1010 2812 1072 2873 τοῦ
1091 2812 1254 2891 τείχεος

212 2898 340 2979 ἐρεῖψαι
350 2897 405 2962 καὶ
417 2904 538 2984 οίκημα
552 2901 591 2965 δν
604 2905 794 2986 κατιρῶσαι.
818 2905 852 2968 oc
865 2901 1083 2982 Φωκαιέες
1093 2927 1221 2991 περιη

132 3062 134 3068 ,
211 2993 401 3081 μεκτέοντες
414 3019 454 3083 τῃ
439 2996 659 3085 δουλοσύνῃ
673 3002 803 3084 ἔφασαν
817 3001 947 3067 έθέλειν
960 3001 1220 3086 βουλεύσασθαι
1250 2944 1253 3095 δ

209 3088 339 3178 ημέρην
358 3098 439 3176 μίαν
460 3096 515 3160 καὶ
538 3099 667 3163 ἔπειτεν
681 3093 952 3183 ὑποκρινέεσθαι.
982 3099 1019 3165 έν
1034 3091 1112 3165 ώδδ
1128 3107 1219 3186 βου-

210 3187 366 3259 λεύονται
380 3185 492 3277 αὐτοὶ,
514 3187 679 3280 ύπαγαγει
678 3220 700 3261 ν
666 3198 845 3264 ιέκελνον
862 3194 1068 3264 ἐκέλευον
1031 3222 1094 3283 την
1109 3216 1220 3283 στρα-

208 3314 286 3412 τιῃν
304 3284 370 3357 ἇπδ
385 3312 446 3357 του
431 3295 591 3378 τείχεος.
614 3291 633 3362 ὁ
648 3293 683 3362 δ’
695 3294 863 3385 Ἅρπαγος
877 3302 992 3384 έφηί
961 3299 1083 3365 εἰδέναι
1094 3293 1220 3382 μὲν
1174 3325 1239 3368 ευ*

209 3417 249 3459 τα
236 3386 387 3457 ἐκεῖνον
402 3392 555 3476 μέλλοιεν
568 3395 748 3483 ποιέειν,“
726 3422 816 3483 ομως
833 3399 873 3465 δέ
884 3416 945 3483 σφι
959 3398 1113 3483 παριέναι
1127 3406 1220 3484 βου-

210 3488 404 3559 λεύσασθαι.
427 3491 464 3557 έν
475 3516 501 3584 φ
488 3483 616 3561 ώνὸ“
607 3492 798 3581 Αρπαγος’
779 3492 844 3563 απδ
855 3520 917 3567 του
902 3489 1080 3580 τείχεος’
1059 3516 1218 3582 απηγαγε
