2536 3934
202 242 244 306 σε
514 194 516 199 ’
567 242 821 300 monem
901 218 903 223 ’

202 430 255 483 τες
270 403 306 472 δὲ
320 399 442 490 αύτδν,
465 398 575 491 ὥσπερ
598 400 753 469 ἐόθεσαν
766 403 821 468 καὶ
840 397 880 467 τά
900 405 1005 489 θηρία
1019 398 1207 489 σκευάζειν,

182 500 375 591 “Κυαξάρελ·
393 505 513 577 δοῦναι
529 504 688 589 φέροντες
706 496 751 578 ὡς
764 496 873 587 άγρην
891 503 1021 589 δῆθεν,
1038 499 1153 580 δόντες
1168 500 1208 569 δὲ

203 601 267 690 τῆν
284 608 439 689 ταχίστην
455 609 649 690 κομίζεσθαι
658 597 756 688 ’παρά
776 597 954 670 Ἀλυάττεα
968 599 1029 669 τδυ
1045 602 1209 675 Σαδυάτ-

202 727 267 771 τεω
281 703 315 780 ἐς
328 700 465 789 Σάρδις.
504 706 608 771 ταῦτα
623 700 679 767 καὶ
699 701 846 784 ἐγένετο·
876 701 932 769 καλ
944 695 1009 786 γάρ
1026 699 1209 788 Κυαξάρης

202 800 259 868 καλ
279 803 313 873 οί
333 798 514 886 παρεόντες
534 796 732 883 δαιτυμόνες
754 804 823 865 τῶν
843 802 952 886 κρεῶν
972 797 1101 869 τούτων
1121 799 1209 877 ἐπά-

203 918 324 984 σαντο,
339 901 400 967 καλ·
408 903 445 975 οί,
453 898 592 973 Σκύθαι
608 904 713 967 ταῦτα
727 895 1120 984 ποιῆσαντεςἉλυάττεω
1135 905 1200 969 ίκέ·

159 1006 194 1063 74
204 1026 257 1067 ται
271 1001 435 1084 ἐγένοντο.
475 995 573 1073 Μετὰ
597 999 634 1069 δὲ
656 1005 760 1066 ταῦτα
789 995 843 1071 ὀύ,
857 995 923 1086 γάρ
941 996 983 1087 δῆ
996 998 1015 1069 ό
1027 996 1209 1088 Ἀλυάττης

202 1099 358 1176 ἐξεδίδου,
376 1094 456 1175 τούς
479 1097 623 1175 Σκύθας
649 1099 827 1177 ἐξαιτέοντι
850 1098 1034 1187 Κυαξάρεῖ·
1060 1100 1209 1189 πόλεμος

201 1210 287 1263 τοῖσι
296 1198 438 1268 Λυδοῖσι
448 1198 503 1263 καλ
517 1209 602 1265 τοῖσι
613 1197 764 1284 Μῆδοισι
779 1197 933 1283 ἐγεγόνεε
944 1195 991 1269 ἐπ’
1004 1204 1077 1272 ἐτεα
1094 1203 1207 1287 πέντε,

203 1297 240 1362 ἐν
256 1307 342 1360 τοῖσι
362 1294 523 1374 πολλάκις
537 1295 599 1381 μὲν
614 1299 649 1364 οί
660 1299 777 1382 Μῆδοι
792 1293 872 1377 τούς
886 1294 1021 1376 Λυδούς
1035 1300 1206 1386 ἐνίκησαν,

201 1392 362 1470 πολλάκις
383 1394 420 1461 δὲ
434 1398 468 1461 οἱ
482 1396 588 1461 Λυδοί
607 1389 687 1473 τούς
700 1394 859 1480 Μῆδους·
889 1397 926 1463 ἐν
948 1395 984 1464 δὲ
1007 1399 1208 1465 καδνυκτο-

126 1510 130 1515 “
201 1499 324 1580 μαχίηυ
343 1489 420 1561 τινά
440 1493 655 1581 ἐποιήσαντο·
695 1496 893 1581 διαφέρουσι
918 1498 958 1564 δέ
976 1515 1036 1583 σφι
1060 1498 1112 1569 ἐπὶ
1131 1506 1209 1583 ἴσης

201 1590 262 1662 τόν
282 1593 432 1680 πόλεμον,
449 1601 496 1686 τῷ
520 1598 602 1686 ἕκτφ
626 1599 693 1662 ἔτεϊ
713 1601 882 1681 συμβολῆς
902 1599 1082 1684 γενομένης
1097 1596 1209 1686 συνῆ-

202 1720 311 1780 νεικε,
339 1690 422 1761 ὥστε
443 1700 503 1781 τῆς
523 1693 629 1780 μάχης
656 1693 886 1779 συνεστεώσης
905 1692 967 1781 τῆν
987 1693 1115 1782 ἡμέρην
1130 1698 1209 1779 ἐξα-

201 1798 301 1879 πίνης
314 1790 427 1863 νύκτα,
436 1795 603 1878 γενέσθαι.
646 1787 709 1876 τῆν
734 1790 770 1859 δὲ
785 1790 993 1881 μεταλλαγῆν
1008 1793 1133 1881 ταύτην
1147 1799 1209 1880 τῆς

201 1891 326 1981 ἡμέρης
340 1897 451 1978 Θαλῆς
466 1888 484 1971 ὁ
500 1890 668 1979 Μιλήσιος
682 1905 767 1959 τοῖσι
780 1887 877 1958 Ἴωσι
887 1894 1116 1983 προηγόρευσε
1131 1897 1210 1960 ἐσε-
1260 1936 1261 1943 1

202 2002 300 2076 σθαι,
328 1983 434 2078 ούρον
458 1993 667 2077 προθέμενος
692 1985 849 2058 ἐνιαυτόν
871 1997 1008 2078 τοῦτον,
1035 1984 1204 2079 ἐυτῷδῆ

201 2092 258 2157 καὶ
278 2090 407 2175 ἐγένετο
428 2083 449 2176 ῆ
472 2088 648 2176 μεταβολή.
689 2094 723 2157 οἱ
741 2088 778 2157 δὲ
791 2093 901 2158 Λυδοί
916 2116 952 2158 τε
973 2093 1028 2158 καὶ
1042 2095 1076 2158 οἱ
1089 2092 1210 2175 Μῆδοι

202 2192 310 2258 ἐπείτε
337 2185 427 2256 εἶδον
443 2186 550 2257 νύκτα
564 2185 638 2256 άντλ
657 2184 780 2276 ἡμέρης
801 2191 1008 2276 γινομένην,
1020 2194 1077 2276 τῆς
1098 2189 1210 2275 μάχης
1259 2202 1260 2205 ’

201 2314 237 2356 τε
258 2284 446 2355 ἐπαύσαντο
469 2287 525 2354 καλ
549 2286 679 2373 μᾶλλόν
702 2313 734 2355 τι
759 2293 925 2357 ἔσπευσαν
945 2284 1208 2376 καλάμφότεροι

202 2388 340 2475 είρῆνην
359 2387 511 2461 ἑωυτοῖσι
532 2390 700 2473 γενέσθαι.
743 2393 778 2457 οί
796 2391 833 2457 δὲ
853 2388 1119 2478 συμβιβάσαντες
1139 2384 1208 2454 αύ-

201 2484 281 2566 τούς
302 2478 390 2574 ἦσαν
413 2488 500 2573 οἵδε,
526 2491 709 2566 Συέννεσίς
729 2513 765 2556 τε
785 2485 914 2568 ὁΚίλιξ
936 2490 992 2561 καὶ
1006 2487 1210 2576 Λαβύνητος

202 2582 460 2672 ὁΒαβυλόυιος.
499 2576 596 2655 οὔτοί
613 2605 674 2672 σφι
694 2588 749 2653 καλ
768 2582 807 2652 τδ
822 2584 939 2673 ὅρκιον
954 2591 988 2655 οί
999 2584 1210 2662 σπεύσαντες
1258 2584 1259 2587 '

200 2688 361 2774 γενέσθαι
380 2675 468 2774 ἦσαν
482 2687 537 2754 καὶ
558 2685 676 2772 γάμων
694 2682 885 2773 ἐπαλλαγὴν
899 2687 1077 2777 ἐποίησαν·
1105 2681 1209 2751 'Alv-

202 2784 306 2869 άττην
327 2779 392 2872 γάρ
424 2789 576 2870 ἔγνωσαν
610 2786 730 2852 δοῦναι
757 2781 820 2872 τῆν
847 2787 1019 2871 θυγατέρα
1044 2780 1210 2869 Ἀρύηνιν

197 2882 371 2969 Ἀστυάγελ
393 2890 439 2975 τῷ
464 2881 648 2969 Κυαξάρεω
672 2886 781 2950 παιδί·
822 2879 906 2951 άνευ
931 2878 996 2969 γάρ
1021 2876 1210 2967 άναγκαίης

201 2988 337 3069 ἰσχυρῆς
367 2981 548 3070 συμβάσιες
568 2972 711 3069 ίσχυραλ
741 2979 804 3051 οὐκ
829 2985 985 3053 ἐθέλουσι
1010 2981 1205 3066 συμμένειν.

200 3078 299 3166 ὅρκια
319 3078 355 3149 δέ
376 3082 520 3148 ποιέεται
539 3085 643 3146 ταῦτα
664 3075 704 3146 τά
727 3085 830 3149 ἔθνεα
855 3077 1016 3168 τάπερτε
1032 3075 1206 3165 Ἕλληνες,

200 3180 255 3246 καλ
274 3174 358 3266 πρὸς
377 3178 541 3264 τούτοισι,
565 3174 667 3246 ἐπεάν
686 3176 766 3257 τούς
782 3185 961 3268 βραχίονας
979 3174 1208 3261 ἐπιτάμωνται

200 3277 233 3355 ἐς
247 3271 309 3364 τῆν
326 3272 522 3365 ὁμοχροίην,
537 3272 574 3344 τδ
590 3271 671 3363 αἷμα
684 3273 897 3365 άναλείχουσι
910 3273 1074 3362 άλλῆλων.

156 3393 190 3450 75
289 3379 418 3442 Τοῦτον
439 3371 479 3463 δῆ
497 3367 546 3443 όν
560 3371 626 3445 τόν·
633 3372 815 3462 Ἀστυάγεα
831 3382 944 3462 Κύρος
958 3372 1056 3442 ἐόντα
1073 3375 1208 3444 ἑωυτοῦ

199 3472 435 3567 μητροπάτορα
451 3476 762 3567 καταστρεψάμενος
778 3483 851 3565 ἔσχε
867 3472 907 3545 δι’
924 3480 1042 3569 αίτίην,
1060 3470 1123 3567 τῆν
1137 3476 1206 3569 ἐγό
