2606 3920
197 218 261 289 ρος
577 211 830 274 ιιιιεοοοιι

204 368 323 452 vades,
339 365 471 454 ἄπειροι
484 374 543 455 τῆς
557 374 715 454 ναυτικῆς
728 366 856 453 ἐόντες,
872 374 1108 492 συνεπλήρουν
1122 389 1207 446 τοῖσι

205 471 342 551 Αθηναί
340 486 407 532 οισι
421 463 480 544 τός
498 467 592 544 νέας
619 471 799 552 Κορίνθιοι
816 464 852 533 δέ
873 470 1115 556 τεσσεράκοντα
1128 475 1207 554 νέας

201 568 408 648 παρείχοντο,
423 565 596 650 Μεγαρέες
606 566 643 631 δέ
654 571 767 629 είκοσι
785 565 1206 659 καὶΧαλκιδέεςέπλήρουν

203 669 307 729 είκοσι
322 657 512 747 Ἀθηναίων
533 678 594 748 σφι
611 660 827 769 παρεχόντων
840 660 900 742 τάς
914 666 1061 752 νέας,Α
1061 674 1205 758 ίγινῆται

203 760 239 828 δέ
253 756 494 844 ὀκτωκαίδεκα,
510 733 696 828 Σικυώνιοι
711 761 748 827 δέ
760 759 929 849 δυόδεκα,
946 768 1205 855 Λακεδαιμόνιοι

203 862 239 927 δέ
254 858 349 943 δέκα,
363 812 569 946 Ἐπιδαύριοι
585 856 653 925 δὲ’
636 884 722 926 οκτω
731 856 928 945 ,Ἐρετριέες
942 864 979 929 δέ
993 862 1084 952 έπτὰ,
1103 874 1204 955 Τροι-

203 958 308 1043 ζηνιοι
323 956 360 1023 δέ
375 959 490 1042 πέντε,
512 959 659 1043 Στυρέες
673 958 710 1024 δέ
730 955 793 1023 δύο
814 960 869 1023 καὶ
883 964 976 1028 Κεῖοι
994 962 1056 1032 δύο
1076 986 1112 1032 τε
1127 967 1203 1045 νέας

201 1057 257 1123 καὶ
276 1056 560 1141 πεντηκοντέρους
579 1054 651 1121 δύο.
692 1056 817 1138 Λοκροί
837 1056 877 1122 δέ
890 1073 952 1141 σφι
967 1062 1001 1126 οί
1015 1057 1204 1131 Ὀπούντιοι

169 1168 187 1223 2
201 1151 406 1273 έπεβοηθεον
414 1154 699 1236 πεντηκοντέρους
708 1156 838 1237 ἔχοντες
853 1153 943 1222 ἑπτά.
961 1146 1065 1226 Ησαν
1077 1153 1183 1247 μέν
1155 1186 1205 1229 ων

202 1240 296 1317 οὗτοι
311 1252 346 1316 οί
363 1248 621 1335 στρατευόμενοι
638 1246 690 1316 ἐπ’
706 1246 927 1338 Ἀρτεμίσιον,
950 1264 1077 1341 είρηται
1096 1259 1136 1326 δέ
1148 1284 1206 1346 μοι

202 1353 257 1418 και
268 1372 312 1427 ως
322 1374 359 1416 το
348 1346 502 1434 πληθος
513 1350 645 1415 ἕκαστοι
655 1371 724 1413 τιον
734 1373 822 1414 νεων
832 1356 1036 1436 παρείχοντο
1059 1352 1205 1443 ἀριθμός

201 1447 238 1516 δὲ
251 1454 319 1515 τῶν
334 1447 599 1532 συλλεχθεισέων
619 1452 707 1512 νεῶν
724 1444 776 1513 ἐπ’
796 1444 1042 1534 Ἀρτεμίσιον
1018 1476 1080 1539 ην,
1099 1452 1204 1540 πάρεξ

200 1553 269 1614 τῶν
278 1548 569 1632 πεντηκοντέρων,
582 1551 641 1630 μία
652 1547 707 1611 καί
722 1545 948 1631 ἑβδομήκοντα
959 1550 1014 1615 καί
1025 1550 1202 1636 διηκόσιαι.

200 1642 262 1711 τόν
277 1645 313 1711 δέ
328 1640 515 1728 στρατηγόν
528 1641 589 1708 τόν
600 1639 638 1708 τό
650 1643 806 1727 μέγιστον
820 1644 942 1727 κράτος
956 1650 1073 1732 έχοντα
1086 1655 1204 1736 παρεί-

199 1769 297 1832 χοντο
308 1748 516 1827 Σπαρτιῆται
525 1737 742 1829 Εὐρυβιάδεα
755 1738 816 1809 τόν
826 1738 1068 1828 Εὐρυκλείδεω.
1092 1750 1126 1814 οί
1137 1745 1202 1833 γάρ

201 1843 366 1932 σύμμαχοι
377 1838 441 1909 ούιι
453 1846 593 1926 έφασαν,
610 1834 655 1925 ἢν
665 1835 711 1925 μὴ
723 1835 741 1906 δ
751 1839 877 1907 Λάκων
888 1836 1088 1933 ηγεμονεύη,
1101 1841 1203 1931 Ἀθη-

201 1949 324 2010 ναίοισι
335 1941 477 2020 ἕψεσθαι
489 1936 711 2025 ἡγεομένοισι,
725 1933 810 2006 ἀλλὰ
822 1937 939 2006 λύσειν
949 1937 985 2007 τό
998 1944 1120 2025 μέλλον
1130 1947 1203 2010 ἔσε-

168 2063 184 2118 3
200 2053 282 2110 σθαι
297 2038 495 2124 στράτευμα.
515 2033 662 2122 Ἐγένετο
677 2032 743 2121 γάρ
757 2033 831 2103 κατ’
845 2031 948 2123 άρχάς
961 2037 1076 2127 λόγος,
1091 2035 1203 2129 πρλνῆ

200 2141 256 2208 καί
269 2142 302 2218 ές
316 2142 477 2223 Σικελίην
490 2137 633 2221 πέμπειν
643 2135 696 2201 έπί
709 2140 915 2222 συμμαχίην,
934 2133 978 2215 ὡς
990 2134 1027 2204 τό
1042 2135 1204 2206 ναυτικόν

130 2244 133 2249 “
200 2238 404 2324 Ἀθηναίοισι
420 2231 529 2321 χρεόν
551 2242 601 2320 εἴη
618 2232 820 2318 έπιτράπειν.
852 2232 1062 2322 ἀντιβάντων
1083 2241 1120 2306 δέ
1135 2245 1204 2306 τῶν

200 2336 385 2423 συμμάχων
399 2330 490 2402 εἶκον
505 2337 540 2401 οί
548 2330 737 2419 Ἀθηναῖοι,
751 2333 836 2419 μέγα
846 2336 1063 2421 πεποιημένοι
1077 2351 1205 2423 περιελ-

201 2461 256 2502 ναι
271 2431 334 2519 την
348 2429 506 2516 Ἑλλάδα,
528 2431 584 2497 καί
603 2427 808 2516 γνόντες,εί
793 2429 1037 2499 ίστασιάσουσι
1057 2426 1210 2520 περὶτῆς

196 2526 432 2623 ηγεμονίης,
410 2554 455 2607 ως
469 2525 676 2615 άπαλέεταιη
689 2525 815 2617 Ἑλλάς,
830 2524 919 2615 ὀρθά
936 2537 1107 2611 νοεῦντες·
1123 2533 1205 2600 στά-

82 2628 91 2640 ’
199 2654 251 2710 σις
277 2626 342 2715 γάρ
360 2633 507 2715 ἔμφυλος
523 2628 671 2711 πολέμου
692 2623 960 2712 ὁμοφρονέοντος
973 2629 1122 2721 τοσούτω
1142 2630 1207 2697 κά-

200 2732 277 2800 κιόν
294 2733 378 2812 ἐστι,
395 2727 464 2819 ὅσην
478 2728 623 2813 πόλεμος
637 2726 778 2811 εἰρήνης.
811 2720 1082 2812 Ἐπιστάμενοι
1056 2753 1104 2795 ων
1121 2725 1203 2795 αύτδ

198 2836 299 2900 τοῦτο
315 2825 378 2896 οὐκ
390 2825 591 2910 ἀπέτεινον,
606 2821 679 2893 ἄλλ’
693 2822 794 2908 εἶκον,
811 2823 940 2910 μέχρτ“
919 2843 1003 2893 οσον
1015 2825 1120 2908 κάρτα
1131 2825 1204 2893 έδέ-

201 2953 279 2996 οντο
297 2922 426 3010 αὐτων,
442 2921 486 3003 ὡς
502 2925 661 3003 διέδεξαν.
686 2919 731 3001 ὡς
743 2947 808 3007 γαρ
825 2920 1074 3008 διωσάμενοι
1040 2948 1101 2989 τον
1114 2928 1204 3008 Πὲρ·

201 3049 265 3118 σην
282 3028 357 3113 περί
371 3032 428 3110 τῆς
443 3028 512 3094 έκεί
497 3031 574 3092 ίνου
587 3019 698 3110 ηδη
665 3048 726 3090 τον
739 3019 854 3108 άγοόνοι
864 3025 1037 3090 ἐποιεῦντο
1045 3021 1205 3107 ,πρόφαο

203 3148 259 3195 σιν
279 3150 341 3210 την
355 3128 556 3190 Παυσανίεω
576 3119 676 3209 ὕβριν
691 3119 928 3206 προϊσχόμενοι
947 3116 1122 3187 ἀπείλοντο
1142 3146 1205 3205 την

201 3221 384 3312 ηγεμονίην
397 3217 477 3319 τούς
490 3223 784 3304 Λακεδαιμονίους
809 3217 893 3287 άλλά
913 3222 1016 3285 ταῦτα
1030 3215 1131 3305 μέν”
1106 3236 1206 3286 νστε-

171 3344 266 3408 ρον
277 3322 424 3405 ἐγένετο
449 3315 532 3385 Τότε
545 3309 636 3384 δὲ
594 3341 686 3383 ουτοι
697 3319 732 3383 οἱ
741 3317 796 3383 καί
810 3314 862 3382 έπ’
875 3313 1079 3403 Ἀρτεμίσιον
1087 3312 1206 3400 Ἑλλή-

203 3444 275 3485 νων
289 3412 487 3492 άπιιιόμενοι
503 3439 548 3489 ως
563 3412 653 3480 εἶδον
666 3414 744 3490 νέας
757 3437 792 3479 τε
803 3412 927 3490 πολλάς
941 3417 1160 3497 καταχθείσας
1172 3415 1206 3491 έ
