2588 3926
386 243 473 301 LIB.
502 245 548 301 IX.
582 244 679 301 CAP.
712 253 856 310 22-26.
1054 254 1116 316 299

16 486 17 489 χ
114 407 229 488 χῶρον
242 403 297 469 καλ
310 402 363 469 έπλ
373 397 435 486 τήν
450 398 579 487 κρήνην
591 397 654 487 τήν
664 408 862 491 Γαργαφίην
872 407 935 496 τήν
945 416 981 482 ἐν
992 423 1038 506 τῷ
1049 417 1116 503 χώ.

16 506 17 513 ’
115 523 167 589 ρφ
180 498 288 589 τούτῳ
308 500 431 566 έοῦσαν
448 499 542 576 ἔδοξέ
555 518 616 583 σφι
634 496 743 585 χρεάν
760 498 845 569 εἶναι
866 502 1044 577 ἀπικέσθαι
1061 517 1116 583 καλ

114 600 353 684 διαταχθέντας
361 598 693 686 στρατοπεδεύεσθαι.
705 595 929 688 ἀναλαβόντες
938 606 1020 673 δὲτὰ
1030 608 1115 679 ὅπλα

111 695 214 782 ἤϊσαν
228 692 284 763 διά
297 701 355 782 τῆς
369 692 521 781 ὑπωρέης
540 699 601 762 τοῦ
616 701 830 782 Κιθαιρῶνος
845 698 935 787 παρά
954 699 1062 784 Ὑσιάς
1082 709 1115 784 ἐς

114 790 178 877 τὴν
186 796 371 860 Πλαταιίδα
380 800 455 879 γῆν,
471 789 669 876 ἀπικόμενοι
680 793 717 860 δὲ
727 794 905 864 ἐτάσσοπο
917 796 999 867 κατά
1012 806 1113 870 ἔθνεα

112 896 256 977 πλησίον
269 897 327 976 τῆς
339 915 376 958 τε
392 892 518 977 κρήνης
530 896 589 975 τῆς
602 897 796 978 Γαργαφίης
810 897 865 961 καί
881 903 942 963 τοῦ
962 900 1113 984 τεμένεος

111 995 173 1057 τοῦ
185 986 440 1076 Ἀνδροκράτεος
454 994 514 1055 τοῦ
528 984 638 1074 ήρωος
653 984 707 1054 διά
722 986 837 1074 ὄχθων
849 1016 885 1058 τε
896 990 959 1061 οὐκ
973 991 1113 1080 ὑψηλῶν

111 1089 167 1155 καὶ
182 1083 309 1154 ἀπέδου
322 1092 456 1173 χωρίον.
475 1083 641 1154 Ἐνθαῦτα
655 1088 692 1153 ἐν
707 1094 746 1173 τῇ
763 1090 891 1171 διατάξι
905 1093 1035 1177 ἐγένετο
1053 1095 1112 1163 λό-
1126 1114 1160 1168 26

110 1210 184 1271 γαν
196 1182 318 1265 πολλός
334 1182 483 1270 ὠθισμός
502 1186 691 1269 Τεγεητέων
705 1211 740 1252 τε
757 1189 812 1255 καὶ
823 1184 1019 1275 Ἀθηναίων.
1042 1195 1112 1260 ἐδι-

109 1292 228 1354 καίευν
238 1282 303 1371 γάρ
314 1281 408 1352 αὐτοὶ
420 1282 568 1371 ἑκάτεροι
579 1289 667 1370 ἔχειν
676 1282 714 1352 τό
725 1283 841 1371 ἕτερον
850 1291 958 1374 κέρας,
970 1292 1026 1359 mxl
1036 1317 1111 1358 και-

107 1378 152 1449 υὰ
169 1383 225 1449 καὶ
238 1378 362 1448 παλαιά
377 1384 626 1467 παραφέροντες
640 1386 730 1467 ἔργα.
753 1388 851 1450 τοῦτο
866 1387 929 1469 μὲν
942 1390 977 1453 οί
988 1392 1111 1473 Τεγεή-

107 1504 162 1546 ται
177 1484 293 1565 ἔλεγου
306 1479 401 1546 τάδε·
424 1476 535 1564 Ἡμεῖς
551 1484 619 1546 αίεί
629 1503 705 1546 κοτε
719 1476 903 1565 ἀξιεύμεθα
916 1480 1039 1567 ταύτης
1052 1489 1110 1568 τῆς

106 1574 217 1656 τάξιος
232 1579 268 1644 έκ
282 1582 349 1644 τῶν
364 1576 546 1663 συμμάχων
560 1574 735 1663 ἁπάντων,
751 1576 827 1645 ὅσαι
837 1576 902 1667 ήδη
915 1585 1022 1662 ἔξοδοι
1036 1606 1110 1649 κοι-

106 1678 162 1746 ναὶ
172 1678 323 1763 ἐγένοντο
330 1681 629 1761 Πελοποννησίοισι
641 1679 696 1745 καλ
705 1672 743 1743 τό
752 1674 896 1745 παλαιόν
907 1675 1005 1747 καλτό
1018 1680 1107 1765 νέον,

15 1804 17 1865 ξ
107 1778 141 1856 ἐξ
153 1778 283 1843 ἐκείνου
297 1779 358 1839 τοῦ
368 1772 494 1857 χρόνου
505 1774 577 1840 ἐπεί
588 1798 624 1840 τε
632 1771 843 1860 Ἡρακλεῖδαι
856 1776 1035 1859 ἐπειρῶντο
1047 1802 1107 1862 με·
1158 1818 1161 1827 =

14 1912 16 1955 η
106 1870 147 1943 τά
161 1870 221 1940 τόν
231 1866 429 1955 Εὐρυσθέος
442 1869 595 1936 θάνατον
608 1870 776 1949 κατιόντες
792 1872 825 1949 ές
835 1873 1104 1959 Πελοπόννησον.

14 1970 16 2047 ἶ
106 1970 180 2040 τότε
208 1964 380 2055 εὑρόμεθα
402 1972 500 2032 τοῦτο
522 1964 578 2033 διά
600 1973 735 2053 πρῆγμα
755 1968 903 2036 τοιόνδε·
936 1971 1006 2038 ἐπεὶ
1025 1966 1106 2056 μετά

102 2065 241 2151 ’Λχαιῶυ
251 2058 441 2149 καλΊεόνων
451 2067 519 2128 τῶν
527 2062 602 2130 τότε
612 2063 737 2131 ἐόντων
749 2066 1039 2157 ἐνΠελοπουυήσφ
1051 2068 1107 2133 ἐκ·

106 2160 335 2252 βοηθήσαντες
345 2161 378 2237 ἐς
388 2156 449 2226 τόν
458 2155 594 2244 Ἰσθμόν
604 2159 742 2246 ἱζόμεθα
753 2158 860 2230 ἀντίοι
871 2176 955 2231 τοῖσι
969 2169 1105 2230 κατιοῦ-

106 2280 149 2345 σι,
164 2258 238 2328 τότε
250 2251 298 2327 όν
307 2257 407 2343 λόγος
414 2255 534 2326 Ὕλλου
548 2254 798 2344 ἀγορεύσασθαι
810 2255 855 2337 ὡς
864 2254 973 2345 χρεόν
983 2267 1032 2343 είη
1044 2255 1103 2324 τόν

106 2357 167 2445 μὲν
183 2353 325 2442 στρατόν
338 2360 384 2446 τῷ
399 2362 528 2445 στρατῷ
538 2352 582 2442 μή
598 2351 878 2423 ἀνακινδυνεύειν
892 2356 1102 2442 συμβάλλον-

105 2481 154 2540 τα,
169 2456 205 2521 ἐκ
216 2454 252 2519 δὲ
265 2458 327 2519 τοῦ
337 2458 612 2538 Πελοποννησίου
627 2454 852 2539 στρατοπέδου
863 2449 923 2521 τόν
934 2449 977 2520 ἀν
988 2452 1101 2538 σφέων

105 2553 217 2624 αύτάν
235 2559 374 2638 κρίνωσι
396 2551 479 2622 εἶναι
494 2550 648 2638 άριστον,
667 2551 788 2619 τοῦτόν
802 2556 835 2619 οί
849 2559 1100 2639 μουνομαχῆσαι

14 2682 15 2693 ’
105 2655 157 2721 ἐπὶ
170 2655 415 2736 διακειμένοισι.
435 2652 529 2731 ἔδοξέ
538 2675 575 2718 τε
588 2663 672 2716 τοῖσι
682 2655 982 2734 Πελοποννησίοισι
996 2655 1099 2716 ταῦτα

106 2747 189 2817 εἶναι
204 2750 350 2834 ποιητέα,
367 2749 422 2815 καὶ
434 2753 555 2833 ἔταμον
568 2744 667 2834 όρκια
680 2746 734 2813 ἐπὶ
743 2745 833 2835 λόγφ
843 2748 971 2835 τοιςόδε,
982 2738 1026 2830 ήν
1037 2745 1100 2830 μὲν

106 2845 220 2924 Ὕλλος
241 2842 362 2932 νικήοη
383 2841 444 2912 τόν
465 2848 748 2930 Πελοποννησίων
762 2839 927 2929 ἡγεμόνα,
951 2845 1098 2911 κατιέναι

99 2941 312 3030 Ἡρακλείδας
325 2940 378 3008 ἐπὶ
390 2937 431 3007 τά
446 2941 611 3029 πατρώϊα,
627 2937 673 3027 ήυ
688 2941 725 3009 δὲ
738 2947 879 3029 υικηθή,
903 2937 943 3008 τά
958 2946 1100 3027 ἔμπαλιν

99 3041 311 3129 Ἡρακλείδας
322 3037 600 3108 4ἀπαλλάσσεσθαι
624 3041 679 3108 καὶ
696 3036 838 3125 ἀπάγειν
858 3036 920 3125 τήν
942 3036 1100 3125 στρατιήν

104 3139 221 3209 ἑκατόν
235 3162 272 3206 τε
285 3138 386 3205 έτέων
399 3134 443 3224 μή
465 3142 598 3224 ζητῆσαι
618 3137 762 3205 κάτοδον
784 3137 1095 3223 ἐςΠελοπόννησου.

104 3241 285 3324 προεκρίθη
304 3260 341 3302 τε
355 3232 395 3322 δή
411 3237 447 3302 ἐκ
462 3234 599 3302 πάντων
618 3234 801 3321 συμμάχων
816 3232 1097 3322 ἐθελοντήςἝχε-

104 3356 160 3419 μος
174 3330 192 3400 ὁ
204 3330 369 3421 Ἠερόπου
381 3340 443 3400 τοῦ
458 3334 586 3420 Φηγέος
600 3332 781 3419 στρατηγός
800 3358 835 3400 τε
851 3330 916 3401 ἐάν
930 3334 985 3400 καὶ
999 3338 1096 3419 βασι-

105 3427 178 3509 λεύς
190 3427 362 3517 ἡμέτερος,
384 3432 438 3498 καὶ
453 3430 704 3517 ἐμουνομάχησέ
719 3455 753 3498 τε
767 3431 822 3499 καλ
836 3426 1008 3498 ἀπέκτεινε
1020 3427 1097 3502 ‘w-
