2606 3930
204 189 268 258 828
585 192 838 254 HERODOTI

205 356 337 424 παίδων
355 351 511 443 Σκύλης,
535 355 569 436 ἐξ
585 349 767 442 Ἰστριηνῆς
791 354 829 424 δὲ
852 352 1015 443 γυναικὸς
1036 346 1136 439 οὗτος
1154 360 1207 445 γί-

205 482 299 526 υεται
315 457 371 525 καί
391 451 547 545 οὐδαμῶς
563 457 740 545 ἐγχωρίης,
761 450 857 546 τδνὴ
873 455 980 548 μήτηρ
995 457 1080 548 αὕτη
1097 465 1210 547 γλωσ-

205 554 272 624 σάν
288 559 328 624 ’τε
342 552 483 625 Ἐλλάδα
504 557 559 626 καί
578 554 756 644 γράμματα
773 557 909 637 ἐδίδαξε
940 555 1023 646 μετὰ
1040 556 1077 628 δὲ
1095 557 1209 650 χρόνῳ

204 652 348 740 ὕστερον
365 650 579 743 Ἀριαπείθης
595 654 665 741 ’μὲν
684 660 824 744 τελευτᾷ
842 653 931 748 δόλῳ
955 652 1023 726 ὑπὸ
1044 664 1208 744 Σπαργα-

204 760 342 834 πείθεος
361 759 425 824 τού
440 751 663 843 Ἀγαθύρσων
681 756 851 844 βασιλέος,
873 723 1010 845 Σπύλης
1030 756 1067 825 δὲ
1087 755 1150 845 τήν
1170 782 1207 824 τε

203 857 383 942 βασιληίην
404 856 572 943 παρέλαβε
592 851 703 923 καί
667 880 730 942 την
748 867 893 940 γυναῖκα
916 861 978 926 τοῦ
1002 853 1144 977 πατρὸς,
1165 881 1207 976 τη

204 948 335 1039 οὔνομα
349 943 394 1040 ἦν
405 949 528 1040 Ὀποίη.
556 978 602 1040 ην
616 948 713 1021 &N
667 948 787 1039 αυτηὴ
800 949 947 1040 ’οποίη’
928 951 1027 1042 αστη,
1049 945 1124 1037 ἐξ
1099 979 1141 1042 ης
1163 945 1206 1040 ἦν

193 1051 329 1142 Ὄρικος
340 1051 641 1142 Ἀριαπείθείπαίς.
657 1053 848 1144 βασιλεύων
859 1052 1207 1127 δδΣκνθέωνὸΣκύ-

202 1163 262 1240 λης
276 1156 385 1243 διαίτη
404 1149 572 1238 ούδαμάς
601 1146 759 1240 ἠρέσκετο
789 1157 984 1241 Σκυθικῇ,
996 1147 1081 1222 άλλά
1120 1163 1206 1225 πολ-

202 1250 265 1324 λόν
278 1249 364 1340 πρὸς
376 1249 422 1322 τοὶ
427 1248 603 1339 Ἑλληνικὰ
616 1258 745 1339 μᾶλλον
758 1254 981 1342 τετραμμένος
989 1245 1034 1342 ἦν
1046 1249 1113 1322 άπὸ
1125 1278 1206 1322 παι-

202 1352 336 1433 δεύσιος
349 1360 408 1441 τῆς
421 1355 649 1439 ἐπεπαίδευτο,
661 1353 774 1421 ἐποίεέ
779 1378 816 1422 τε
825 1358 974 1423 τοιούτω·
997 1344 1073 1422 εύτε
1083 1348 1203 1439 ἀγάγοι

80 1496 82 1502 ·
201 1451 264 1542 τὴν
279 1449 438 1541 στρατιὴν
452 1449 515 1541 τὴν
527 1454 697 1523 Σκυθέων
713 1453 748 1532 ἐς
758 1448 796 1520 τὸ
810 1454 1105 1538 Βορυσθενειτέων
1119 1446 1204 1518 άστυ

202 1559 253 1645 (οί
264 1556 301 1623 δὲ
313 1556 580 1642 Βορυσθενεῗται
594 1543 689 1622 οὗτοι
703 1554 840 1639 λέγουσι
860 1554 964 1638 σφέας
978 1545 1102 1630 αύτούς
1117 1546 1203 1617 εἶναι

201 1660 425 1741 Μιλησίους),
443 1654 476 1734 ἐς
489 1650 630 1731 τούτους
647 1676 734 1731 οκως
752 1646 876 1719 ἔλθοι’
861 1676 879 1717 ο
891 1647 1044 1738 Σκύλης,
1064 1673 1127 1736 την
1140 1646 1203 1734 μὲν

203 1750 362 1843 στρατιην
375 1759 612 1824 καταλείπεσκε
626 1752 663 1820 ἐν
676 1776 723 1842 τω
708 1756 940 1840 προαστείῳ,
958 1744 1058 1828 αύτὸς
1068 1743 1136 1816 δε”
1115 1771 1203 1825 οκως

202 1858 297 1923 ἔλθοι
312 1850 396 1932 ἐς
360 1878 398 1921 το
413 1866 518 1939 τελχος
531 1847 634 1921 καί
596 1877 656 1932 τας
666 1819 775 1930 πύλας
789 1852 989 1938 ἐγκληίσειε,
1006 1873 1068 1936 την
1079 1841 1202 1933 στολην

202 1943 1201 2040 ἀποθέμενοςτηνΣκυθικηνλάβεσκεάνἙλληνίδαέσθῆτα,

201 2054 286 2137 ἔχων
301 2044 372 2117 δ”
350 2077 395 2118 αν
410 2049 537 2138 ταύτην
556 2046 756 2138 ἠγόραζε”
713 2073 791 2119 οντε
810 2044 1015 2136 δορυφόρων
1029 2045 1201 2133 ἑπομένων

201 2146 279 2217 οὔτε
295 2145 401 2218 άλλου
422 2146 656 2240 ούδενός’(τάς
675 2147 712 2217 δὲ
732 2147 840 2228 πύλας
860 2146 1069 2235 ἐφύλασσον,
1090 2143 1137 2234 μή
1153 2150 1201 2222 τίς

200 2271 260 2333 μιν
270 2248 440 2314 Σκυθέων
451 2250 518 2317 ίδοι
529 2252 646 2336 ἔχοντα
656 2273 783 2334 ταυτην
792 2271 855 2336 την
866 2237 1201 2336 στολην),καδταλλα

200 2345 317 2431 ἐχρᾶτο
332 2341 460 2432 διαίτη
456 2352 642 2435 Ελληνικῇ,
659 2346 715 2414 καί
728 2355 840 2414 θεοῖσι
850 2341 906 2431 ίρδ
921 2346 1028 2413 ἐποίεε
1042 2339 1126 2412 κατά
1140 2339 1202 2411 νύ·

184 2468 284 2529 ,μους
308 2440 388 2523 τούς
402 2440 580 2532 Ἑλλήνων
615 2434 728 2515 ὅτεδὲ
736 2448 931 2533 διατρίψειε
951 2468 1040 2531 μηνα
1060 2435 1200 2528 ηπλέον

199 2537 339 2627 τούτου,
371 2535 600 2619 ἀπαλλάσσετο
635 2541 734 2624 ἐνδύς
764 2568 827 2631 την
853 2537 1035 2629 Σκυθικην
1066 2538 1198 2626 στολήν.

199 2645 304 2709 ταῦτα
318 2644 471 2711 ποιέεσκε
490 2642 667 2733 πολλάκις,
689 2644 794 2712 καδί
759 2668 779 2712 ο
780 2648 848 2713 ίκία
867 2668 903 2712 τε
918 2644 1066 2728 ἐδείματο
1081 2638 1119 2706 ἐν
1131 2644 1200 2706 Βο-

151 2756 185 2815 79
201 2741 364 2827 ρυσθένελ
371 2742 427 2810 καί
435 2757 581 2829 γυναῖκα
593 2747 694 2832 ἔγημε
704 2739 791 2823 ἐς
749 2767 834 2811 αντα
822 2738 1044 2864 ἐπιχωρίην
1071 2730 1165 2805 Ἐπεί
1166 2759 1200 2802 τε

198 2840 372 2910 δέἐδεέ
339 2845 372 2910 οί
384 2849 494 2922 κακῶς
507 2843 685 2930 γενέσθαι,
701 2838 866 2931 ἐγίνετο’
847 2837 912 2910 απὸ
928 2836 1117 2928 προφάσιος
1129 2858 1201 2903 τοι·

196 2938 296 3024 ησδε·
311 2938 520 3027 ἐπεθύμησε
534 2941 696 3035 Διονύσῳ
714 2947 864 3032 Βακχείῳ
883 2944 1100 3026 τελεσθηναι·
1120 2937 1200 3058 μέλ-

197 3044 292 3106 λοντι
302 3039 342 3105 δέ
350 3042 385 3107 οί
397 3040 431 3118 ἐς
439 3052 550 3128 χείρας
560 3038 704 3129 ἄγεσθαι
714 3067 778 3130 την
787 3037 922 3130 τελετην
938 3042 1069 3129 ἐγένετο
1084 3035 1200 3124 φάσμα
1287 3090 1288 3093 ¹

199 3129 417 3258 μέγιστον.
393 3163 438 3225 ην
455 3163 473 3206 ο
474 3141 538 3208 ίέυ
553 3145 850 3230 Βορυσθενεϊτέων
868 3168 909 3232 τη
894 3142 1004 3223 πόλι
1021 3144 1125 3226 οίκίης
1140 3161 1200 3223 με·

198 3232 303 3326 γάλης
319 3238 375 3306 καί
388 3242 586 3320 πολυτελέος
599 3240 779 3332 περιβολη,
800 3267 862 3329 της
869 3243 924 3312 καὶ
937 3237 1053 3328 ὀλίγον
1066 3263 1098 3306 τι
1114 3232 1200 3325 πρό-

198 3359 297 3433 τερον
320 3333 451 3406 τούτων
466 3337 602 3427 μνήμην
626 3337 790 3429 είχυν,
753 3366 815 3428 την
834 3343 929 3428 πέριξ
951 3343 1077 3408 λευκοῦ
1097 3340 1201 3405 λίθου
1285 3394 1286 3421 ,

199 3438 338 3523 θφίλίῑέ
351 3436 457 3507 τεκαὶ
470 3443 596 3527 γρῦπες
610 3440 769 3547 ἕστασαν
791 3441 825 3521 ἐς
843 3438 970 3529 ταύτην
991 3433 1010 3507 ὁ
1030 3430 1113 3520 θεὸς
1127 3433 1201 3507 ἐνέ-
