2536 3934
201 279 243 345 14
400 369 403 375 Ι
529 247 827 343 Ὓιιιιιιοοοει

201 444 419 532 στραμμόνων
440 441 478 511 δὲ
499 444 630 512 τούτων
644 447 700 513 καὶ
719 443 1037 532 προσεπικτωμένου
1050 448 1201 532 Κροίσου

103 632 105 637 Ι
200 546 367 633 Λνδοϊσι,1
384 541 599 613 ἀπικνέονται
624 548 657 624 ἐς
676 544 805 632 Σάρδις
828 540 1037 630 ἀκμαζούσας
1063 544 1206 635 πλούτῳ*
1246 618 1248 623 ,

199 647 294 717 ἀλλοι
308 672 345 713 τε
361 650 396 714 οί
407 643 528 725 πάντες
542 649 580 714 ἐκ
593 644 817 733 τήςἙλλάδος
831 645 1002 734 σοφισταί,
1024 652 1059 714 οἳ
1075 651 1200 714 τοῦτον
1246 636 1248 639 ’

198 743 259 813 τόν
278 744 402 831 χρόνον
424 744 606 832 ἐτύγχανον
626 743 753 830 ἐόντες,
775 741 819 823 ὡς
839 743 976 823 ἕκαστος
989 741 1102 812 αὐτῶν
1117 738 1201 811 ἀπι-
1248 758 1249 827 λ

199 846 345 929 κνίοιτο,
360 844 416 910 καί
431 839 472 929 δή
487 844 543 910 καὶ
555 844 678 911 Σόλων
692 838 778 931 ἀνήρ
789 838 975 928 Ἀθηναῖος,
992 839 1028 920 ὃς
1039 839 1201 930 Ἀθηναί-
1248 834 1249 839 “

199 961 266 1011 οισι
285 940 412 1027 νόμους
432 942 609 1009 κελεύσασι
631 941 773 1028 ποιήσας
795 936 985 1028 ἀπεδήμησε
1010 945 1084 1008 ἔτεα
1105 941 1199 1026 δέκα,

199 1033 283 1106 κατά
296 1043 441 1122 θεωρίης
455 1037 628 1125 πρόφασιν
644 1041 831 1125 ἐκπλιισας,
848 1042 906 1106 ἵνα
921 1036 961 1128 δή
976 1036 1023 1127 μή
1037 1063 1113 1106 τινα
1128 1043 1201 1106 τῶν

199 1135 314 1222 νόμων
328 1131 526 1223 ἀναγκασθῇ
537 1141 636 1204 λύσαι
645 1142 714 1203 τῶν
731 1141 836 1205 ἐθετο.
865 1134 960 1205 αύτολ
975 1134 1041 1225 γάρ
1055 1132 1118 1204 ούκ
1131 1132 1204 1204 οἷοί
1250 1174 1251 1225 3

198 1265 235 1307 τε
248 1228 336 1324 ήσαυ
349 1232 430 1301 αὐτό
445 1241 581 1322 ποιήσαι
591 1233 780 1323 Ἆθηναίοι·
796 1233 937 1324 ὁρκίοισι
947 1233 1012 1322 γὰρ
1023 1235 1196 1321 μεγάλοισι

199 1341 387 1420 κατείχοντο
411 1333 491 1401 δέκα
505 1338 579 1401 ἔτεα
598 1332 782 1421 χρήσεσθαι
802 1332 951 1420 νόμοισι,
972 1330 1051 1411 τούς
1071 1332 1114 1401 ἀν
1135 1352 1199 1419 σφι

156 1434 322 1506 δοΣόλων
341 1436 452 1518 θήται.
489 1429 611 1500 Αύτῶν
635 1429 677 1518 δή
700 1423 748 1499 όν
770 1431 900 1500 τούτων
913 1434 1038 1521 καὶτῆς
1052 1438 1202 1519 θεωρίης
1251 1466 1252 1469 “

201 1529 386 1620 ἐκδημήσας
400 1527 418 1599 ὁ
434 1529 556 1599 Σόλων
578 1534 706 1599 εἵνεκεν
721 1535 754 1610 ἐς
767 1540 941 1619 Αίγυπτου
958 1527 1091 1600 ἀπίκετο
1105 1526 1198 1615 παρὰ

191 1631 333 1718 ’Ἆμασιν
346 1632 401 1698 καί
421 1626 462 1718 δή
477 1633 533 1698 καὶ
547 1632 580 1709 ἐς
594 1630 722 1715 Σάρδις
741 1630 831 1721 παρὰ
845 1640 1002 1720 Κροίσου.
1034 1626 1194 1715 ἀπικόμε-

199 1757 258 1809 νος
272 1727 309 1797 δὲ
323 1730 490 1809 ἐξεινίζετο
508 1731 546 1796 ἐν
558 1742 644 1797 τοίσι
659 1736 859 1818 βασιληίοισι
872 1727 938 1798 ὑπὸ
953 1736 1014 1798 τοῦ
1028 1724 1195 1817 Κροίσου·

200 1823 281 1915 μετά
296 1824 348 1911 δὲ,
368 1821 475 1914 ήμέρη
491 1832 584 1916 τρίτη
598 1821 620 1914 ή
634 1826 790 1916 τετάρτη,
811 1826 1030 1905 κελεύσαντος
1044 1830 1199 1911 Κροίσου

199 1926 260 1996 τόν
270 1925 413 1995 Σόλωνα
423 1926 629 2013 θεράποντες
637 1933 797 2014 περιήγου
806 1924 889 1995 κατὰ
900 1924 979 2007 τούς
989 1930 1196 2015 θησαυρούς,

200 2029 256 2094 καί
279 2029 515 2094 ἐπεδείκνυσαν
539 2025 649 2094 πάντα
674 2024 773 2093 ἐόντα
797 2024 924 2112 μεγόλα
947 2050 984 2093 τε
1008 2021 1195 2119 καίκὸλβια.

200 2124 416 2213 θηησάμευον
441 2127 481 2192 δέ
496 2152 556 2211 μιν
574 2123 616 2194 τὰ
636 2126 745 2194 πάντα
764 2126 819 2193 καὶ
840 2124 1068 2210 σκεψόμενον,
1097 2117 1142 2199 ἀς
1163 2126 1202 2189 οἱ

200 2220 283 2293 κατὰ
304 2219 425 2308 καιρόν
445 2213 508 2310 ήυ,
532 2232 638 2312 είρετο
659 2221 839 2308 δΚροίσος
852 2221 948 2289 τάδε·
979 2225 1075 2298 ,Ξείνε
1091 2216 1195 2303 ’Λθηη

200 2335 290 2406 ναῖε,
307 2317 381 2405 παρ’
395 2314 498 2406 ήμέας
510 2317 575 2407 γὰρ
592 2323 667 2405 περὶ
681 2321 736 2387 σέο
750 2319 849 2405 λόγος
859 2315 992 2386 ἀπῖκται
1003 2309 1125 2393 πολλός
1138 2318 1198 2383 καὶ

201 2424 319 2504 σοφίης
333 2420 460 2486 εἵνεκεν
472 2424 529 2504 τής
545 2424 605 2506 σῆς
619 2420 674 2487 καὶ
687 2416 831 2504 πλάνης,
847 2412 892 2495 ὡς
905 2414 1118 2502 φιλοσοφίαν
1129 2421 1197 2501 γήν

92 2550 96 2557 ·
201 2512 328 2602 πολλήν
347 2520 492 2601 θεωρίης
513 2517 641 2585 εἵνεκεν
665 2514 890 2604 ἐπελήλυθας·
922 2518 989 2581 νῦν
1009 2504 1059 2582 ἀν
1080 2513 1195 2600 ἵμερος

201 2618 395 2702 ἐπείρεσθαί
402 2639 458 2701 μοι
470 2616 605 2702 ἐπῆλθε,
621 2624 655 2684 εί
660 2640 734 2687 τινα
744 2613 807 2702 ήδη
822 2613 959 2682 πόντων
973 2611 1056 2693 είδες
1072 2607 1195 2700 ὀλβιό-

199 2737 315 2781 τατον·
349 2709 385 2778 ‘0
410 2710 472 2797 μὲν
498 2715 636 2794 ἐλπίζων
668 2710 752 2781 εἶναι
778 2708 972 2800 ἀνθρώπων
997 2708 1195 2800 όλβιοότατος

199 2816 303 2878 ταῦτα
318 2807 499 2900 ἐπειρότα,
523 2809 646 2879 Σόλων
660 2808 697 2879 δὲ
710 2806 810 2878 οὐδὲν
824 2807 1088 2895 ὑποθωπεύσας,
1109 2804 1194 2876 ἀλλά

199 2912 246 2997 τῷ
263 2905 352 2974 ἐόντι
366 2906 571 2993 χρησόμενος
585 2911 690 2995 λέγει·
717 2900 757 2976 Ὦ
772 2914 927 2997 βασιλεύ,
952 2909 1076 2975 Τέλλον
1092 2901 1195 2992 Ἀθη-

200 3015 306 3073 υαίον.
355 2998 596 3092 Ἀποθωμάσας
610 3004 648 3075 δὲ
660 3013 804 3095 Κροῖσος
817 3003 855 3074 τό
871 3002 990 3091 λεχθὲν
1001 3011 1105 3091 είρετο
1121 3002 1196 3070 ἐπι-

201 3104 383 3193 στρεφέως·
419 3106 504 3192 Κοίη
525 3101 565 3190 δή
587 3110 712 3193 κρίνεις
731 3108 856 3174 Τέλλον
872 3101 957 3170 εἶναι
974 3096 1195 3190 όλβιύτατονς

195 3200 232 3271 ‘0
257 3199 294 3270 δὲ
320 3197 405 3269 εἷπε·
438 3202 548 3291 Τίλλφ
572 3208 670 3270 τοῦτο
692 3201 755 3290 μὲν
774 3207 832 3288 τής
854 3198 969 3277 πόλιος
989 3189 1030 3266 εὖ
1048 3193 1197 3286 ἡκούσης

201 3302 314 3376 παῖδες
327 3290 415 3385 ήσαν
428 3305 527 3367 καλοί
536 3326 572 3370 τε
585 3299 740 3390 κάγαθοί,
756 3306 815 3370 καί
825 3317 886 3387 σφι
900 3292 966 3369 είδε
980 3295 1083 3368 ἀπασι
1095 3299 1197 3368 τέκνα

202 3394 402 3482 ἐκγενόμενα
415 3397 470 3463 καί
485 3397 594 3465 πάντα
607 3405 867 3487 παραμείναντα,
881 3402 979 3466 τούτο
994 3395 1032 3465 δὲ
1045 3400 1107 3464 τού
1115 3400 1198 3484 βίου

202 3486 241 3569 εὖ
255 3490 386 3583 ήκοντι,
408 3489 453 3574 ἀς
465 3490 506 3560 τὰ
521 3490 595 3585 παρ’
610 3491 708 3583 ἡμῖν,
718 3494 863 3587 τελευτή
877 3499 938 3563 τοῦ
951 3498 1029 3582 βίον
1043 3499 1198 3581 λαμπρο-
