2606 3920
200 234 262 297 280
576 238 826 295 HERODOTI

200 402 314 464 σιάται
336 403 430 481 σφίσι
450 396 627 482 γενόμενοι
648 395 873 481 ἐπεβούλευον
890 395 1044 462 θάνατον
1061 394 1215 479 Στράττι

201 499 246 581 τῷ
260 499 346 561 Χίου
360 493 535 585 τυράννῳ,
557 492 667 571 ἐόντες
682 489 789 578 ἀρχήν
803 493 902 560 ἑπτά·
932 490 1214 580 ἐπιβουλεύοντες

202 591 239 658 δὲ
260 589 305 670 ὡς
328 595 469 679 φανεροὶ
493 595 647 678 ἐγένοντο
671 593 894 671 ἐξενείκαντος
916 590 978 678 τήν
1004 597 1213 679 ἐπιχείρησιν

203 687 278 767 ἑνός
292 695 360 757 τάν
374 689 596 776 μετεχόντων,
618 687 707 756 οῦτω
722 688 762 776 δή
783 696 817 758 οί
829 694 940 759 λοιποὶ
960 695 993 772 ἐξ
1014 691 1128 770 ἐόντες
1142 689 1211 759 ῦπ-

204 789 335 871 εξέσχον
351 790 387 855 ἐκ
400 794 457 874 τῆς
474 796 577 873 Χίου,
593 789 648 855 καὶ
659 790 692 867 ές
702 790 864 877 Σπάρτην
874 816 910 858 τε
924 789 1084 859 ἀπίκοντο
1099 793 1157 858 καὶ
1169 787 1209 876 δή

203 891 257 955 καλ
271 885 345 955 τότε
362 890 395 965 ἐς
414 886 476 974 τήν
489 898 651 975 Αίχιναν,
672 895 740 956 τῶν
749 888 918 977 Ἑλλήνων
932 891 1088 976 δεόμενοι
1105 916 1209 959 κατα-

202 992 332 1055 πλῶσαι
343 988 376 1066 ἐς
386 985 447 1074 τήν
459 985 604 1074 Ἰωνίην·
621 994 655 1055 οἳ
663 989 859 1075 προήγαγον
869 987 993 1068 αύτούς
1003 989 1103 1075 μόγις
1113 992 1210 1076 μέχρι
1277 1060 1278 1085 z

203 1091 330 1177 Δήλου.
354 1088 391 1156 τό
406 1088 472 1176 γάρ
487 1095 688 1178 προσωτέρω
703 1098 771 1157 πᾶν
787 1088 902 1158 δεινὸν
918 1084 962 1178 ήν
978 1103 1064 1158 τοίσι
1071 1088 1210 1174 Ἕλλησι
1277 1094 1278 1121 ³

203 1187 281 1257 οῦτε
301 1194 369 1256 τῶν
389 1187 507 1274 χοίρων
531 1191 623 1257 ἐοῦσι
644 1190 844 1275 ἐμπείροισι,
869 1195 1022 1275 στρατιῆς
1042 1213 1077 1255 τε
1097 1186 1209 1255 πάντα
1277 1182 1278 1187 ’

204 1292 286 1355 πλέα
295 1286 407 1355 ἐδόκεε
415 1285 514 1354 εἶναι·
529 1284 760 1373 τήνδέΣάμον
770 1283 946 1373 ήπισπέατο
956 1284 1210 1374 δόξχκαλἩρα-

204 1386 301 1464 πλέοις
322 1385 442 1472 στήλας
458 1394 533 1453 ἴσον
548 1383 691 1470 ἀπέχειν.
725 1390 904 1452 συνέπιπτε
920 1383 956 1452 δὲ
976 1389 1108 1452 τοιοῦτο
1124 1381 1209 1449 άσπε

204 1479 283 1559 τοῦς
294 1484 356 1566 μέν
366 1482 559 1570 βαρβάρους
568 1480 605 1549 τό
619 1480 703 1569 πρός
714 1484 852 1569 ἑσπέρης
861 1479 1019 1567 ἀνωτέρω
1029 1481 1152 1566 Σάμου
1163 1478 1207 1564 μή

205 1584 331 1663 τολμᾶν
345 1585 558 1646 καταπλῶσαι
575 1579 889 1667 καταρρωδηκότας,
906 1577 985 1657 τοῦς
999 1581 1035 1646 δὲ
1046 1577 1210 1665 Ἕλληνας

204 1678 406 1764 χρηίζόντων
416 1684 510 1746 Χίων
524 1677 560 1747 τό
573 1678 656 1767 πρὸς
671 1680 733 1767 τήν
745 1678 794 1766 ήά
809 1682 982 1763 κατωτέρω
997 1679 1125 1765 Δήλου.
1148 1676 1208 1746 οῦ-
1277 1688 1278 1737 ι

139 1792 188 1846 133
205 1802 251 1844 τω
266 1779 339 1855 δέος
355 1775 392 1844 τό
405 1781 507 1863 μέσον
525 1778 695 1863 ἐφύλασσέ
705 1801 829 1865 σφεων.
862 1782 906 1846 Oi
917 1780 979 1864 μὲν
994 1774 1034 1863 δή
1050 1773 1207 1861 Ἕλληνες

207 1882 337 1945 ἔπλωον
349 1879 382 1955 ἐς
392 1874 453 1963 τήν
463 1885 589 1963 Δήλον,
604 1877 801 1960 Μαρδόνιος
815 1877 851 1944 δέ
862 1879 937 1958 περὶ
948 1873 1009 1961 τήν
1020 1879 1206 1959 Θεσσαλίην
1277 1914 1279 1967 3

207 1979 358 2061 ἐχείμαζε.
386 1980 547 2043 ἐνθεῦτεν
562 1976 597 2043 δέ
615 1970 819 2062 ὁρμεόμενος
834 1979 958 2059 ἔπεμπε
975 1970 1057 2040 κατά
1072 1971 1112 2039 τά
1127 1998 1208 2059 χρη·
1270 1984 1273 1995 “

207 2073 325 2161 στήρια
339 2072 447 2159 ἀνδρα
463 2073 628 2160 Εὐρωπέα
644 2076 758 2161 μένος,
772 2080 818 2164 τῷ
834 2073 962 2161 οῦνομα
976 2068 1020 2161 ήν
1034 2081 1131 2160 Μῦς,
1154 2077 1209 2142 ἐν·

206 2172 399 2257 τειλάμενος
413 2180 561 2261 πανταχῇ
578 2200 637 2260 μιν
650 2174 859 2260 χρησόμενον
874 2176 1002 2259 ἐλθεῖν,
1020 2180 1088 2241 νῦν
1104 2169 1159 2240 οἷά
1174 2199 1209 2240 τε

204 2263 249 2355 ήν
264 2288 324 2356 σφι
339 2267 638 2359 ἀποπειρήσασθαι.
669 2272 689 2340 ὅ
702 2300 733 2340 τι
748 2277 810 2360 μὲν
824 2274 1031 2361 βουλόμενος
1047 2276 1210 2361 ἐκμαθεῖν
1277 2330 1278 2339 ,

206 2370 290 2456 πρός
299 2377 368 2439 νῦν
377 2379 585 2459 χρηστηρίων
594 2380 698 2441 ταῦτα
709 2375 903 2460 ἐνετέλλετο,
915 2372 977 2442 οῦκ
988 2380 1051 2460 έχω
1063 2373 1209 2460 φράσαι·
1277 2366 1278 2427 3

207 2467 248 2536 ού
263 2467 328 2556 γάρ
342 2462 390 2537 τόν
402 2472 546 2555 λέγεται·
569 2473 675 2540 δοκέω
686 2468 718 2538 δ’
733 2477 837 2559 ἐγωχε
847 2475 922 2559 περὶ
933 2479 1001 2539 τῶν
1012 2470 1210 2560 παρεόντων
1277 2494 1278 2505 ’

141 2581 190 2637 134
205 2567 409 2659 πρηγμάτων
421 2573 475 2639 καὶ
486 2567 549 2640 οῦκ
563 2569 675 2640 ἀλλων
685 2573 762 2660 πέρι
772 2575 908 2659 πέμψαι.
932 2564 1069 2650 Οὗτοςδ
1083 2576 1164 2648 Μῦς
1176 2576 1210 2649 ές

206 2699 242 2742 τε
251 2671 438 2760 Λεβάδειαν
449 2680 602 2758 φαίνεται
613 2670 815 2759 ἀπικόμενος
827 2674 882 2740 καὶ
893 2677 1004 2761 μισθῷ
1015 2674 1130 2748 πείσας
1140 2676 1209 2736 τῶν

207 2778 391 2860 ἐπιχωρίων
413 2769 521 2860 ἀνδρα
543 2780 727 2861 καταβῆναι
749 2768 838 2858 παρά
863 2768 1078 2858 Τροφώνιον,
1101 2769 1157 2836 καὶ
1176 2771 1210 2847 ἐς

212 2870 309 2958 Ἄβας
319 2867 378 2949 τάς
389 2872 535 2940 Φωκέων
546 2868 748 2958 ἀπικόμενος
758 2873 811 2940 ἐπὶ
821 2868 857 2938 τό
869 2869 1077 2957 χρηστήριον.
1101 2870 1156 2935 καλ
1167 2865 1207 2951 δή
1277 2902 1278 2953 3

207 2970 261 3037 καὶ
278 2970 311 3046 ές
325 2967 438 3057 Θήβας
453 2977 566 3056 πρῶτα
582 2967 625 3049 τός
640 2967 792 3054 ἀπίκετο,
807 2975 905 3037 τοῦτο
920 2969 982 3055 μὲν
996 2974 1042 3059 τῷ
1058 2965 1208 3053 Ἰσμηνίῳ

202 3063 386 3137 Ἀπόλλωνι
398 3067 556 3155 ἐχρήσατο
564 3073 648 3157 (ἐστι
660 3069 707 3155 δὲ,
715 3068 798 3137 κατά
809 3094 872 3155 περ
883 3071 920 3135 ἐν
928 3065 1070 3154 Ὀλυμπί
1091 3069 1209 3152 ,ἱροῖσι
1277 3090 1278 3117 ι

207 3164 330 3234 αύτόθι
348 3167 678 3253 χρηστηριάζεσθαι),
700 3168 850 3235 τοῦτοδὲ
869 3165 979 3246 ξεῖνόν
1000 3192 1075 3232 τινα
1092 3156 1147 3231 icat
1167 3161 1208 3232 οῦ

208 3273 357 3351 Θηβαίου
367 3262 511 3350 χρήμασι
521 3271 636 3342 πείσας
647 3271 864 3353 κατεκοίμησε
875 3266 908 3343 ἐς
920 3262 1118 3350 Ἀμφιάρεω.
1140 3271 1208 3346 Θη-

206 3369 313 3450 βαίων
331 3363 367 3428 δέ
388 3357 502 3428 οῦδενλ
525 3366 628 3443 ἔξεστι
651 3364 879 3450 μαντεύεσθαι
899 3359 1022 3429 αῦτόθι
1044 3359 1099 3427 διά
1117 3358 1206 3426 τόδε·
1277 3378 1278 3405 ¹

206 3462 362 3529 ἐκέλευσέ
367 3477 470 3541 σφεας
482 3457 499 3527 δ
513 3460 719 3548 Ἀμφιάρεως
731 3460 786 3529 διά
793 3466 1002 3547 χρηστηρίων
1013 3455 1208 3541 ποιεύμενος
1277 3488 1278 3525 ι
