2562 3926
207 247 269 317 196
472 340 480 359 ⁸
563 248 840 316 'HERODOTI

208 433 283 500 δεον
287 478 298 514 ,
312 422 471 517 ἆμαρτεδν
482 428 544 495 τού
557 420 705 518 ἀριθμοῦ
718 426 841 495 ἕνδεκα
854 420 1011 499 δυόδεκα
1024 423 1127 490 έοῦσι.
1156 420 1212 489 έν·

206 534 320 602 θαῦτα
346 524 391 610 ὥς
416 525 479 601 οόκ
506 527 575 617 εἶχε
593 523 768 618 φιόληυ
752 556 771 599 ο
797 533 932 616 έσχατος
959 520 1079 604 έστεοδς
1099 518 1213 592 αὐτῶν

210 634 493 725 Ψαμμήτιχος,
510 630 746 733 περιελόμενος
765 628 830 723 τήν
846 630 973 720 κυνέην
990 630 1113 699 έοῦσαν
1132 634 1213 714 χαλ-

206 742 288 862 κέην
311 735 436 826 ὑπέσχε
456 761 494 806 τε
520 738 576 806 καὶ
604 739 751 806 ἔσπενδε.
784 738 907 815 κυνέας
932 733 970 804 δδ
990 738 1046 803 καλ
1067 736 1102 801 oc
1115 729 1211 800 ἄλλοι

108 874 113 883 ·
206 839 351 929 ἅπαντες
365 835 511 927 ἐφόρεόν
526 862 562 905 τε
581 840 731 924 βασιλέες
746 862 787 904 κα
788 835 1004 921 ίέτύγχανον
1023 830 1099 903 τότε
1114 836 1210 951 έχον-

205 966 267 1022 τες.
304 935 521 1028 Ψαμμήτιχος
541 939 605 1024 μέν
624 960 691 1003 νυν
711 932 825 1005 οὐδενί
841 939 968 1026 δολερφ
982 933 1051 1025 νόφ
1072 931 1212 1057 χρεόμε-

204 1066 264 1120 νος
277 1036 455 1125 ὑπέσχε
419 1065 482 1127 την
498 1041 697 1125 κυνέην,οί
717 1037 811 1106 δὲέν
832 1038 932 1125 φρενί
946 1034 1105 1126 λαβόντες
1117 1033 1157 1104 τό
1171 1060 1211 1104 τε

205 1135 351 1225 ποιηθέν
365 1139 569 1222 έκΨαμμητί
567 1160 629 1221 χου
640 1130 747 1203 καὶ
712 1161 749 1203 το
764 1134 982 1224 χρηστήριον,
999 1161 1062 1203 οτι
1076 1136 1212 1253 ἐκέχρη·

205 1235 267 1306 στό
288 1254 367 1322 σφι,
393 1232 454 1303 τόν
477 1238 599 1323 χαλκέῃ
621 1239 802 1303 σπείσαντα
828 1231 941 1302 αὐτῶν
964 1234 1070 1325 φιάλη
1089 1237 1210 1302 τοῦτον

205 1337 342 1425 βασιλέα
358 1339 495 1404 ἔσεσθαι
512 1339 642 1421 μοῦνον
655 1333 842 1421 Αἰγύπτου,
864 1330 1135 1421 ἀναμνησθέντες
1148 1336 1212 1398 τού

113 1470 124 1483 ⁴
204 1439 355 1523 χρησμοῦ
375 1445 502 1503 κτείνοι
521 1434 585 1521 μέν
603 1428 667 1501 ούκ
687 1435 887 1502 ἐδικαίωσαν
905 1428 1141 1520 Ψαμμήτιχον,
1165 1425 1212 1511 ὥς

205 1530 410 1620 ἀνεύρισκον
429 1537 663 1620 βασανίζοντες
689 1534 722 1613 ἐξ
748 1530 907 1621 οὐδεμιῆς
925 1540 1084 1621 προνοίης
1104 1528 1212 1600 αὐτόν

205 1632 408 1720 ποιήσαντα,
431 1633 464 1713 ές
485 1634 522 1702 δὲ
535 1629 576 1700 τοὶ
598 1634 674 1702 ἕλεα
688 1635 783 1714 ἔδοξέ
793 1652 855 1720 σφι
872 1637 986 1713 διῶξαι
1001 1629 1213 1713 ψιλώσαντας

204 1730 244 1802 τδ
260 1740 397 1800 πλεῖστα
409 1737 468 1819 τής
485 1731 664 1821 δύναμιος,
687 1734 724 1801 ἐκ
741 1733 778 1801 δὲ
794 1739 862 1802 τῶν
880 1733 982 1801 ἑλέειν
1002 1729 1213 1820 δρμεόμενον

141 1849 189 1905 15²
204 1827 248 1922 μή
265 1832 499 1918 ἐπιμίσγεσθαι
512 1838 553 1921 τῇ
568 1830 653 1921 ἄλλη
663 1833 833 1925 Αἰγύπτῳ.
870 1830 939 1901 Τόν
950 1830 1213 1919 δὲΨαμμήτιχον

204 1935 327 2000 τοῦτον
347 1928 514 2019 πρότερον
530 1930 702 2019 φεύγοντα
722 1928 784 2000 τδν
800 1935 952 2000 Αἰθίοπα
965 1930 1150 2019 Σαβακδν,
1172 1925 1214 2007 ός
1273 1930 1274 1941 ’

206 2033 242 2100 οί
253 2026 315 2098 τόν
328 2031 454 2117 πατέρα
466 2026 591 2099 Νεκεδυ
605 2027 795 2119 ἀπέκτεινε,
817 2036 938 2099 τοῦτον
952 2029 1122 2154 φεύγρντα
1135 2026 1214 2097 τότε

206 2132 240 2209 ές
254 2123 448 2217 Συρίην,“
426 2153 471 2208 εις
492 2126 691 2218 ἀπηλλάχθη
710 2131 747 2199 ἐκ
767 2135 825 2217 τῆς
842 2126 938 2213 ὄψιος
959 2155 1019 2198 του
1004 2124 1171 2215 ὀνείρου
1192 2122 1211 2195 ὁ

205 2231 352 2314 Λίθίοψ,
367 2225 560 2316 κατήγαγον
569 2238 603 2297 A
602 2235 765 2318 ίγυπτίων
779 2221 891 2317 οὗτοι,
914 2229 993 2297 οθέκ
1007 2253 1139 2322 νομου
1099 2230 1216 2295 Σαΐ-

204 2322 270 2394 τιύ
292 2328 364 2392 είσι.
398 2322 540 2410 μετὰδέ
564 2327 787 2415 βασιλεύοντα
801 2322 840 2395 τδ
862 2324 1021 2415 δεύτερον
1035 2321 1120 2414 πρός
1142 2349 1215 2392 τιον
1271 2400 1272 2417 2

206 2425 326 2492 ἕνδεκα
336 2427 502 2509 βασιλέων
516 2426 764 2514 καταλαμβάνει
776 2451 836 2513 μιν
847 2421 951 2545 δορὶ
915 2451 976 2512 την
987 2427 1113 2511 κυνέην
1125 2424 1211 2512 φεύ-

205 2545 280 2611 γειν
300 2516 391 2598 ές
353 2545 395 2587 τα
416 2523 500 2591 ἕλεα.
535 2515 802 2611 έπιστοίμενος
773 2549 840 2611 οιν,
869 2519 914 2604 εἰς
932 2523 1215 2613 περιυβρισμένος

207 2624 258 2706 είη
290 2613 374 2707 πρὸς
401 2614 532 2707 αὐτῶν,
565 2621 700 2690 ἐπενόεε
728 2628 888 2691 τίσασθαι
912 2619 991 2701 τούς
1019 2621 1212 2704 διεόξαντας
1270 2614 1271 2657 ³

205 2716 372 2802 πέμψαντι
393 2716 435 2785 ’δέ
449 2720 484 2788 οί
497 2720 531 2798 ές
543 2725 699 2789 Βουτοῦν
712 2718 813 2788 πόλιν
833 2715 921 2798 ές
885 2744 923 2787 το
938 2720 1139 2808 χρηστήριον
1153 2727 1214 2806 τῆς

205 2822 346 2907 Λητοῦς,
361 2822 448 2889 ένθα
462 2816 504 2910 δή
514 2825 733 2909 Αἰγυπτίοισί
717 2824 813 2893 ίέστι
826 2821 988 2914 μαντήιον
1002 2817 1212 2905 όφευδέστα·
1269 2874 1270 2895 ι

205 2943 279 3006 τον,
304 2912 392 3012 ἦλθε
411 2920 573 3015 χρησμός,
594 2918 639 3006 ὥς
656 2930 742 3007 τίσις
760 2920 868 3016 ἥξετ’
848 2922 915 2998 απὸ
933 2922 1105 3013 θαλάσσης
1129 2931 1213 3012 χαλ·

205 3023 293 3094 κέων
307 3022 444 3115 εἰυδροιν
464 3029 707 3118 ἐπιφανέντων.
735 3031 792 3101 καί
804 3057 850 3125 τοι
836 3028 926 3120 μέν
940 3025 982 3119 δή
1002 3023 1138 3114 ἀπιστίη
1151 3051 1214 3114 με·
1268 3118 1269 3125 ρ

205 3124 290 3217 γύλη
306 3123 493 3217 υπεκέχυτο
511 3134 672 3220 χαλκέους
691 3135 727 3202 οί
743 3129 870 3226 ἄνδρας
889 3128 982 3223 ηξειν
1000 3128 1213 3220 ἐπικούρους,

204 3227 329 3322 χρόνου
356 3227 459 3301 δὲ’
420 3258 462 3303 ου
486 3239 614 3306 πολλοῦ
641 3234 837 3318 διελθόντος
862 3232 1028 3327 δναγκαίη
1049 3233 1215 3321 κατέλαβε

195 3331 316 3419 Ἰονός
334 3361 372 3406 τε
390 3336 448 3405 καὶ
467 3343 583 3428 Κᾶρας
604 3334 731 3430 ανδρας
750 3365 836 3410 κατα
856 3344 956 3430 ληίην
978 3335 1215 3417 έκπλύσαντας
1267 3334 1268 3363 ἢ

205 3435 449 3528 ἀπενειχθῆναι
459 3442 492 3521 ές
501 3451 689 3530 Αἴγυπτον,
704 3439 866 3533 έκβόντας
877 3441 915 3516 δέ
929 3441 1099 3533 έςγήνκαί
1113 3434 1213 3509 ὁπλι-
1266 3526 1267 3537 ¹

206 3540 349 3627 σθέυτας
361 3548 491 3645 χαλκῷ,
511 3539 665 3641 ἀγγέλλει
677 3550 747 3624 τύυ
758 3571 809 3637 τις
821 3546 1020 3639 Αίγυπτίαυ
1034 3545 1068 3633 ές
1079 3539 1120 3619 τδι
1133 3544 1214 3621 έλισ
1266 3560 1267 3601 ¹
