2622 3928
384 255 468 310 ΗΒ.
501 255 536 308 V.
570 253 668 310 CAP.
701 258 842 313 86-90.
1071 255 1112 317 ⁴ss

95 441 188 484 -νεον
204 419 352 498 κιθῶνα,
374 414 432 479 ἵνα
453 407 494 498 δή
519 411 680 500 περόνῃσι
700 407 746 498 μή
767 414 937 498 χρέωνται.
970 412 1062 484 ’Ἐστι
1076 417 1112 485 δὲ
1125 430 1161 486 88

106 511 228 601 ἀληθέι·
240 510 330 603 λόγῳ
350 514 560 598 χρεομένοισι
574 508 637 578 οὐκ
653 507 716 590 Ἰἀς
732 509 817 598 αὕτη
838 508 859 599 ή
875 511 977 601 έσθής
995 513 1032 583 τὸ
1047 540 1114 583 πα-

107 610 220 698 λαιόν,
243 609 327 681 ἀλλά
342 611 488 698 Κάειρα,
510 612 580 678 έπεί
594 607 617 696 ή
629 635 668 696 γε
677 606 851 698 Ἑλληνική
868 610 971 699 έσθής
987 620 1077 681 πᾶσα
1090 611 1110 702 ή

106 713 225 801 ἀρχαίη
239 719 308 781 τῶν
322 719 496 799 γυναικῶν
512 709 534 798 ἡ
555 707 638 797 αάτή
654 703 715 796 ήν,
737 708 799 796 τήν
812 716 879 779 νῦν
894 717 1112 807 Δωρίδαικα-

20 884 23 891 ,
107 819 235 902 λέομεν.
257 826 342 882 τοῖσι
354 812 391 882 δε
401 810 577 900 Ἀργείοισι
588 813 643 879 καί
653 824 738 880 τοῖσι
749 813 947 902 Αίγινήτησι
962 816 1017 882 καί
1028 812 1112 900 πρός

106 919 211 981 ταῦτα
227 917 275 980 ἔτι
297 911 373 981 τόδε
395 917 532 998 ποιήσαι
551 909 658 997 νόμον
678 908 762 978 εἰναι
779 909 870 994 παρά
889 920 984 999 σφίσι
1000 912 1112 981 έκατέ-

108 1033 214 1099 ροισι,
235 1009 293 1091 τάς
312 1006 630 1098 περόναςιήμιολίας
650 1010 824 1077 ποιέεσθαι
844 1016 905 1077 τοῦ
920 1009 999 1079 ,τότε
1014 1036 1112 1079 κατε-

107 1119 247 1190 στεῶτος
261 1114 401 1197 μέτρου,
417 1113 472 1178 καί
487 1111 521 1187 ές
535 1105 572 1176 τό
587 1104 663 1195 ίρόν
676 1113 745 1174 τῶν
758 1114 851 1176 θεῶν
865 1106 996 1177 τούτων
1009 1109 1112 1196 περό-

107 1236 168 1288 νας
181 1209 324 1295 μάλιστα
338 1206 535 1277 ἀνατιθέναι
549 1202 608 1285 τάς
622 1218 800 1293 γυναῖκας,
817 1203 965 1275 Ἀττικόν
979 1207 1015 1276 δὲ
1030 1207 1111 1294 μήτε

107 1337 141 1378 τι
155 1308 236 1379 ἀλλο
250 1309 454 1396 προσφέρειν
470 1302 555 1394 πρός
568 1303 606 1374 τό
621 1303 697 1394 ίρόν
711 1305 792 1393 μήτε
806 1308 963 1393 κέραμον,
981 1305 1054 1376 ἀλλ’
1075 1309 1111 1376 ἐκ

108 1411 274 1495 χυτρίδων
295 1408 479 1493 ἐπιχωρίων
495 1404 603 1491 νόμον
623 1401 660 1471 τὸ
676 1400 797 1472 λοιπόν
817 1401 940 1473 αὐτόθι
955 1402 1040 1474 εἰναι
1055 1414 1112 1474 πί-

109 1530 190 1573 νειν.
232 1501 390 1591 Ἀργείων
404 1504 467 1590 μέν
480 1529 546 1570 νυν
563 1504 619 1570 καὶ
630 1504 840 1587 Αἰγινητέων
853 1507 890 1570 αἰ
902 1517 1058 1588 γυναίκες
1074 1507 1111 1572 ἐκ

104 1605 178 1674 τότε
199 1602 283 1673 ’κατ’
315 1611 388 1692 ἔριν
419 1609 488 1672 τοῖν
524 1602 716 1690 Ἀθηναίων
725 1600 871 1689 περόνας
882 1609 929 1671 ἔτι
941 1605 996 1671 καὶ
1007 1605 1039 1682 ές
1054 1604 1109 1690 ἐμὲ

108 1706 253 1794 ἐφόρεον
268 1700 439 1793 μέζοναςή
454 1701 518 1791 πρό
534 1710 604 1770 τοῦ,

7 1820 8 1825 ’
193 1814 259 1895 Τής
274 1807 310 1875 δέ
328 1812 449 1893 ἔχθρης
462 1811 520 1891 τῆς
534 1799 618 1890 πρὸς
631 1800 813 1888 Αἰγινήτας
830 1797 1036 1887 Ἀθηναίοισι
1051 1826 1108 1885 γε·
1123 1809 1158 1863 89

107 1902 343 1994 νομένηςάρχὴ
354 1904 570 1991 κατάείρηται
581 1903 720 1989 ἐγένετο.
736 1899 811 1969 τότε
822 1897 1028 1988 δήδηβαίων
1039 1903 1111 1969 έπι-

108 2006 321 2089 καλεομένων
331 2001 516 2088 προθύμως
525 2007 593 2069 τάν
602 2001 677 2086 περὶ
687 1996 727 2067 τά
736 1995 910 2084 ἀγόιῑματα
919 1999 1110 2085 γενομένων

108 2097 437 2188 ἀναμιμνησκόμενοι
452 2104 666 2185 οίΑδγινῆται
681 2098 846 2187 ἐβοήθεον
861 2112 946 2166 τοῖσι
952 2106 1111 2167 Βοιωτοί·

108 2221 151 2270 σι.
184 2204 363 2285 Αδγινήταί
370 2222 405 2265 τε
420 2194 460 2283 δή
473 2199 605 2284 ἐδηίουν
614 2203 671 2284 τής
681 2194 827 2284 Ἀττικῆς
837 2193 878 2263 τὰ
890 2193 1110 2281 παραθαλάσ-

107 2319 179 2384 σια,
201 2298 257 2366 καί
272 2292 480 2382 Ἀθηναίοισι
494 2292 725 2382 ὁρμεομένοισι
745 2291 796 2362 ἐπ’
815 2294 996 2381 Αἰγινήτας
1009 2314 1110 2379 στρα-

106 2400 266 2469 τεόεσθαι
280 2389 366 2485 ήίθε
376 2395 540 2484 μαντήιον
551 2398 587 2464 έκ
594 2402 752 2482 Δελφῶν,
766 2394 959 2483 ἐπισχόντας
972 2391 1109 2463 ἀπὸτοῦ
1206 2438 1209 2443 -

105 2500 313 2585 Αἰγινητέων
324 2496 456 2566 ἀδικίου
469 2494 648 2583 τριήκοντα
660 2499 733 2561 ἔτεα
744 2500 789 2584 τῷ
801 2495 850 2562 ἑνὶ
861 2495 916 2562 καί
927 2498 1109 2581 τριηκοστῷ

106 2602 223 2686 Αἰακῷ
238 2597 372 2680 τέμενος
387 2592 611 2673 ἀποδέξαντας
621 2590 783 2678 ἀρχεσθαι
794 2598 854 2659 τοῦ
870 2588 954 2677 πρὸς
967 2590 1110 2677 Αἰγινή-

106 2720 164 2771 τας
178 2695 327 2777 πολέμου
341 2697 400 2759 καί
413 2712 474 2776 σφι
488 2691 653 2778 χωρήσειν
667 2687 707 2758 τά
721 2689 918 2778 βούλονται·
940 2687 984 2777 ήν
995 2688 1032 2757 δὲ
1047 2687 1110 2769 αό-

106 2798 182 2860 τίκα
202 2790 519 2876 ἐπιστρατεύωνται,
541 2787 648 2858 πολλὰ
670 2794 732 2876 μέν
746 2809 850 2875 σφεας
870 2792 966 2878 ἐντῷ
986 2785 1109 2875 μεταξὺ

106 2896 168 2960 τοῦ
182 2888 308 2976 χρόνου
319 2893 505 2976 πείσεσθαι,
516 2885 623 2957 πολλοὶ
639 2889 675 2955 δὲ
687 2889 741 2957 καί
751 2887 915 2975 ποιήσειν,
925 2890 1019 2966 τέλος
1029 2890 1110 2973 μέν·

106 3015 158 3058 τοι
173 2988 469 3074 καταστρέψεσθαι.
491 2993 596 3055 ταῦτα
608 2985 652 3066 ἀς
666 2983 906 3073 ἀπενειχθέντα
916 2984 1067 3074 ήκουσαν
1079 2990 1112 3054 οί

12 3112 15 3137 ³
102 3083 286 3174 Ἀθηναῖοι,
297 3091 343 3176 τῷ
357 3088 541 3178 μένΑίακςό
552 3089 687 3172 τέμενος
697 3083 859 3167 ἀπέδεξαν
872 3095 982 3174 τοῦτο,
996 3085 1033 3155 τό
1045 3094 1112 3154 νῦν

107 3186 159 3252 ἐπὶ
173 3192 230 3270 τῆς
244 3180 369 3271 ἀγορῆς
382 3186 531 3272 ἵδρυται,
547 3185 725 3273 τριήκοντα
736 3187 773 3253 δὲ
784 3191 856 3254 έτεα
872 3184 935 3255 οὐκ
949 3184 1110 3271 ἀνέσχον-

107 3306 144 3348 το
166 3278 386 3369 ἀκοόσαντες,
414 3282 500 3363 ὅκως
519 3283 629 3370 χρεάν
656 3296 707 3371 είη
730 3287 874 3371 έπισχείν
898 3284 1111 3363 πεπονθότας

108 3373 191 3464 πρός
200 3383 407 3468 Αἰγινητέων
417 3378 571 3469 ἀνάρσια.
601 3382 651 3463 Ἐς
667 3390 829 3471 τιμωρίην
844 3385 881 3453 δὲ
895 3403 1109 3471 παρασκευα-
1126 3387 1161 3441 9⁰

108 3473 273 3561 ζομένοισι
285 3475 411 3547 αὐτοῖσι
423 3481 740 3567 έκΑακεδαιμονίων
752 3490 885 3569 πρήγμα
896 3481 1110 3568 ἐγειρόμενον
1129 3532 1132 3538 .
