2536 3934
321 268 408 324 ΗΒ.
442 268 463 324 1.
496 267 595 325 GAP.
628 272 801 330 171-173.
1027 265 1068 329 91

92 422 470 512 ιηωρισμενοισιπολλόν
480 433 547 495 τόν
557 452 593 496 τε
604 423 718 496 ἀλλων
729 425 923 517 ἀνθρώπων
933 431 1069 499 καδΚα-

89 524 151 605 ρόν.
169 535 252 591 τοῖσι
267 520 334 612 γάρ
354 523 534 593 κάλλιστόν
553 529 622 594 ἐστι
639 523 713 594 κατ’
729 522 864 613 ἡλικίην
882 554 918 595 τε
938 529 994 596 καὶ
1009 554 1069 615 φι-

86 616 186 706 λότηια
206 620 326 691 ίλαδόν
346 630 566 710 συγγίνεσθαι
587 626 620 703 ἐς
636 622 755 712 πόσιν,
779 626 835 692 καὶ
852 621 993 712 ἀνδράσι
1012 626 1069 692 καὶ

85 721 195 801 γυναιξὶ
212 723 269 790 καὶ
288 728 393 790 παισί.
422 722 655 809 ίδρννόόντων
675 725 715 791 δέ
733 741 795 809 σφι
811 725 895 810 ίράν
916 724 1068 801 ξεινικῶν

85 818 268 905 μετόπειτεν,
292 818 339 899 όός
363 839 423 907 σφι
444 819 585 901 ἀπέδοξε
605 825 713 907 (ἔδοξε
737 820 774 889 δὲ
795 834 882 888 τοῖσι
902 825 1069 906 πατρίοισι

32 906 34 995 J
84 921 193 999 μοῦνον
216 925 368 1005 χρᾶσθαι
391 922 534 1006 θεοῖσι),
561 919 718 998 ἐνδόντες
744 916 784 986 τά
814 915 902 986 όπλοῖι
925 914 1069 993 ἀπαντες

32 1016 34 1043 ³
84 1013 207 1081 Καόνιοι
218 1012 367 1105 ήβηδδν,
383 1017 562 1097 τύπτοντες
577 1016 718 1106 δούρασι
728 1013 789 1084 τόν
801 1013 882 1103 ήέρα
897 1017 991 1101 μέχρι
1005 1008 1067 1080 06·

84 1133 139 1229 ηομ
154 1118 219 1181 τῶν
232 1119 460 1184 Καλυνδικῶν
481 1120 630 1202 εἵποντο,
658 1118 714 1184 καὶ
738 1120 868 1202 ἔφασαν
891 1111 1065 1201 ἐκβάλλειν

33 1258 34 1265 1
84 1206 146 1288 τοὺς
164 1213 329 1294 ξεινικοδς
350 1214 463 1294 θεούς.
512 1218 580 1284 Καὶ
593 1207 688 1283 οὗτοι
707 1215 769 1300 μὲν
783 1213 936 1301 τρόποισι
951 1208 1066 1326 τοιοό-
1047 1221 1128 1278 -173

83 1328 151 1378 τοισι
163 1314 391 1431 χρέοντριι,οί
405 1313 576 1382 δὲΛάκιοι
592 1316 628 1382 ἐκ
643 1311 777 1400 Κρήτης
791 1308 954 1398 τώρχαῖον
966 1303 1066 1393 γεγό·

83 1426 144 1474 οισι
162 1409 235 1498 (τήν
249 1410 320 1499 γάρ
338 1411 523 1500 Κρήτην
491 1437 580 1499 ειχον
594 1409 632 1480 τό
647 1407 792 1479 παλαιόν
813 1415 923 1476 πᾶσαν
936 1404 1066 1495 βάρβα-

83 1509 145 1591 ροι),
163 1511 421 1596 διενειχθέντων
432 1513 468 1579 δὲ
481 1513 519 1578 ἐν
532 1511 648 1599 Κρήτη
659 1511 736 1599 περὶ
747 1516 805 1603 τής
816 1513 988 1597 βασιληίης
997 1510 1066 1574 τόν

83 1601 227 1692 ίῖάρόπης
248 1612 402 1698 παίδων,
422 1610 646 1698 Σαρπηδόνος
659 1635 695 1678 τε
714 1612 770 1678 καὶ
784 1614 902 1695 Μίνω,
925 1604 969 1686 ὡς
989 1608 1067 1675 ἐπε·

82 1704 203 1793 κρότησε
216 1713 258 1796 τῇ
272 1707 372 1777 στάσι
385 1716 521 1797 Μίνως,
537 1711 673 1798 ἐξήλασε
689 1705 794 1779 αὐτόν
809 1735 845 1777 τε
858 1707 1065 1797 Σαρπηδόνα

82 1807 123 1871 καλ
139 1803 213 1886 τοάς
228 1806 414 1888 στασιώτας
428 1806 550 1929 αὐτοῦ·
573 1813 640 1878 οίδ
620 1808 656 1877 δὲ
675 1807 888 1887 ἀπωσθέντες
904 1804 1064 1875 ἀπίκοντο

82 2005 295 2114 νέμονται,
254 2007 342 2094 αότη
365 2005 403 2076 τό
408 2000 612 2077 παλαιόν
589 2033 634 2094 ην
654 2003 807 2091 Μιλυάς,
829 2010 864 2072 oc
881 2005 917 2071 δὲ
931 2002 1083 2071 Mamas

33 2096 34 2103 ἀ
80 2094 137 2220 ξότε
150 2105 303 2192 Σόλυμοι
320 2104 502 2174 ἐκαλέοντο.
525 2106 607 2184 τόως
617 2105 679 2191 μὲν
693 2101 734 2188 66
750 2098 862 2168 αὐτῶν
861 2095 1064 2187 Σαρπηδών

81 2190 210 2289 66⁶,OE
177 2206 268 2274 οίδὲ
290 2207 464 2274 ἐκαλέοντο
478 2229 516 2272 το
509 2203 597 2291 π’έρ
618 2228 655 2270 τε
673 2198 849 2288 ήνείκαντο
866 2196 994 2283 οὔνομα
1007 2199 1064 2265 καλ

32 2338 34 2387 1
79 2303 130 2365 νῦν
142 2307 187 2371 ἔτι
199 2301 412 2373 καλέονται
394 2302 460 2372 υπό
476 2328 544 2371 των
559 2311 740 2387 περιοίκων
755 2304 789 2368 oc
801 2298 922 2368 Λόκιοι
940 2302 1063 2387 Τερμί·

80 2399 174 2465 λα’
154 2429 196 2481 ως
210 2406 249 2471 δὲ
268 2405 302 2484 ἐξ
318 2401 488 2491 Ἀθηνέων
501 2403 614 2482 Λάκος
634 2400 871 2488 ὁΠανδίονος,
893 2403 1060 2482 ἐξελαθεὶς

78 2498 120 2563 καλ
138 2491 232 2580 οὗτος
252 2499 322 2569 ὑπὸ
343 2509 405 2571 τοῦ
428 2501 596 2588 ἀδελφεοῦ
616 2503 752 2590 Αίγέος,
774 2499 907 2570 ἀπίκετο
928 2504 961 2580 ἐς
981 2497 1061 2578 τοὺς

81 2599 226 2684 Τερμίλας
249 2597 341 2688 παρὰ
356 2602 580 2688 Σαρπηδόνα,
603 2598 691 2668 οὕτω
712 2598 752 2686 δή
769 2597 851 2668 κατά
865 2605 926 2667 τοῦ
942 2597 1060 2667 Λάκου

79 2690 127 2778 τήν
138 2699 332 2785 ἐπωνυμίην
344 2699 465 2768 Λύκιοι
479 2697 544 2768 ἀνά
563 2699 687 2788 χρόνον
704 2697 904 2786 ἐκλήθησαν.
925 2694 1059 2784 νόμοισι
1155 2698 1157 2701 ’

79 2795 152 2865 δὲτὰ
165 2800 228 2887 μὲν
241 2808 453 2888 Κρητικοῖσι,
473 2799 514 2869 τά
536 2803 572 2870 66
586 2808 762 2888 Καρικοῖσι
777 2802 937 2886 χρίονται.
966 2800 1005 2865 ἓν
1021 2798 1058 2865 δὲ

77 2894 139 2963 τόδε
152 2901 241 2965 ίδιον
254 2904 448 2985 νενομίκασι
462 2900 517 2967 καλ
531 2897 706 3019 οὐδαμοῖσι
723 2896 852 2965 ἀλλοισι
866 2897 1057 2983 συμφέρον-

77 2989 337 3081 ιαιάνδρεόπων
358 2992 549 3065 καλέουσι’
529 3021 594 3064 απο
606 3023 673 3064 των
684 2998 836 3091 μητερων
846 2994 991 3075 ἑωυτονς
1002 2997 1057 3064 και

76 3085 212 3161 οάιδάπό
234 3118 303 3161 των
319 3095 481 3181 πατέρων
509 3098 683 3182 εἰρομένου
698 3084 734 3162 66
758 3090 925 3184 ἑτέρον
890 3120 951 3163 τον
970 3102 1058 3180 πλη-

76 3191 138 3253 σίον
143 3195 221 3275 ,τίς
236 3198 303 3276 εἴη,
323 3192 531 3272 καταλόξει’
513 3191 639 3261 εωντόν
653 3189 824 3278 μητρόθεν
843 3191 899 3258 καὶ
918 3197 976 3308 τής
992 3216 1057 3276 μη

75 3279 140 3367 τρίς
152 3282 418 3374 ἀνανεμέεται
381 3313 440 3367 τας
453 3289 603 3378 μητέρας.
626 3284 738 3375 καλήν
751 3287 813 3374 μέν
822 3314 862 3373 γε
871 3284 958 3374 γυνή
975 3284 1057 3370 ἀστή

77 3378 172 3469 δοόλςο
186 3383 386 3475 συνοικήσῃ,
407 3402 545 3471 γενναῖα
561 3387 602 3456 τά
616 3390 716 3479 τέκνα
731 3386 941 3471 νενόμισται,
961 3378 1006 3465 ήν
1021 3383 1058 3445 δὲ
