2566 3934
205 228 265 293 156
300 270 303 275 ,
590 223 843 284 HERODOTI
988 233 993 243 '

202 391 280 461 πάλι
301 393 376 460 ἐστί.
420 386 462 459 ού
482 388 597 476 μέντοι
618 391 712 474 αἵγε
729 391 889 485 μαντηίαι
912 404 973 477 σφι
994 385 1077 454 κατά
1097 381 1205 478 τύυτο
1275 390 1276 459 j

154 497 189 552 84
203 493 331 575 ἑστᾶσι,
360 485 443 557 άλλά
459 489 639 609 διάφοροί
648 493 719 555 εἰσι.
761 484 806 552 Ἡ
822 485 858 553 66
878 482 1007 572 ἰητρικὴ
1023 512 1107 554 κατα
1094 467 1207 553 τάδε
1265 538 1276 581 4

203 609 285 676 σφι
287 591 456 656 δέδασται
479 593 555 673 μιῆς
575 586 703 653 νούσου
725 586 861 661 ἕκαστος
881 583 993 669 ἰητρός
1011 583 1149 651 ἐστικαὶ
1164 567 1207 648 ού

203 690 365 758 πλεόνων.
420 683 589 755 πάνταδ’
617 690 751 771 ἰητρῶν
766 685 835 751 ἐστὶ
860 686 960 751 πλέα·
994 688 1028 750 06
1051 681 1113 769 μέν
1130 678 1206 774 γάρ

204 787 393 875 ὀφθαλμῶν
407 788 513 873 ἰητροὶ
527 789 718 868 κατεστᾶσι,
744 787 778 851 ολ
790 781 827 849 66
843 788 1000 870 κεφαλῆς,
1013 788 1046 850 ολ
1056 784 1091 851 δὲ
1105 766 1207 849 ὀδύν-

203 912 282 973 των,
304 887 384 954 0666
398 891 466 952 των
480 910 563 952 κατα
551 881 698 969 νηδύν,
714 906 745 950 οι
737 880 797 949 66
811 887 879 948 τῶν
889 878 1048 968 άφανέων
1058 882 1203 949 νούσων.

157 994 190 1048 85
206 992 332 1072 Θρῆνοι
347 983 383 1058 66
400 985 456 1051 666
469 989 575 1070 ταφαί
592 1001 707 1069 σφεων
730 986 759 1048 ε
746 981 792 1048 σλ
808 984 896 1048 αἵδε·
918 994 1003 1048 τοῖσι
1024 977 1068 1049 άν
1083 980 1207 1068 άπογέ-

205 1107 302 1202 νηται
323 1082 359 1148 ἐκ
380 1088 448 1148 τῶν
469 1088 584 1150 οἰκίων
607 1079 806 1166 άνθρωπος,
833 1086 892 1147 τού
911 1105 961 1160 τις
981 1083 1037 1149 καλ
1059 1082 1189 1168 λόγος’
1170 1082 1205 1169 η,

205 1178 242 1249 τδ
259 1187 351 1265 θῆλυ
371 1181 468 1264 γένος
490 1186 559 1246 πᾶν
582 1178 618 1247 τδ
644 1183 680 1247 ἐκ
697 1187 764 1246 τῶν
778 1186 894 1248 οἰκίων
916 1181 1046 1249 τούτων
1066 1179 1139 1250 κατ’
1156 1175 1206 1273 66

206 1279 368 1350 ἐπλάσατο
390 1275 451 1364 τὴν
471 1275 622 1365 κεφαλὴν
642 1274 769 1367 πηλῷ
753 1306 774 1364 η
770 1276 846 1346 καὶ
865 1304 902 1345 το
891 1276 1187 1366 πρύσωπον,”
1143 1307 1203 1348 66-

205 1404 317 1447 πειτεν
337 1379 374 1445 έν
389 1391 473 1446 τοῖσι
488 1384 621 1459 οἰκίοισι
638 1383 796 1446 λιποῦσαι
809 1374 870 1444 τδν
889 1375 1012 1464 νεκρὰν
1026 1374 1123 1446 αύταὶ
1138 1374 1205 1445 άνά

205 1475 267 1563 τὴν
294 1476 394 1544 πόλιν
420 1472 668 1596 στρωφεύμεναι
691 1475 872 1544 τύπτονται
901 1479 1121 1563 ἐπεζωσμέναι
1147 1481 1204 1546 καλ
1275 1536 1276 1539 ,

206 1583 387 1662 φαίνουσαι
414 1574 492 1652 τούς
516 1574 655 1661 μαζούς,
681 1571 746 1642 σύν
771 1578 812 1642 δέ
832 1593 893 1661 σφι
918 1580 955 1643 66
976 1577 1202 1664 προσήκουσαι
1275 1566 1276 1637 J

205 1682 316 1744 πάσαι.
354 1677 518 1762 ἑτέρωθεν
533 1678 602 1742 660
584 1673 752 1762 ολάνδρες
766 1675 963 1761 τύπτονται,
986 1668 1206 1767 έπεζωσμένοι
1275 1684 1276 1743 λ

205 1776 260 1841 καὶ
275 1764 378 1841 οὗτοι.
418 1771 520 1841 ἐπεάν
537 1772 574 1840 66
589 1777 692 1840 ταῦτα
708 1773 889 1860 ποιήσωσι,
911 1772 1000 1842 ούτω
1021 1770 1105 1852 ἐς
1069 1801 1131 1861 την
1143 1800 1206 1841 τα-

157 1884 191 1940 86
206 1881 354 1963 ρίχευσιν
369 1880 620 1959 κομίζουσιΕ
588 1875 764 1942 E6666606
783 1870 835 1940 ἐπ’
855 1871 945 1964 αὐτῷ
959 1874 1066 1964 τούτφ
1085 1875 1204 1942 κατέα-

79 1975 81 1980 ’
206 2002 260 2042 ται
273 1976 328 2042 καὶ
341 1977 460 2060 τέχνην
475 1978 587 2060 έχουσι
601 1973 735 2059 ταύτην.
782 1965 914 2062 οὗτοι,
917 1943 1019 2063 έπεάν
1033 1994 1096 2067 σφι
1107 2001 1206 2062 κομι-

207 2079 274 2162 666
304 2068 439 2157 νεκρὰς,
470 2073 643 2140 δεικνύασι
668 2087 753 2140 τοισι
776 2067 933 2159 κομίσασι
957 2060 1206 2162 παραδείγματα
1275 2098 1276 2103 ’

161 2208 181 2269 j
205 2179 336 2260 νεκρῶν
359 2171 492 2258 ξύλινα,
520 2179 560 2261 66
584 2180 698 2260 γραφῇ
722 2177 967 2262 μεμιμημένα,
975 2175 1088 2244 καλ
1052 2203 1115 2263 την
1141 2177 1206 2262 μὲν

207 2269 528 2389 σπουδαιοτάτην’
486 2276 615 2340 αυτέων
629 2277 710 2360 φασὶ
726 2272 811 2341 εἶναι
824 2282 886 2373 τού
901 2273 964 2342 ούκ
980 2274 1076 2345 ὅσιον
1086 2284 1206 2363 ποιεύ-

208 2379 267 2455 μαι
287 2365 324 2433 τδ
346 2367 475 2456 οὕνομα
495 2374 548 2440 ἐπὶ
566 2374 708 2463 τοιούτω
723 2368 890 2467 πρήγματι
906 2373 1119 2498 ούνομάζειν,
1140 2375 1205 2464 τὴν
1275 2386 1276 2391 ’

208 2465 244 2531 66
260 2466 419 2551 δευτέρην
434 2470 608 2538 δεικνύασι
622 2464 883 2561 ὑποδεεστέρην
886 2500 922 2542 τε
935 2476 1057 2596 ταύτης
1075 2474 1182 2565 666’
1144 2500 1206 2544 ευ·

207 2566 467 2652 τελεστέρην,
431 2592 493 2654 την
507 2570 544 2638 δὲ
558 2579 673 2660 τρίτην
691 2571 934 2661 εὐτελεστάτην
964 2574 1152 2661 φράσαντες
1166 2557 1205 2644 66

207 2663 441 2734 πυνθάνονται
461 2666 541 2754 παρ’
561 2668 690 2759 αύτάν,
718 2675 793 2740 κατ’
817 2671 934 2759 ἥντινα
946 2673 1130 2760 βούλονταί
1141 2692 1205 2760 σφι

206 2770 435 2850 σκευασθῆναι
460 2764 521 2833 τδν
543 2770 676 2856 νεκρόν.
718 2775 752 2838 06
772 2770 835 2857 μὲν
855 2769 908 2859 δὴ·
919 2769 1071 2839 έκποδοδν
1090 2779 1205 2862 μισθῷ

206 2856 469 2949 ὁμολογήσαντες
483 2863 770 2957 ἀπαλλάσσονται,
794 2873 828 2939 oc
839 2870 876 2938 66
891 2866 1151 2957 ὑπολειπόμενοι
1165 2872 1204 2938 έν

206 2961 361 3047 δοκήμασι
376 2957 488 3032 ὦδε
451 2991 491 3033 τα
506 2968 760 3037 σπουδαιότατα
769 2969 997 3057 ταριχεύουσι·
1012 2975 1126 3094 6666oe
1140 2966 1205 3056 μὲν

205 3066 327 3149 σκολιφ
348 3063 473 3154 σιδηρφ
493 3063 549 3134 διά
563 3073 633 3163 τάν
647 3069 900 3156 μυξωτήρξων
868 3070 1022 3154 ἐξάγουσι
1036 3067 1096 3138 τδυ
1109 3071 1204 3156 6666-
1275 3154 1276 3163 ρ

206 3129 332 3245 φαλού,
359 3184 400 3226 τα
388 3157 533 3246 '666'
492 3172 597 3233 αυτοῦ
611 3164 701 3234 ούτω
715 3168 919 3255 ἐξάγοντες,
930 3194 971 3236 τα
959 3165 1023 3236 δέ
1031 3171 1204 3257 ἐγχέοντες
1275 3212 1276 3215 ¹

206 3257 373 3381 φάρμακα
410 3284 491 3345 μετα
479 3258 542 3331 δὲ
557 3272 644 3356 λίθφ
658 3257 848 3358 Αδδωπικφ
863 3264 932 3346 ξέι
942 3273 1204 3355 παρασχίσαντες
1242 3258 1246 3262 “
1275 3288 1276 3291 ’

204 3356 294 3448 παρὰ
318 3355 380 3446 τὴν
404 3361 559 3449 λαπάρην
583 3359 670 3447 ἐξ
643 3392 692 3433 ων
717 3357 808 3436 εἷλον
822 3393 894 3455 την
910 3373 1052 3455 κοιλίην
1078 3374 1202 3457 πᾶσαν,
1275 3366 1276 3371 “

205 3457 507 3551 ἐκκαδήραυτεςδέ
526 3460 633 3550 αύτην
655 3466 710 3532 καὶ
734 3464 956 3554 διηθήσαντες
982 3474 1063 3559 ολνφ
1088 3488 1203 3555 φοινι-
1275 3502 1276 3559 3
