2588 3926
199 220 263 286 344
578 224 829 280 HERODOTI

197 385 332 451 ἑωυτῶν
349 379 594 468 ἀποδημέοντες
607 384 663 447 καὶ
678 378 719 446 οΰ
740 377 924 463 δυνάμενοι
946 379 1070 460 ἐξελεῖν
1083 403 1124 446 το
1144 394 1211 447 τελ-
1260 292 1263 443 ἐ

195 505 269 566 χος,
291 477 425 547 ἐδέοντό
447 504 481 546 τε
501 485 571 546 τῶν
593 485 788 565 στρατηγῶν
810 475 897 556 ὅκως
915 474 1080 563 ἆπάγοιέν
1102 498 1210 564 σφεας

196 575 319 647 ὀπίσω·
341 580 376 644 oc
387 576 423 643 δὲ
436 573 499 643 οὐκ
512 581 643 661 ἔφασαν
655 579 735 661 πρὶν
749 571 772 662 ἢ
784 578 917 655 ἐξέλωσι
929 571 952 662 ἢ
964 573 1001 643 τό
1012 572 1208 661 Ἀθηναίων
1263 532 1264 613 1

196 674 314 745 κοινόν
342 693 447 761 σφεας
473 679 732 762 μεταπέμψηται.
788 673 885 745 Οὕτω
910 672 950 762 δὴ
978 681 1142 763 ἔστεργον
1169 672 1206 745 τά

131 787 182 844 118
195 771 373 861 παρεόντα.
420 775 464 840 Ol
482 773 519 840 δὲ
541 776 579 841 ἐν
601 780 646 862 τῷ
663 775 807 859 τείχεῑές
824 780 892 839 πᾶν
912 769 976 859 ἤδη
996 781 1105 840 κακοῦ
1129 772 1208 841 ἇπι·

197 873 314 960 γμένοι
329 863 433 958 ἦσαν,
454 868 543 938 οὕτω
559 868 644 938 ὥστε
665 869 744 949 τούς
762 870 884 948 τόνους
898 872 1034 951 ἕψοντες
1047 879 1120 938 των
1135 879 1208 940 κλι-

197 973 285 1038 νέων
305 973 480 1038 ἐσιτέοντο.
508 972 583 1038 ἐπεί
593 995 629 1036 τε
644 969 681 1037 δέ
700 966 781 1036 οΰδέ
794 975 897 1036 ταῦτα
918 973 966 1037 ἐτι
984 967 1089 1054 εἶχον,
1115 968 1207 1037 οὕτω

197 1067 239 1157 δὴ
256 1066 322 1136 ὑπό
343 1068 450 1136 νύκτα
466 1077 613 1152 οίχονται
634 1064 842 1151 ἀποδράντες
862 1070 897 1134 οἴ
915 1092 950 1135 τε
965 1069 1094 1153 Πέρσαι
1110 1070 1170 1134 καλ
1189 1063 1206 1135 δ
1265 1102 1266 1123 1

192 1167 394 1254 Ἀρταΰκτης
416 1169 471 1235 καλ
492 1163 509 1233 ὁ
534 1166 711 1252 Οἰόβαζος,
738 1164 861 1233 ὄπισθε
880 1171 941 1232 τοῦ
961 1170 1083 1250 τείχεος
1101 1192 1207 1234 κατα-

195 1265 332 1356 βάντες,
353 1273 393 1353 τῇ
411 1259 455 1351 ἦν
470 1263 676 1352 ἐρημότατον
693 1270 761 1330 των
781 1270 958 1349 πολεμίων.
992 1259 1036 1341 ὡς
1049 1266 1087 1332 δὲ
1098 1260 1207 1351 ἡμέρη

196 1370 344 1453 ἐγένετο,
370 1368 404 1433 ολ
421 1373 664 1451 Χερσονησῖται
686 1360 752 1430 άπὸ
775 1370 843 1429 των
869 1361 1010 1448 πάργων
1032 1362 1208 1448 ἐσήμηναν

196 1478 280 1533 τοῖσι
294 1462 502 1549 Ἀθηναίοισι
514 1460 552 1529 τό
564 1458 704 1547 γεγονός
715 1464 771 1529 καὶ
781 1459 840 1540 τάς
850 1460 957 1539 πάλας
968 1459 1117 1540 ἄνοιξαν.
1139 1469 1205 1530 τῶν
1267 1478 1268 1551 1

128 1575 180 1634 119
195 1565 231 1632 δὲ
247 1568 281 1631 οί
295 1565 358 1649 μὲν
371 1569 513 1639 πλεῦνες
529 1563 687 1645 έδίωκον,
702 1565 737 1629 οί
749 1563 786 1627 δὲ
801 1558 865 1646 τὴν
880 1558 981 1627 πόλιν
997 1556 1097 1644 εἶχον.
1123 1560 1187 1628 οί’

196 1664 299 1748 βαζον
307 1660 370 1744 μέν
381 1684 447 1725 νον
458 1658 652 1745 ἐκφυγόντα
662 1661 695 1736 ές
705 1657 767 1745 τὴν
776 1664 925 1746 Θρηῐκην
937 1657 1079 1746 Θρήικες
1090 1655 1201 1740 Ἀγίν-
1267 1646 1268 1669 ’

196 1767 269 1826 θιοι
290 1756 450 1843 λαβόντες
472 1761 603 1824 ἔθυσαν
622 1757 824 1847 Πλειστώρῳ
846 1758 1009 1846 ἐπιχωρίῳ
1029 1762 1101 1848 θεῷ
1124 1757 1205 1844 τρό·
1266 1714 1269 1837 Ι

196 1880 249 1946 πω
263 1862 309 1947 τῷ
325 1857 492 1945 σφετέρῳ,
508 1852 588 1933 τούς
601 1856 638 1922 δὲ
654 1852 727 1941 μετ’
740 1857 871 1925 ἐκείνου
885 1853 974 1947 άλλω
989 1855 1102 1948 τρόπω
1121 1854 1204 1944 ἐφό-

196 1973 332 2022 νευσαν.
356 1955 391 2021 οί
403 1951 439 2020 δὲ
454 1949 542 2040 άμφλ
558 1950 618 2020 τδν
629 1950 834 2041 Ἀρταΰκτην
847 1951 982 2042 ὕστεροι
998 1952 1205 2042 ὁρμηθέντες
1269 1952 1270 2021 λ

197 2053 353 2138 φεύγειν,
374 2048 418 2131 ὡς
433 2051 724 2140 κατελαμβάνοντο
740 2048 854 2138 ὀλίγον
870 2051 981 2131 ἐόντες
994 2049 1081 2138 ὑπὲρ
1099 2050 1204 2139 Αίγός

194 2157 377 2237 Ποταμῶν,
404 2147 597 2236 άλεξόμενοι
616 2149 742 2238 χρόνον
764 2153 817 2219 ἐπὶ
837 2148 964 2236 συχνόν
984 2157 1018 2221 ολ
1037 2152 1100 2239 μὲν
1120 2148 1205 2218 άπέ-

194 2261 323 2335 θανον,
354 2252 389 2318 οί
408 2251 445 2317 δὲ
468 2249 606 2330 ζεόοντες
627 2249 859 2337 ἐλάμφθησαν.
899 2252 955 2318 καὶ
976 2249 1204 2340 συνδήσαντές

195 2368 301 2434 σφεας
315 2343 511 2433 οίἝλληνες
524 2345 654 2433 ἤγαγον
668 2351 701 2426 ἐς
714 2345 859 2435 Σηστόν,
875 2346 946 2436 μετ’
964 2347 1077 2417 αὐτῶν
1093 2351 1132 2418 δὲ
1148 2351 1206 2418 καὶ

192 2443 397 2532 Ἀρταΰκτην
418 2446 613 2530 δεδεμένον,
635 2442 740 2514 αὐτόν
759 2471 794 2513 τε
813 2446 869 2514 καλ
888 2444 949 2514 τόν
968 2452 1071 2515 παίδα
1086 2445 1203 2515 αΰτοΰ.

128 2549 181 2607 12¹)
196 2546 266 2611 Καί
276 2566 339 2633 τεηι
353 2546 422 2608 τῶν
438 2542 685 2627 φυλασσόντων
699 2547 829 2631 λέγεται
843 2541 910 2613 ΰπΰ
928 2547 1204 2634 Χερσονησιτέων

194 2645 349 2727 ταρίχους
372 2634 516 2708 ὀπτῶντι
536 2642 632 2728 τέρας
653 2643 813 2728 γενέσθαι
833 2643 980 2710 τοιόνδε·
1019 2646 1055 2711 οί
1073 2641 1205 2729 τάριχοι

195 2742 247 2808 έπλ
268 2745 314 2829 τῷ
331 2738 413 2824 πυρὶ
434 2744 580 2825 κείμενοι
596 2740 782 2810 ἐπάλλοντό
803 2767 839 2810 τε
858 2744 913 2810 καλ
928 2739 1100 2829 ,ἤσπαιρον
1113 2738 1204 2820 ὅκως

194 2861 257 2923 περ
277 2833 393 2921 λχθάις
413 2834 604 2907 νεοάλωτοι.
634 2841 740 2907 καλοί
757 2842 820 2926 μὲν
834 2843 1071 2927 περιχυθέντες
1087 2838 1192 2907 έθόν

194 2940 314 3025 μαζον,
334 2931 353 3004 δ
375 2936 411 3005 δλ
429 2931 629 3026 Ἀρταΰκτης
644 2936 689 3018 ὡς
704 2938 771 3009 είδε
789 2939 827 3009 τό
848 2944 960 3029 τέρας,
984 2944 1125 3019 καλέσας
1141 2937 1205 3009 τδν

194 3031 347 3104 ὀπτῶντα
362 3028 441 3113 τοΰς
455 3041 610 3124 ταρίχους
624 3042 705 3124 ἔφη·
725 3043 822 3116 Ξεϊνε
834 3036 1001 3126 Ἀθηναῖε,
1015 3040 1121 3127 μηδὲν
1137 3063 1204 3124 φο-

193 3132 267 3220 βίιο
285 3127 322 3202 τδ
337 3130 434 3217 τίρας
448 3141 563 3203 τοῦτο·
587 3132 628 3204 οΰ
643 3133 709 3223 γάρ
727 3139 780 3206 σοὶ
793 3143 940 3224 πέφηνε,
962 3135 1035 3206 ἄλλ’
1051 3139 1125 3224 ἐμοὶ
1139 3157 1202 3224 ση·

192 3234 304 3315 μαίνει
320 3224 338 3297 δ
355 3229 392 3298 ίν
402 3227 585 3300 Ἐλαιοῦντι
596 3239 833 3318 Πρωτεσίλεως
850 3232 901 3303 ὅτι
915 3235 971 3303 καὶ
984 3232 1132 3312 τεθνεός
1145 3237 1205 3302 καὶ

192 3325 325 3413 τάριχος
342 3321 407 3395 &dv
422 3327 570 3415 δύναμιν
592 3326 676 3417 πρδς
691 3336 785 3399 θεῶν
800 3336 865 3418 ἔχει
882 3329 942 3399 τόν
957 3328 1132 3399 ἀδικέοντα
1147 3335 1204 3398 σέ·
