2588 3926
367 241 452 299 LIB.
485 243 531 298 IX.
565 242 664 300 CAP.
699 251 839 305 40-44.
1033 245 1097 311 309

95 400 220 488 ούδελς,
236 397 320 469 ὥστε
334 399 468 486 ἐκράτεε
481 406 521 489 τῇ
534 398 667 487 γνώμη·
690 397 726 467 τό
741 398 806 488 γάρ
824 406 943 489 κρότος
961 405 1096 495 εἶχετῆς

93 505 248 588 στρατιῆς
265 490 364 578 οὗτος
378 501 414 567 ἐκ
428 501 590 587 βασιλέος,
607 494 681 565 ἀλλ’
695 496 758 566 ούκ
769 496 972 589 Ἀρτάβαζος.
996 531 1095 591 μετα.

93 599 309 688 περδόμενος
320 589 369 667 ών
379 597 458 679 τούς
467 597 662 684 ταξιάρχους
671 603 740 665 τών
750 603 872 668 τελέων
883 603 1012 671 καὶτῶν
1022 603 1093 689 μετ’

94 702 221 767 ἑωυτοῦ
236 695 363 767 ἐόντων
369 694 540 784 Ἑλλήνων
554 691 633 773 τούς
648 694 853 783 στρατηγούς
870 700 990 784 εἰρώτα
996 707 1013 786 ,’
1023 708 1056 766 εί
1064 727 1095 768 τι

12 796 13 801 “
94 802 213 868 είδείεν
234 796 349 885 λόγιον
375 799 451 883 περλ
470 794 629 882 Περσέων
650 791 695 872 ὡς
715 797 975 881 διεφθαρέονται
999 799 1036 864 ἐν
1056 803 1095 886 τῇ

88 896 228 966 Ἑλλάδι.
251 894 425 983 σιγώντων
440 896 476 964 δὲ
490 902 558 964 τῶν
572 892 767 981 ἐπικλήτων,
782 901 849 962 τῶν
859 894 922 982 μὲν
933 892 995 964 ούκ
1008 897 1096 964 εἰδό-

92 1022 160 1066 των
174 992 254 1075 τούς
266 994 445 1084 χρησμούς,
461 1001 530 1065 τών
544 995 580 1063 δὲ
595 993 732 1063 εἰδότων
745 994 826 1080 μὲν,
842 997 880 1063 ἐν
893 992 987 1086 ἀδείη
1003 998 1039 1064 δὲ
1054 994 1095 1064 ού

92 1095 304 1181 ποιευμένων
323 1092 360 1162 τό
382 1096 510 1181 λέγειν,
531 1089 632 1171 αύτὸς
652 1091 848 1178 Μαρδόνιος
867 1099 975 1180 ἔλεγε
1010 1090 1096 1162 Ἐπεὶ

92 1200 210 1263 τοίνυν
221 1190 316 1281 ὑμεῖς
329 1188 353 1281 ή
364 1201 433 1263 ίστε
449 1188 552 1260 οὐδὲν
565 1186 587 1278 ή
599 1187 640 1258 ού
651 1197 791 1277 τολμᾶτε
802 1191 927 1279 λέγειν,
943 1188 1017 1261 ἀλλ’
1030 1192 1094 1277 ἐγώ

92 1295 173 1380 ἐρέω
189 1289 233 1372 ὦς
245 1284 284 1362 εύ
295 1291 521 1380 ἐπιστάμενος.
540 1296 609 1359 ἔστι
623 1289 739 1376 λόγιον
752 1286 796 1368 ώς
804 1289 914 1377 χρεών
927 1292 994 1359 ἐστι
1006 1294 1096 1376 Πέρ-

92 1410 152 1470 σας
166 1388 390 1479 ἀπικομένους
403 1393 437 1470 ἐς
451 1387 513 1477 τὴν
525 1387 667 1458 Ἑλλάδα
680 1387 861 1474 διαρπάσαι
871 1385 908 1455 τό
921 1386 997 1474 ίρόν
1008 1386 1045 1456 τό
1058 1392 1094 1454 ἐν

91 1496 272 1576 Δελφοῖσι,
297 1485 379 1575 μετά
400 1489 438 1556 δὲ
460 1484 523 1575 τήν
543 1482 732 1573 διαρπαγήν
751 1481 936 1553 ἀπολέσθαι
957 1485 1092 1565 πάντας.

91 1583 185 1673 ἡμεῖς
200 1591 317 1655 τοίνυν
340 1583 422 1655 αύτδ
440 1591 540 1655 τούτο
563 1585 776 1672 ἐπιστάμενοι
797 1582 875 1651 ούτε
892 1594 966 1672 ίμεν
986 1588 1040 1654 ἐπὶ
1055 1581 1092 1654 vd

92 1682 167 1770 ίρόν
180 1691 278 1754 τούτο
294 1683 371 1755 ούτε
381 1685 634 1774 ἐπιχειρήσομεν
645 1682 850 1770 διαρπάζειν,
865 1685 985 1773 ταύτης
998 1711 1034 1754 τε
1045 1688 1095 1754 εἴ·
1207 1726 1215 1741 ·

94 1808 189 1851 νεκεν
199 1790 256 1869 τῆς
267 1789 371 1870 αίτίης
382 1782 444 1852 ούκ
455 1780 678 1870 ἀπολεόμεθα.
704 1777 911 1869 ώστεύμέων
923 1780 998 1852 ὅσοι
1012 1808 1095 1869 τογ-

91 1881 232 1968 χάνουσι
254 1878 367 1948 εύνοοι
387 1880 499 1960 ἐόντες
510 1882 675 1971 Πέρσησι,
696 1878 821 1968 ἡδεσδε
841 1885 940 1948 τοῦδε
956 1883 1094 1968 εἵνεκεν,

7 1990 9 1993 ’
94 1975 138 2059 ὡς
158 1981 416 2065 περιεσομένους
436 1975 539 2065 ἡμέας
557 1977 734 2067 Ἐλλήνων.
785 1976 897 2046 Ταῦτά
919 1998 979 2064 σφι
1002 1987 1096 2059 είπας

93 2075 233 2162 δεύτερα
254 2074 397 2163 ἐσήμηνε
418 2080 667 2164 παραρτέεσθαί
683 2104 719 2147 τε
738 2076 848 2145 πάντα
865 2079 920 2145 καὶ
941 2072 1095 2162 εὐκρινέα

92 2178 267 2244 ποιέεσθαι
278 2172 323 2255 ύς
336 2171 405 2262 ἅμα
418 2172 524 2265 ἡμέρη
538 2183 578 2266 τή
592 2179 731 2267 ἐπιούση
746 2184 915 2265 συμβολῆς
926 2177 1093 2265 ἐσομένης.

96 2279 226 2343 Τοῦτον
247 2270 279 2340 δ’
298 2277 403 2360 ἔγωγε
418 2271 479 2343 τόν
499 2273 665 2362 χρησμὸν,
687 2273 747 2344 τόν
762 2274 959 2364 Μαρδόνιος
976 2273 1046 2342 εἷπε
1060 2277 1094 2353 ἐς
1110 2292 1144 2346 43

92 2373 223 2459 Πέρσας
238 2375 342 2458 ἔχειν,
357 2373 391 2450 ές
407 2369 590 2461 Ἰλλυριούς
608 2400 643 2441 τε
659 2377 713 2443 καλ
727 2371 788 2442 τόν
799 2370 977 2461 Ἐμχέλεων
994 2394 1095 2461 στρα-

93 2467 153 2539 τὸν
168 2467 242 2537 οῖδα
252 2474 496 2558 πεποιημένον,
513 2467 588 2540 ἀλλ’
600 2469 663 2540 ούκ
677 2474 710 2550 ές
721 2475 861 2559 Πέρσας.
885 2469 969 2541 ἀλλά
982 2469 1021 2539 τὰ
1033 2470 1095 2557 μὲν

93 2570 217 2640 Βάκιδί
226 2572 295 2639 ἐστι
311 2572 344 2651 ἐς
358 2571 484 2659 ταύτην
497 2570 559 2659 τὴν
573 2571 682 2660 μάχην
695 2575 919 2660 πεποιημένα,

7 2728 8 2731 ,
139 2665 210 2756 Τὴν
223 2664 255 2735 δ’
273 2669 326 2737 ἐπὶ
342 2670 558 2756 Θερμώδοντι
572 2672 627 2739 καλ
641 2668 775 2762 Ἀσωπῷ
792 2678 944 2760 λεχεποίη

131 2764 300 2853 Ἑλλήνων
315 2767 463 2837 σύνοδον
480 2771 535 2838 καὶ
549 2768 819 2857 βαρβαρόφωνον
834 2767 944 2857 ίύηὴν,

141 2871 188 2953 Ty}
202 2867 318 2933 πολλοὶ
333 2871 507 2936 πεσέονται
521 2867 606 2956 ὑπὲρ
619 2867 765 2955 Λάχεσίν
779 2894 814 2936 τε
829 2867 937 2955 μόρον
953 2895 988 2937 τε

7 2944 9 3049 ἡ
140 2964 343 3052 Τοξοφόρων
358 2966 508 3055 Μήδων,
523 2968 605 3038 ὅταν
622 2979 757 3056 αίσιμον
773 2961 861 3058 ήμαρ
877 2973 1010 3062 ε’πέλθη.

7 3052 9 3105 ³
94 3060 271 3149 ταῦταμὲν
281 3065 336 3133 καί
346 3066 561 3155 παραπλήσια
571 3066 718 3136 τούτοισι
730 3064 814 3136 ἀλλα
825 3075 989 3162 Μουσαίῳ
1002 3076 1097 3157 ἔχον-

94 3189 133 3231 τα
145 3157 219 3228 οἶδα
237 3162 270 3240 ἐς
280 3164 420 3250 Πέρσας.
444 3161 463 3234 ὁ
482 3168 518 3234 δὲ
529 3165 720 3253 Θερμώδων
735 3164 882 3254 ποταμὸς
898 3171 965 3257 όέει
975 3167 1096 3256 μεταξύ
1280 3252 1281 3259 ρ

97 3257 273 3347 Τανάγρης
289 3287 324 3329 τε
341 3264 396 3331 καί
409 3269 609 3353 Γλίσαντος.Ι
634 3261 730 3331 Meto}
751 3264 786 3332 δὲ
802 3263 863 3352 τήν
878 3265 1095 3353 ἐπειρώτησιν
1111 3279 1149 3333 44
1280 3270 1281 3279 ’

93 3367 162 3428 τῶν
175 3368 334 3448 χρησμῶν
350 3367 406 3433 καὶ
421 3371 619 3451 παραίνεσιν
636 3362 697 3451 τὴν
714 3367 751 3433 ἐκ
765 3368 966 3451 Μαρδονίου
986 3364 1048 3445 νύξ
1063 3388 1098 3431 τε

94 3461 220 3544 ἐγίνετο
234 3459 290 3527 καί
305 3464 337 3541 ἐς
351 3460 504 3549 φυλακὰς
519 3461 706 3532 ἐτάσσοντο.
730 3460 774 3544 ὡς
789 3467 825 3534 δὲ
836 3463 952 3551 πρόσω
963 3472 1020 3552 ιής
1034 3489 1097 3531 νυ-
