2562 3926
357 229 443 289 LlB.
473 229 518 287 111.
551 226 650 288 cAP.
680 233 820 292 10-13.
1025 226 1088 292 217

81 396 296 481 γνπτίων)α
275 395 313 460 αί
331 391 393 477 μέν
414 396 482 458 τῶν
501 390 662 476 Περσέων
684 395 831 476 κεφαλαί
848 394 911 459 είσι
928 387 1088 470 ἀσθενέες

81 492 188 579 οὕτω,
204 489 335 593 όίστε,ε
320 490 490 568 είέθέλεις
504 489 606 581 ψήφῳ
622 487 737 587 μούνη
755 495 889 577 βαλεῖν,
915 493 1086 610 διατετρα-

81 594 229 677 νέεις,α
208 594 245 658 αί
262 576 315 657 δέ
312 592 381 656 τῶν
394 586 648 673 Αίγνπτίων”
605 613 694 656 ουτω
709 589 751 676 δή
772 613 804 655 τι
821 591 968 676 ἰσχυραὶ,
990 588 1086 675 μόγις

81 685 124 757 ἂν
139 696 228 780 λίθφ
242 695 363 765 παίσας
376 687 589 774 διαρρήξειας
614 697 721 757 αίτιον
734 690 772 755 δὲ
785 688 908 756 τούτου
922 688 999 758 τόδε
1014 695 1086 757 ἐλε-

80 814 161 876 γον,
182 790 238 856 καὶ
258 783 367 873 ἐμέγ’
393 782 554 863 εὐπετέως
573 783 773 873 έπεοθου,”
751 813 803 854 οτι
822 787 1003 874 Αἰγύπτιοι
1024 790 1086 875 μέν

81 888 201 958 αὐτίκα
223 883 288 956 ἀπὸ
311 889 454 953 παιδίοιν
468 881 649 970 ἀρξάμενοι
664 886 842 968 ξυρέονται
861 885 921 967 τοὶς
937 886 1085 975 κεφαλὰς

81 993 137 1060 καὶ
149 984 233 1076 πρός
243 983 303 1056 τόν
312 983 410 1074 ἥλιον
419 985 601 1071 παχύνεται
614 981 652 1052 τό
671 980 796 1053 ὀστέον.
820 983 926 1055 τώυτό
939 991 976 1057 δέ
986 996 1085 1058 τοῦτο

80 1091 211 1158 καὶτοῦ
230 1082 274 1173 μὴ
284 1088 549 1172 ’φαλακροῦσθαι
566 1082 675 1151 αίτιόν
697 1083 782 1150 ἐστι·
810 1091 1005 1173 Αἰγυπτίων
1018 1084 1084 1175 γὰρ

80 1185 123 1254 ἄν
137 1210 188 1263 τις
202 1185 392 1268 ἐλαχίστους
405 1185 510 1249 ἴδοιτο
521 1177 716 1269 φαλακροός
726 1181 867 1252 ’πάντων
877 1182 1081 1275 ἀνθρώπων.

82 1285 228 1355 τοότοισι
244 1283 306 1369 μέν
327 1278 367 1368 δὴ
389 1279 489 1351 τοῦτό
506 1282 573 1349 ἐστι
588 1290 696 1349 αίτιον
716 1281 854 1372 ἰσχυρός
874 1288 1011 1373 φορέειν
1025 1280 1085 1365 τὰς

80 1379 248 1472 κεφαλὰς,
268 1395 354 1449 τοῖσι
369 1379 406 1447 δὲ
420 1381 585 1468 Πέρσησι,
606 1377 659 1447 ὅτι
673 1377 837 1462 ἀσθενέας
851 1387 1013 1470 φορέουσι
1025 1380 1084 1463 τόις

79 1479 245 1602 κεφαλὰς,
265 1489 373 1549 αίτιον
394 1478 491 1546 τόδε·
512 1479 771 1600 σκιητροφέουσι
793 1482 827 1563 ἐξ
848 1480 949 1570 ἀρχῆς
965 1490 1083 1563 πίλους

78 1580 196 1669 τιήρας
215 1581 403 1666 φορέοντες.
431 1581 536 1644 ταῦτα
550 1578 615 1663 μέν
632 1601 699 1643 υυν
714 1586 852 1648 τοιαῦτα
866 1580 964 1651 ἐόντα
980 1580 1079 1650 εἶδον.

79 1682 171 1752 εἶβον
185 1681 223 1749 βε
237 1681 291 1748 καὶ
305 1677 389 1748 ἄλλα
402 1674 502 1765 ὁμοῖα
516 1677 664 1745 κου’τοισι
680 1680 718 1747 ἐν
731 1681 912 1806 Παπρήμι,
929 1689 997 1751 τῶν
1013 1679 1082 1768 ἅμα

75 1781 315 1881 Ἀχαιμένεϊ
282 1805 329 1847 τω
314 1784 496 1947 ’ὂΔαρείου
516 1778 814 1866 διαφθαρέντων’
796 1778 864 1849 υπό
883 1779 1000 1868 Ἰυόρον
1020 1785 1083 1850 τοῦ

78 1874 215 1969 Λίβυος.
265 1877 365 1948 Οίὸέ
379 1876 558 1963 Αίγόπτιοι
579 1880 615 1945 ἐκ
636 1885 693 1964 τῆς
707 1877 812 1965 μόχης
828 1906 872 1958 οις
887 1880 1080 1967 ἐτράποντο,
1104 1899 1137 1953 1³

79 1984 228 2065 ἔφευγον
248 1971 362 2044 οὐδενὶ
382 1975 505 2067 κόσμφ.
539 1980 807 2062 κατειληθέντων
830 1976 866 2044 δέ
887 1977 920 2055 ἐς
939 1980 1082 2064 Μέμφιν

78 2083 203 2163 ἔπεμπε
225 2070 290 2141 όνόι
312 2070 463 2159 ποταμόν
475 2073 661 2161 Καμβύσης
683 2078 743 2142 νέα
762 2081 999 2162 Μυτιληναίην
1020 2075 1083 2162 κη-

78 2200 167 2264 ρυκα
186 2171 337 2259 όῖγουσαν
354 2169 462 2259 ἄνδρα
474 2175 627 2259 Πέρσην,
650 2173 684 2251 ἐς
699 2168 880 2258 ὁμολογίην
895 2173 1082 2261 προκαλεό-

12 2338 14 2377 ,
76 2297 178 2360 μενος
191 2277 403 2358 Αἰγυπτίους.
428 2274 462 2339 οί
473 2271 509 2338 δέ
531 2271 639 2339 ἐπείτε
657 2266 719 2358 τὴν
739 2271 800 2338 νέα
816 2267 906 2338 εἶδον
919 2273 1081 2340 ἐσελθοῦ-

12 2382 14 2391 ’
77 2397 141 2442 σαν
166 2375 200 2452 ἐς
221 2370 283 2459 τὴν
302 2372 462 2458 Μέμφιν,
480 2373 677 2458 ἐκχυθέντες
699 2367 793 2450 ἁλέες
814 2372 850 2439 ἐκ
873 2377 935 2439 τοῦ
958 2377 1097 2458 τείχεος·

12 2538 14 2569 ,
75 2482 138 2567 την
149 2498 186 2542 τε
196 2474 256 2540 νέα
268 2472 467 2558 διέφθειραν
476 2472 531 2538 καὶ
540 2467 619 2550 τοός
628 2470 756 2556 ’ἄνδρας
765 2468 995 2560 κρεουργηδὸν
1005 2475 1080 2541 βια-

12 2574 14 2601 ‘
75 2573 262 2649 σπάσαντες
277 2567 421 2656 ἐφόρεον
431 2570 464 2647 ἐς
477 2565 514 2637 τό
527 2584 639 2655 τεῖχος.
662 2571 717 2638 καὶ
727 2570 906 2656 Αἰγύπτιοι
920 2569 1077 2656 μὲνμετὰ

12 2664 13 2669 ¹
74 2680 175 2742 τοῦτο
196 2668 474 2755 πολιορκεόμενοι
494 2667 605 2760 χρόνῳ
621 2669 848 2755 παρέστησαν,
868 2672 903 2735 οί
917 2667 953 2736 δέ
973 2687 1079 2755 προσ-

76 2774 163 2859 εχέες
177 2773 301 2856 Λίβυες
316 2769 483 2843 δείσαντες
501 2761 542 2832 τόι
559 2767 633 2849 περὶ
648 2763 710 2851 την
724 2774 898 2850 Αίγυπτον
916 2765 1078 2852 γεγονότα

74 2866 268 2957 παρέδοσόν
288 2885 392 2951 σφεας
413 2862 537 2944 αότοός
559 2862 715 2952 ἀμαχητὶ,
737 2867 792 2934 καὶ
814 2864 923 2951 φόρου
943 2891 980 2934 τε
1002 2868 1077 2934 ἐτό-

73 2972 174 3050 ξαντα
184 2967 241 3034 καλ
253 2968 345 3046 δῶρα
357 2967 513 3049 ἔπεμπον.
538 2961 582 3041 όίς
592 2963 629 3030 δὲ
640 2970 826 3050 Κυρηναῖοι
841 2965 896 3032 καλ
904 2971 1077 3051 Βαρκαῖοι,

74 3070 244 3144 βείσαιπες
273 3054 397 3151 ὁμοίιος
414 3063 470 3131 καλ
488 3066 523 3129 οί
520 3068 678 3229 ὲΛίβυες,
703 3063 799 3146 ἕτερα
818 3067 952 3130 τοιαῦτα
963 3065 1078 3149 ἐποίη-

79 3189 146 3238 σαν.
186 3162 425 3251 Καμβύσηςδὲ
440 3157 517 3279 τόμ
520 3158 660 3249 ἐνπαρόι
674 3161 813 3248 Λιβύων
827 3162 971 3232 ἐλθόντα
986 3167 1077 3272 βώρα

86 3263 292 3354 οιλοφρόνως
307 3261 455 3346 ἐδέξατο,
468 3286 510 3326 τα
498 3257 561 3328 “έδ
574 3284 664 3346 παρα
652 3256 909 3346 Κυρηναίαν’
890 3261 1075 3342 απικόμευα

84 3359 300 3457 μεμφθεὶς,
278 3388 323 3440 ιος
343 3362 416 3445 ἐμοὶ
436 3358 600 3447 θοκέει,”
578 3385 631 3428 οτι
651 3352 696 3447 ἧν
711 3356 807 3445 ὀλίγα
827 3364 995 3446 (ἔπεμψαν
1009 3378 1076 3481 γαρ

85 3467 110 3565 ιη
131 3467 357 3545 πεντακοσίας
371 3463 472 3556 μυίας
485 3458 651 3553 ἀργυρίου
666 3464 701 3535 οί
712 3462 932 3552 Κυρηναῖοι),
956 3458 1077 3550 τούτοις
