2562 3926
209 207 216 227 ¹
325 233 408 295 ιιε.
440 236 472 293 ιι.
505 237 603 297 σαν.
636 241 809 301 ιιι-ιιι.
1005 235 1067 303 205

82 395 163 464 ίιθοί
171 392 232 466 τόν
243 393 380 488 Ἀπρίην
389 411 479 468 τοῖσι
485 402 705 486 Αἰγυπτίοισι.
725 402 760 467 ot
767 399 806 468 δέ
814 426 873 486 μιν
883 395 1066 482 ἀπέπνιξαν

82 495 129 563 καί
138 499 266 565 ἔπειτεν
278 502 410 580 ἔθαψαν
421 501 458 567 έν
467 503 541 587 τῇσι
551 502 734 587 πατρωίῃσι
748 505 881 588 ταφῇσι.
904 502 940 566 αί
952 499 991 568 δέ
1003 506 1066 567 είσι
1183 508 1190 517 ’

82 591 167 683 ἐντῷ
181 598 244 686 ίρῷ
259 601 317 682 τῆς
333 591 528 683 Ἀθηναίης,
548 591 718 682 ἀγχοτάτω
732 601 793 662 τοῦ
808 594 974 683 μεγάρου,
997 598 1065 664 ἐσι-

81 686 143 757 όντι
156 687 331 782 άριστερῆς
347 692 464 782 χειρός.
493 698 628 775 ἔθαψαν
648 692 819 762 maim
840 692 967 772 πάντας
986 692 1066 773 τούς
1140 770 1148 784 ‚

81 786 112 852 ίιι
129 796 233 876 νομοῦ
253 792 377 860 τούτου
398 792 602 878 γενομένους
621 794 776 879 βασιλέας
795 797 860 860 ίσω
879 794 917 860 έν
932 797 978 882 τῷ
992 795 1062 882 ίρῷ.

81 888 126 955 καί
146 886 208 977 γάρ
229 888 269 959 τό
290 897 353 959 τοῦ
369 889 523 978 Ἀμάσιος
538 897 627 978 σῆμα
649 892 811 977 ἑκαστέρω
833 890 895 977 μέν
916 892 983 959 ἐστι
1003 895 1064 957 τοῦ

80 987 215 1075 μεγάρου
228 984 251 1077 ἦ
264 986 303 1059 τό
317 994 379 1059 τοῦ
389 987 529 1077 Ἀπρίεω
542 993 597 1058 καί
611 994 679 1057 τῶν
695 988 817 1057 τούτου
830 987 1062 1074 προπατόρων,

82 1086 138 1151 ἔστι
151 1087 263 1172 μέντοι
278 1088 445 1157 καὶτοῦτο
466 1090 504 1156 έν
517 1094 557 1178 τῇ
572 1084 658 1176 αὐλῇ
673 1093 735 1155 τού
751 1091 845 1174 ίροῦ,
865 1083 990 1164 παστάς
1009 1094 1061 1158 λι-

80 1188 148 1271 θίνη
160 1188 287 1275 μεγάλη
301 1191 355 1258 καί
368 1186 538 1277 ἠσκημένη
550 1188 702 1259 στύλοισί
711 1213 747 1257 τε
761 1194 914 1276 φοίνικας
926 1184 966 1255 τά
984 1186 1060 1254 θέν-

81 1281 147 1367 ίρεα
158 1290 413 1374 μεμιμημένοισι
432 1291 488 1356 καί
507 1293 548 1375 τῇ
566 1284 651 1375 άλλη
667 1285 808 1375 δαπάνη.
838 1290 902 1354 έσω
917 1287 953 1353 δὲ
970 1287 1060 1353 έν
1021 1312 1060 1375 τη

80 1382 204 1451 παστάδι
221 1383 297 1466 διξοὶ
311 1384 497 1473 θηράματα
517 1387 649 1473 ἕστηκε,
671 1387 709 1453 έν
723 1385 759 1453 δὲ
777 1398 862 1454 τοῖσι
880 1383 1059 1472 θυρώμασι

80 1472 188 1570 ἦθήκη
202 1486 280 1553 έστί.
310 1488 421 1555 Είσίθ
372 1485 559 1555 λιλίκαίὲ
521 1512 542 1553 α
543 1487 670 1572 [ταφαί
682 1490 744 1553 τοῦ
759 1481 822 1553 ούκ
832 1481 928 1575 οσιου
943 1488 1058 1550 ποιεῦ·
1081 1499 1129 1555 170

80 1599 127 1658 μαι
139 1581 187 1650 έπί
202 1582 345 1675 τοιούτφ
364 1585 531 1674 πρήγματι
550 1583 760 1671 ἐξαγορεύειν
775 1579 923 1676 τοῦνομα
940 1586 977 1652 έν
992 1581 1060 1650 Σάι·

81 1672 159 1767 ἒντφ
172 1682 287 1773 ίρφ
245 1709 305 1770 της
319 1652 513 1781 Ἀθηναίης,
531 1681 653 1753 ὄπισθε
666 1689 727 1751 τού
741 1708 842 1771 νηου,
859 1679 983 1760 παντός
997 1685 1057 1749 τού

80 1777 125 1856 ῐῆς
139 1772 316 1867 Ἀθηναίης
332 1781 484 1868 ἐχόμεναι
503 1787 625 1869 τοίχου
655 1786 710 1850 καί
729 1783 767 1850 έν
780 1787 826 1873 τῷ
840 1783 969 1869 τεμένεϊ
982 1778 1058 1869 ὀβε-

80 1872 121 1937 λοί
134 1873 239 1945 ἑστᾶσι
252 1878 394 1965 μεγάλοι
407 1886 545 1965 λίθινοι,
556 1884 656 1965 λίμνη
667 1878 705 1947 τέ
716 1880 785 1948 έστι
795 1851 932 1997 έχομένη
942 1885 1058 1966 λιθίνη

81 1974 194 2053 κρηπῖσι
208 1979 439 2063 κεκοσμημένη
455 1977 509 2044 καί
523 1968 763 2064 ἐργασμένη
723 2001 762 2043 ευ
779 1975 908 2066 κύκλφ,
929 1977 984 2044 καὶ
997 1977 1058 2064 μέ-

80 2069 221 2157 γαθος,“
199 2099 244 2152 ως
264 2075 338 2160 ἐμοὶ
355 2071 532 2160 ίθόκεε,”
513 2095 639 2163 οσηπερ
665 2099 687 2159 η
674 2068 740 2140 έν
752 2070 891 2165 Δήλφ
874 2100 895 2159 η
910 2097 1080 2159 τροχοει

80 2160 126 2249 έῆς
137 2174 325 2293 καλεομένη.
367 2169 421 2241 Ἐν
441 2169 478 2241 δὲ
491 2195 532 2261 τη
517 2177 647 2260 λίμνη
666 2169 770 2261 ταύτη
784 2197 825 2240 τα
813 2168 976 2258 δείκηλα
989 2177 1057 2239 τῶν
1069 2183 1115 2242 171
1252 2202 1253 2207 ’

80 2267 197 2335 παθέων
216 2266 323 2338 αὐτοῦ
347 2266 467 2350 νυκτός
486 2275 636 2356 ποιεῦσι,
656 2293 696 2337 τα
685 2265 871 2341 καλέουσι
891 2270 1056 2359 μυστήρια

79 2364 243 2447 Αἰγύπτιοι.
273 2370 350 2457 περί
370 2371 432 2456 μέν
448 2395 514 2437 νυν
534 2366 663 2437 τούτων
684 2366 785 2438 είθότι
801 2393 858 2455 μοι
874 2369 927 2438 ίπλ
941 2372 1055 2459 πλέον,

80 2452 297 2536 ὦς’έκαστα
252 2492 367 2535 αυτων
381 2473 463 2555 ἔχει,
482 2465 627 2555 εὔστομα
641 2473 775 2538 κείσθω.
798 2467 906 2537 καί
866 2493 924 2556 της
935 2468 1055 2558 Δήμη-

79 2580 139 2643 τρος
157 2571 286 2653 τελετης
306 2564 457 2654 πέρι,
420 2594 484 2654 την
501 2570 535 2636 οί
545 2563 703 2654 Ἕλληνες
721 2565 934 2657 θεσμοφόρια
955 2569 1054 2639 καλέ-

79 2676 153 2745 ονσι,
172 2664 227 2733 καί
241 2663 364 2752 ταύτης
382 2691 438 2753 μοι
455 2666 531 2753 πέρι
547 2662 691 2751 εύστομα
704 2670 847 2752 κείσθω,
868 2664 993 2755 πλην”
971 2685 1053 2736 οσον

28 2740 30 2857 ζ
78 2749 161 2842 αὗτῆς
181 2755 254 2849 ὁσίη
276 2764 344 2832 ἐστὶ
364 2764 483 2851 λέγειν.
506 2767 543 2834 αί
553 2770 694 2833 Δαναοῦ
713 2759 933 2854 θυγατέρες
910 2787 998 2855 ησαυ
1018 2773 1057 2839 αί

28 2868 29 2873 ’
77 2848 125 2939 τὴν
136 2857 265 2947 τελετην
277 2861 404 2950 ταύτην
419 2865 452 2945 ἐξ
466 2863 641 2951 Αἰγύπτου
655 2866 873 2952 ἐξαγαγοῦσαι
886 2868 942 2937 καί
957 2868 1052 2937 (λιθά-

77 2951 202 3027 ξασαι
166 2982 223 3037 τας
235 2960 505 3048 Πελασγιώτιδας
523 2975 700 3050 γυναῖκας
721 2990 803 3051 μετα
791 2961 855 3035 δὲ
871 2967 1051 3047 ἐξαναστά-

76 3066 124 3134 σης
144 3052 246 3144 πάσης
265 3058 570 3150 Πελοποννήσου
552 3056 619 3129 υπό
640 3063 803 3145 Δωριέων
826 3062 1045 3145 έξαπύλετο’
1029 3098 1049 3155 η

75 3147 185 3239 τελετη,
206 3158 241 3222 οί
263 3156 300 3225 θλ
323 3154 587 3248 ὑπολειφθέντες
607 3167 890 3284 Πελρποννησίων
912 3168 977 3236 καί
987 3166 1049 3234 οὐκ

77 3240 310 3335 ίξσναστάντες’
305 3257 457 3345 Αρκάθες
474 3262 630 3342 διέσωζον
645 3256 752 3348 αύτην
766 3266 897 3347 μοῦνοι.

140 3341 322 3440 Ἀπρίεωίλ
306 3347 408 3423 λάθε
425 3359 714 3449 καταραιρημένου
729 3361 921 3447 ἐβασίλευσε
933 3356 974 3426 A
978 3384 1050 3446 μα
1066 3379 1117 3437 171

77 3452 142 3535 ίίί,
160 3471 263 3543 νυμον
248 3454 340 3549 ’μὲν
353 3461 483 3533 Σαΐτεω
500 3454 583 3557 ίαν,
604 3459 695 3529 έκ
654 3484 713 3553 της
727 3451 802 3529 σὲ
779 3485 823 3555 ην
835 3453 1049 3551 πόλιος,ού-
