2606 3920
213 158 312 262 τοι
587 205 839 265 οοοοοοτι
900 278 905 284 ,

214 365 251 431 ἕν
266 370 432 450 Σαλαμῖνι
448 359 693 450 τοῦςἝλληνας
704 362 764 432 τὸν
772 369 917 454 Πέρσην.
939 365 999 436 τόν
1010 368 1046 438 δέ
1058 364 1223 456 Ἀμίλκαα

213 460 447 550 Καρχηδόνιον
458 462 556 530 έόντα
571 460 656 549 πρὸς
670 461 812 550 πατρός,
826 466 998 553 μητρόθεν
1009 467 1046 536 δέ
1055 467 1222 556 Συρηκό-

213 584 304 649 σιον,
319 560 564 647 βασιλεύσαντά
578 587 614 630 τε
627 561 701 630 κατ’
716 560 951 652 ἀνδραγαθίην
964 570 1219 654 Καρχηδονίων,

213 658 256 739 ὡς
272 656 293 746 η
309 659 462 745 συμβολή
478 684 513 726 τε
527 660 653 746 ἐγίνετο
666 663 720 728 καλ
737 660 782 741 ῦς
799 666 937 730 ἑσσοῦτο
951 670 991 752 τῇ
1004 664 1109 754 μα’χη,
1125 662 1218 750 ἀφα-

211 764 370 845 νισθηναι
391 755 626 843 πυνθάνομαι
654 756 731 826 οῦτε
751 757 815 846 γάρ
837 758 962 877 ζύοητα
982 758 1060 829 οῦτε
1080 758 1218 829 ἀποθα

211 857 314 924 νόντα
328 861 475 944 φανῆναι
488 852 692 941 οὐδαμοῦ
650 882 726 943 γης
748 854 785 924 τό
797 864 867 926 πάν
879 855 944 945 γάρ
956 861 1148 939 έπεξελθειυ
1163 863 1218 927 δι-

145 971 193 1029 167
210 956 352 1044 ζημενον
365 956 510 1022 Γέλωνα.
535 952 627 1021 ’Ἐστι
643 951 712 1021 δὲ’
694 952 754 1021 υτι’
773 951 886 1023 αὐτῶν
900 959 1141 1042 Καρχηδονίων
1156 953 1217 1023 ὅδε

211 1083 229 1124 ο
216 1054 343 1141 ’λόγος
357 1052 580 1139 λεγόμενος,ο
562 1053 668 1122 οἰκότι
680 1055 889 1142 χρεομέυωυ,
905 1052 978 1134 ὡςο
979 1057 1077 1176 ίμὲν
1082 1054 1212 1143 βάρβα-

211 1179 265 1242 ροι
280 1164 366 1219 τοῖσι
371 1149 539 1236 Ἕλλησι’
522 1178 559 1218 εν
575 1179 615 1239 τη
601 1157 768 1240 Σικελίη
788 1152 949 1239 έμάχουτο
966 1151 1032 1234 λε’
1013 1160 1095 1242 ηοῦς
1109 1150 1216 1239 ἀρξά-

210 1277 306 1341 μενοι
320 1251 415 1336 μέχρι
430 1252 539 1335 δείλης
554 1246 651 1333 ὀψίης
666 1250 733 1337 (ἐπὶ
744 1255 884 1316 τοσοῦτο
895 1247 960 1338 γάρ
971 1253 1099 1337 λέγεται
1114 1250 1215 1319 ἑλκύ-

210 1372 266 1420 σαι
280 1347 343 1436 τὴν
357 1349 546 1434 σύστασιν),
561 1344 579 1414 ὁ
593 1348 629 1414 δὲ
641 1344 794 1433 Ἀμίλκας
807 1349 845 1415 έν
856 1348 963 1440 τούτῳ
974 1356 1020 1439 τῷ
1032 1347 1143 1439 χρόνῳ
1154 1351 1215 1434 μέ-

209 1475 280 1519 νων
292 1450 329 1516 έν
342 1453 389 1536 τῷ
403 1449 612 1536 στρατοπέδῳ
627 1444 747 1514 ἐθύετο
759 1449 814 1513 καὶ
825 1448 1029 1534 ἐκαλλιρίετο
1041 1449 1093 1514 ἐπὶ
1104 1452 1215 1531 πυρῆς

209 1546 354 1634 μεγάλης
374 1544 509 1630 στόματα
530 1541 592 1612 όλα
614 1549 814 1629 καταγιῗωῦ,
838 1540 921 1612 ίδῦν
942 1544 979 1614 δὲ
999 1543 1128 1633 τροπὴν
1145 1549 1214 1610 τῶν

209 1649 336 1714 ἑωυτοῦ
346 1644 539 1731 γινομένην,
549 1639 592 1721 ὡς
603 1647 697 1729 έτυχε
708 1644 917 1711 ἐπισπένδων
927 1657 1012 1713 τοῖσι
1022 1647 1135 1731 ίροτσι,
1147 1635 1214 1710 ὦσε

208 1738 336 1811 ἑωυτόν
346 1744 380 1821 ές
390 1740 427 1810 τό
440 1747 525 1829 πῦρ·
543 1737 632 1808 οὕτω
644 1737 685 1829 δὴ
698 1742 953 1809 κατακαυθέντα
966 1737 1212 1827 ἀφανισθῆναι.

208 1841 431 1928 ἀφανισθέντι
443 1839 479 1909 δὲ
490 1837 625 1927 Ἀμίλκηι
636 1838 750 1928 τρόπω
762 1846 827 1906 είτε
838 1839 989 1930 τοιούτω,
1002 1837 1045 1918 ὡς
1056 1845 1213 1916 Φοίνικες

207 1943 352 2025 λέγουσι,
368 1948 432 2007 ελιε
444 1939 552 2029 ἑτέρῳ,
566 1932 610 2015 ὡς
621 1936 838 2024 Συρηκόσιοι,
852 1935 1101 2024 [Καρχηδόνιοι]
1111 1941 1211 2004 τοῦτο

206 2041 269 2123 μέν
289 2040 323 2105 οί
339 2035 484 2123 θύουσι,
505 2041 604 2102 τοῦτο
626 2037 663 2102 δέ
678 2033 834 2121 μνήματα
849 2037 1009 2120 ἐποίησαν
1029 2036 1067 2102 έν
1085 2033 1213 2124 πάσησι

206 2140 280 2223 τῇσι
294 2133 406 2202 πόλισι
420 2141 488 2202 τῶν
499 2130 694 2219 ἀποικίδων,
713 2135 750 2200 έν
765 2130 850 2222 αύτῇ
862 2159 897 2201 τε
908 2137 1065 2220 μέγιστον
1075 2141 1213 2220 Καρχη-

207 2233 291 2299 δόνι.
319 2228 367 2298 Τά
382 2232 445 2317 μὲν
459 2228 524 2298 ἀπὸ
539 2238 695 2317 Σικελίης
710 2237 864 2299 τοσαῦτα.

139 2342 190 2401 168
290 2336 492 2415 Κερκυραῖοι
507 2327 544 2395 δὲ
557 2325 636 2394 τόδε
658 2323 924 2416 ὑποκρινόμενοι
941 2345 1026 2398 τοῖσι
1040 2328 1212 2416 ἀγγέλοισι

205 2425 317 2494 τοιάδε
333 2427 507 2511 ἐποίησαν·
530 2421 660 2510 καὶγὰρ
672 2425 812 2506 τούτους
823 2429 1084 2515 παρελάμβανον
1099 2431 1134 2497 οί
1146 2426 1212 2494 αύ-

205 2525 256 2590 vol
271 2525 306 2589 οί
314 2545 376 2610 περ
389 2524 443 2590 καὶ
455 2525 487 2600 ἐς
498 2528 657 2607 Σικελίην
668 2518 820 2611 ἀπίκατο,
832 2530 984 2610 λέγοντες
994 2523 1074 2605 τούς
1085 2522 1211 2606 αύτούς

205 2622 327 2709 λόγους
341 2620 420 2702 τοῦς
442 2623 495 2690 καὶ
511 2620 595 2709 πρὸς
609 2625 745 2690 Γέλωνα
760 2628 885 2710 ἔλεγον.
915 2630 949 2694 ολ
968 2626 1005 2694 δὲ
1020 2633 1211 2715 παραυτίκα

204 2725 267 2809 έμν
284 2718 463 2809 ὑπίσχοντο
478 2724 622 2810 πέμψειν
635 2748 669 2790 τε
685 2719 774 2790 καθ’
755 2725 931 2811 αμννέειν,
949 2723 1188 2813 φραζοντες,’
1164 2754 1211 2806 ως

204 2817 247 2887 οῦ
257 2839 318 2905 σφι
329 2823 504 2905 περιοπτέη
514 2818 608 2889 ἐστὶ
591 2848 659 2908 η
624 2818 739 2899 Ἑλλὰς
751 2818 1083 2911 ἀπολλυμένη(ην
1041 2851 1107 2912 γαρ
1119 2846 1211 2912 σφα-

204 2923 262 3005 λη,
283 2931 378 3002 σφεῖς
392 2944 430 3003 γε
447 2916 549 2986 οῦδὲν
567 2917 647 2986 ἀλλο
669 2945 688 3004 η
684 2917 932 2988 δουλεύσουσι
949 2928 988 3009 τῇ
1008 2919 1125 3010 πρότη
1140 2928 1210 2990 τῦν

203 3011 379 3101 ἡμερέων),
389 3011 474 3083 ἀλλά
485 3018 689 3139 τιμωρητέον
701 3025 751 3102 ελη
764 3019 796 3095 ἐς
807 3042 843 3084 το
833 3015 1142 3087 δυνατοίτατονΪ
1123 3044 1209 3088 υπε-

203 3120 361 3200 κρίναντο
381 3113 502 3200 μὲν“
459 3140 548 3181 ουτω
566 3112 785 3202 εὐπρόσωπα,
807 3117 877 3184 έπελ
893 3116 930 3184 δὲ
951 3122 1022 3185 ἔδεε
1035 3120 1209 3205 βοηθέειν,

203 3210 287 3279 ἀλλα
301 3218 456 3289 νοεῦντες
471 3213 668 3299 ἐπλήρωσαν
683 3217 759 3293 νέας
774 3214 949 3303 ἑξήκοντα,
964 3215 1061 3302 μόγις
1072 3218 1108 3284 δὲ
1121 3214 1209 3284 ἀνα-

202 3309 338 3394 χθέντος
358 3310 561 3396 προσέμιξαν
582 3319 621 3399 τῇ
637 3311 883 3403 Πελοποννήσῳ
890 3362 900 3396 ,
923 3315 977 3380 καὶ
998 3315 1072 3400 περὶ
1089 3314 1210 3384 Πύλον

202 3411 256 3477 καλ
275 3413 444 3491 Ταίναρον
464 3415 523 3493 γῆς
542 3416 600 3511 της
622 3413 896 3495 Λακεδαιμονίων
916 3407 1128 3497 ἀνεκοόχευον
1149 3410 1209 3493 τάς
