<?xml version="1.0" encoding="UTF-8"?>
<!DOCTYPE html PUBLIC "-//W3C//DTD XHTML 1.0 Transitional//EN"
    "http://www.w3.org/TR/xhtml1/DTD/xhtml1-transitional.dtd">
<html xmlns="http://www.w3.org/1999/xhtml" xml:lang="en" lang="en">
 <head>
  <title>
</title>
<meta http-equiv="Content-Type" content="text/html;charset=utf-8" />
  <meta name='ocr-system' content='tesseract 3.04.00' />
  <meta name='ocr-capabilities' content='ocr_page ocr_carea ocr_par ocr_line ocrx_word'/>
</head>
<body>
  <div class='ocr_page' id='page_1' title='image "./historiarumlibr03herogoog_0632.png"; bbox 0 0 2606 3920; ppageno 0'>
   <div class='ocr_carea' id='block_1_1' title="bbox 380 233 1134 298">
    <p class='ocr_par' dir='ltr' id='par_1_1' title="bbox 380 233 1134 298">
     <span class='ocr_line' id='line_1_1' title="bbox 380 233 1134 298; baseline 0.003 -4"><span class='ocrx_word' id='word_1_1' title='bbox 380 237 467 294; x_wconf 80' lang='lat' dir='ltr'><strong>Llss.</strong></span> <span class='ocrx_word' id='word_1_2' title='bbox 496 233 554 293; x_wconf 79' lang='lat' dir='ltr'><strong><em>vn.</em></strong></span> <span class='ocrx_word' id='word_1_3' title='bbox 589 235 687 292; x_wconf 73' lang='grc' dir='ltr'><strong><em>σεε.</em></strong></span> <span class='ocrx_word' id='word_1_4' title='bbox 709 241 895 298; x_wconf 57' lang='grc' dir='ltr'><strong><em>4αιε--ιιε,</em></strong></span> <span class='ocrx_word' id='word_1_5' title='bbox 1073 233 1134 297; x_wconf 78' lang='lat'><strong><em>215</em></strong></span> 
     </span>
    </p>
   </div>
   <div class='ocr_carea' id='block_1_2' title="bbox 2 389 1263 760">
    <p class='ocr_par' dir='ltr' id='par_1_2' title="bbox 2 360 1263 760">
     <span class='ocr_line' id='line_1_2' title="bbox 2 389 1137 495; baseline -0.002 -27"><span class='ocrx_word' id='word_1_6' title='bbox 2 468 4 495; x_wconf 54' lang='lat'>›</span> <span class='ocrx_word' id='word_1_7' title='bbox 132 397 199 469; x_wconf 79' lang='grc' dir='ltr'><strong><em>ἐάν</em></strong></span> <span class='ocrx_word' id='word_1_8' title='bbox 209 395 253 486; x_wconf 85' lang='grc' dir='ltr'><strong><em>μη</em></strong></span> <span class='ocrx_word' id='word_1_9' title='bbox 262 393 415 484; x_wconf 78' lang='grc' dir='ltr'><strong><em>Μηλιεὺς</em></strong></span> <span class='ocrx_word' id='word_1_10' title='bbox 425 394 551 481; x_wconf 87' lang='grc' dir='ltr'><strong><em>ταύτην</em></strong></span> <span class='ocrx_word' id='word_1_11' title='bbox 561 390 623 480; x_wconf 74' lang='grc' dir='ltr'><strong><em>τὴν</em></strong></span> <span class='ocrx_word' id='word_1_12' title='bbox 635 389 786 480; x_wconf 84' lang='grc' dir='ltr'><strong><em>ἀτραπόν</em></strong></span> <span class='ocrx_word' id='word_1_13' title='bbox 797 390 942 482; x_wconf 81' lang='grc' dir='ltr'><em>Ὀνήτης,</em></span> <span class='ocrx_word' id='word_1_14' title='bbox 956 403 986 466; x_wconf 88' lang='grc' dir='ltr'><strong><em>εί</em></strong></span> <span class='ocrx_word' id='word_1_15' title='bbox 996 405 1036 487; x_wconf 73' lang='grc' dir='ltr'><strong><em>τῇ</em></strong></span> <span class='ocrx_word' id='word_1_16' title='bbox 1046 398 1137 488; x_wconf 84' lang='grc' dir='ltr'><strong><em>χάρη</em></strong></span> 
     </span>
     <span class='ocr_line' id='line_1_3' title="bbox 2 487 1257 584; baseline -0.002 -17"><span class='ocrx_word' id='word_1_17' title='bbox 2 498 3 551; x_wconf 67' lang='lat'><em>3</em></span> <span class='ocrx_word' id='word_1_18' title='bbox 131 495 238 567; x_wconf 83' lang='grc' dir='ltr'><strong><em>πολλά</em></strong></span> <span class='ocrx_word' id='word_1_19' title='bbox 254 491 428 584; x_wconf 80' lang='grc' dir='ltr'><strong><em>ὦμιληκάς</em></strong></span> <span class='ocrx_word' id='word_1_20' title='bbox 443 502 508 580; x_wconf 88' lang='grc' dir='ltr'><strong><em>είη·</em></strong></span> <span class='ocrx_word' id='word_1_21' title='bbox 539 487 612 561; x_wconf 86' lang='grc' dir='ltr'><strong><em>ἀλλ’</em></strong></span> <span class='ocrx_word' id='word_1_22' title='bbox 631 488 804 578; x_wconf 74' lang='grc' dir='ltr'><strong><em>Ἐπιάλτης</em></strong></span> <span class='ocrx_word' id='word_1_23' title='bbox 819 491 885 578; x_wconf 90' lang='grc' dir='ltr'><strong><em>γάρ</em></strong></span> <span class='ocrx_word' id='word_1_24' title='bbox 901 495 970 564; x_wconf 87' lang='grc' dir='ltr'><strong><em>ἐστι</em></strong></span> <span class='ocrx_word' id='word_1_25' title='bbox 985 491 1003 563; x_wconf 85' lang='grc' dir='ltr'>ὁ</span> <span class='ocrx_word' id='word_1_26' title='bbox 1020 522 1136 584; x_wconf 90' lang='grc' dir='ltr'><strong><em>περιη-</em></strong></span> <span class='ocrx_word' id='word_1_27' title='bbox 1186 523 1192 538; x_wconf 74' lang='grc'><strong><em>’</em></strong></span> <span class='ocrx_word' id='word_1_28' title='bbox 1248 518 1257 531; x_wconf 83' lang='grc'><strong><em>’</em></strong></span> 
     </span>
     <span class='ocr_line' id='line_1_4' title="bbox 1119 533 1263 760; baseline 0 -2"><span class='ocrx_word' id='word_1_29' title='bbox 1119 533 1263 760; x_wconf 53' lang='grc' dir='ltr'><strong><em>τό</em></strong></span> 
     </span>
    </p>
   </div>
   <div class='ocr_carea' id='block_1_3' title="bbox 130 585 1137 682">
    <p class='ocr_par' dir='ltr' id='par_1_3' title="bbox 130 585 1137 682">
     <span class='ocr_line' id='line_1_5' title="bbox 130 585 1137 682; baseline 0 -20"><span class='ocrx_word' id='word_1_30' title='bbox 130 594 319 682; x_wconf 89' lang='grc' dir='ltr'><strong><em>γησάμενος</em></strong></span> <span class='ocrx_word' id='word_1_31' title='bbox 336 590 374 661; x_wconf 84' lang='grc' dir='ltr'><strong><em>τὸ</em></strong></span> <span class='ocrx_word' id='word_1_32' title='bbox 389 585 491 678; x_wconf 80' lang='grc' dir='ltr'><strong><em>οὖρος</em></strong></span> <span class='ocrx_word' id='word_1_33' title='bbox 511 587 594 658; x_wconf 87' lang='grc' dir='ltr'><strong><em>κατά</em></strong></span> <span class='ocrx_word' id='word_1_34' title='bbox 614 586 677 677; x_wconf 77' lang='grc' dir='ltr'><strong><em>τὴν</em></strong></span> <span class='ocrx_word' id='word_1_35' title='bbox 698 585 866 677; x_wconf 85' lang='grc' dir='ltr'><strong><em>ἀτραπόν,</em></strong></span> <span class='ocrx_word' id='word_1_36' title='bbox 887 599 1009 660; x_wconf 85' lang='grc' dir='ltr'><strong><em>τοῦτον</em></strong></span> <span class='ocrx_word' id='word_1_37' title='bbox 1029 605 1137 662; x_wconf 78' lang='grc' dir='ltr'><strong><em>αἴτιον</em></strong></span> 
     </span>
    </p>
   </div>
   <div class='ocr_carea' id='block_1_4' title="bbox 1 687 1186 785">
    <p class='ocr_par' dir='ltr' id='par_1_4' title="bbox 1 687 1186 785">
     <span class='ocr_line' id='line_1_6' title="bbox 1 687 1186 785; baseline -0.007 -17"><span class='ocrx_word' id='word_1_38' title='bbox 1 692 4 717; x_wconf 88' lang='lat'>&#39;</span> <span class='ocrx_word' id='word_1_39' title='bbox 131 696 262 785; x_wconf 89' lang='grc' dir='ltr'><strong><em>γράφω.</em></strong></span> <span class='ocrx_word' id='word_1_40' title='bbox 285 696 407 780; x_wconf 68' lang='grc' dir='ltr'><strong><em>Ξέρξης</em></strong></span> <span class='ocrx_word' id='word_1_41' title='bbox 426 697 478 778; x_wconf 83' lang='grc' dir='ltr'><strong><em>δέ,</em></strong></span> <span class='ocrx_word' id='word_1_42' title='bbox 493 695 567 762; x_wconf 89' lang='grc' dir='ltr'><strong><em>ἐπεί</em></strong></span> <span class='ocrx_word' id='word_1_43' title='bbox 579 695 614 759; x_wconf 89' lang='grc' dir='ltr'><strong><em>οί</em></strong></span> <span class='ocrx_word' id='word_1_44' title='bbox 627 687 725 779; x_wconf 77' lang='grc' dir='ltr'><strong><em>ἤρεσε</em></strong></span> <span class='ocrx_word' id='word_1_45' title='bbox 742 687 782 757; x_wconf 87' lang='grc' dir='ltr'><strong><em>τά</em></strong></span> <span class='ocrx_word' id='word_1_46' title='bbox 800 687 959 776; x_wconf 81' lang='grc' dir='ltr'><strong><em>ὑπέσχετο</em></strong></span> <span class='ocrx_word' id='word_1_47' title='bbox 974 689 993 761; x_wconf 87' lang='grc' dir='ltr'>ὁ</span> <span class='ocrx_word' id='word_1_48' title='bbox 1006 689 1119 762; x_wconf 83' lang='grc' dir='ltr'><strong><em>Ἐπιάλ</em></strong></span> <span class='ocrx_word' id='word_1_49' title='bbox 1154 709 1186 760; x_wconf 76' lang='lat'><strong><em>21</em></strong></span> 
     </span>
    </p>
   </div>
   <div class='ocr_carea' id='block_1_5' title="bbox 125 786 1234 1179">
    <p class='ocr_par' dir='ltr' id='par_1_5' title="bbox 125 786 1234 1179">
     <span class='ocr_line' id='line_1_7' title="bbox 131 786 1136 881; baseline -0.001 -18"><span class='ocrx_word' id='word_1_50' title='bbox 131 821 189 881; x_wconf 89' lang='grc' dir='ltr'><strong><em>της</em></strong></span> <span class='ocrx_word' id='word_1_51' title='bbox 201 792 477 878; x_wconf 76' lang='grc' dir='ltr'><strong><em>κατεργάσεσθαι,</em></strong></span> <span class='ocrx_word' id='word_1_52' title='bbox 492 789 610 858; x_wconf 83' lang='grc' dir='ltr'><strong><em>αὐτίκα</em></strong></span> <span class='ocrx_word' id='word_1_53' title='bbox 624 786 803 876; x_wconf 81' lang='grc' dir='ltr'><strong><em>περιχαρὴς</em></strong></span> <span class='ocrx_word' id='word_1_54' title='bbox 817 790 998 877; x_wconf 85' lang='grc' dir='ltr'><strong><em>γενόμενος</em></strong></span> <span class='ocrx_word' id='word_1_55' title='bbox 1013 798 1136 881; x_wconf 83' lang='grc' dir='ltr'><strong><em>ἔπεμπε</em></strong></span> 
     </span>
     <span class='ocr_line' id='line_1_8' title="bbox 125 884 1136 979; baseline 0 -19"><span class='ocrx_word' id='word_1_56' title='bbox 125 890 287 974; x_wconf 64' lang='grc' dir='ltr'><strong><em>Ὑδάρνεα</em></strong></span> <span class='ocrx_word' id='word_1_57' title='bbox 303 893 437 979; x_wconf 76' lang='grc' dir='ltr'><strong><em>καὶτῶν</em></strong></span> <span class='ocrx_word' id='word_1_58' title='bbox 452 887 647 975; x_wconf 81' lang='grc' dir='ltr'><strong><em>ἐστρατήγεε</em></strong></span> <span class='ocrx_word' id='word_1_59' title='bbox 655 884 827 974; x_wconf 68' lang='grc' dir='ltr'><strong><em>Ὑδάρνης.</em></strong></span> <span class='ocrx_word' id='word_1_60' title='bbox 853 886 1001 976; x_wconf 83' lang='grc' dir='ltr'><strong><em>ὡρμέατο</em></strong></span> <span class='ocrx_word' id='word_1_61' title='bbox 1014 889 1050 959; x_wconf 77' lang='grc' dir='ltr'><strong><em>δέ</em></strong></span> <span class='ocrx_word' id='word_1_62' title='bbox 1062 894 1136 977; x_wconf 77' lang='grc' dir='ltr'><strong><em>περὶ</em></strong></span> 
     </span>
     <span class='ocr_line' id='line_1_9' title="bbox 132 983 1137 1077; baseline -0.003 -18"><span class='ocrx_word' id='word_1_63' title='bbox 132 989 267 1076; x_wconf 80' lang='grc' dir='ltr'><strong><em>λύχνων</em></strong></span> <span class='ocrx_word' id='word_1_64' title='bbox 277 987 367 1077; x_wconf 80' lang='grc' dir='ltr'><strong><em>ἁφάς</em></strong></span> <span class='ocrx_word' id='word_1_65' title='bbox 383 991 419 1058; x_wconf 91' lang='grc' dir='ltr'><strong><em>ἐκ</em></strong></span> <span class='ocrx_word' id='word_1_66' title='bbox 434 995 494 1056; x_wconf 91' lang='grc' dir='ltr'><strong><em>τοῦ</em></strong></span> <span class='ocrx_word' id='word_1_67' title='bbox 505 988 741 1075; x_wconf 86' lang='grc' dir='ltr'><strong><em>στρατοπέδου.</em></strong></span> <span class='ocrx_word' id='word_1_68' title='bbox 764 983 826 1071; x_wconf 77' lang='grc' dir='ltr'><strong><em>τὴν</em></strong></span> <span class='ocrx_word' id='word_1_69' title='bbox 840 989 877 1054; x_wconf 78' lang='grc' dir='ltr'><strong><em>δέ</em></strong></span> <span class='ocrx_word' id='word_1_70' title='bbox 887 984 1039 1075; x_wconf 86' lang='grc' dir='ltr'><strong><em>ἀτραπόν</em></strong></span> <span class='ocrx_word' id='word_1_71' title='bbox 1053 990 1137 1056; x_wconf 86' lang='grc' dir='ltr'><strong><em>ταύ-</em></strong></span> 
     </span>
     <span class='ocr_line' id='line_1_10' title="bbox 130 1086 1234 1179; baseline -0.004 -20"><span class='ocrx_word' id='word_1_72' title='bbox 130 1119 193 1179; x_wconf 91' lang='grc' dir='ltr'><strong><em>την</em></strong></span> <span class='ocrx_word' id='word_1_73' title='bbox 214 1094 352 1178; x_wconf 77' lang='grc' dir='ltr'><strong><em>ἐξεῦρον</em></strong></span> <span class='ocrx_word' id='word_1_74' title='bbox 371 1091 433 1178; x_wconf 77' lang='grc' dir='ltr'><strong><em>μέν</em></strong></span> <span class='ocrx_word' id='word_1_75' title='bbox 457 1093 491 1158; x_wconf 89' lang='grc' dir='ltr'><strong><em>οί</em></strong></span> <span class='ocrx_word' id='word_1_76' title='bbox 510 1086 679 1175; x_wconf 76' lang='grc' dir='ltr'><strong><em>ἐπιχώριοι</em></strong></span> <span class='ocrx_word' id='word_1_77' title='bbox 699 1087 862 1172; x_wconf 78' lang='grc' dir='ltr'><strong><em>Μηλιέες,</em></strong></span> <span class='ocrx_word' id='word_1_78' title='bbox 889 1088 1080 1172; x_wconf 81' lang='grc' dir='ltr'><strong><em>ἐξευρόντες</em></strong></span> <span class='ocrx_word' id='word_1_79' title='bbox 1099 1088 1136 1156; x_wconf 80' lang='grc' dir='ltr'><strong><em>δέ</em></strong></span> <span class='ocrx_word' id='word_1_80' title='bbox 1232 1139 1234 1142; x_wconf 29' lang='lat'><em>⁴</em></span> 
     </span>
    </p>
   </div>
   <div class='ocr_carea' id='block_1_6' title="bbox 2 1181 1136 1276">
    <p class='ocr_par' dir='ltr' id='par_1_6' title="bbox 2 1181 1136 1276">
     <span class='ocr_line' id='line_1_11' title="bbox 2 1181 1136 1276; baseline -0.007 -16"><span class='ocrx_word' id='word_1_81' title='bbox 2 1216 3 1221; x_wconf 50' lang='lat'>¹</span> <span class='ocrx_word' id='word_1_82' title='bbox 132 1197 329 1259; x_wconf 78' lang='grc' dir='ltr'><strong><em>Θεσσαλοῖσι</em></strong></span> <span class='ocrx_word' id='word_1_83' title='bbox 343 1189 572 1276; x_wconf 77' lang='grc' dir='ltr'><strong><em>κατηγήσαντο</em></strong></span> <span class='ocrx_word' id='word_1_84' title='bbox 584 1187 636 1253; x_wconf 79' lang='grc' dir='ltr'><strong><em>ἐπὶ</em></strong></span> <span class='ocrx_word' id='word_1_85' title='bbox 647 1188 795 1269; x_wconf 86' lang='grc' dir='ltr'><strong><em>Φωκέας,</em></strong></span> <span class='ocrx_word' id='word_1_86' title='bbox 810 1183 884 1251; x_wconf 90' lang='grc' dir='ltr'><strong><em>τότε</em></strong></span> <span class='ocrx_word' id='word_1_87' title='bbox 895 1181 950 1252; x_wconf 84' lang='grc' dir='ltr'><strong><em>ὅτε</em></strong></span> <span class='ocrx_word' id='word_1_88' title='bbox 962 1189 996 1254; x_wconf 89' lang='grc' dir='ltr'><strong><em>οί</em></strong></span> <span class='ocrx_word' id='word_1_89' title='bbox 1004 1188 1136 1265; x_wconf 80' lang='grc' dir='ltr'><strong><em>Φωκέες</em></strong></span> 
     </span>
    </p>
   </div>
   <div class='ocr_carea' id='block_1_7' title="bbox 2 1928 13 1961">
    <p class='ocr_par' dir='ltr' id='par_1_7' title="bbox 2 1928 13 1961">
     <span class='ocr_line' id='line_1_12' title="bbox 2 1928 13 1961; baseline 0 0"><span class='ocrx_word' id='word_1_90' title='bbox 2 1928 13 1961; x_wconf 83' lang='lat'><em>›</em></span> 
     </span>
    </p>
   </div>
   <div class='ocr_carea' id='block_1_8' title="bbox 126 1272 1204 2165">
    <p class='ocr_par' dir='ltr' id='par_1_8' title="bbox 126 1272 1204 2165">
     <span class='ocr_line' id='line_1_13' title="bbox 131 1272 1137 1373; baseline -0.005 -19"><span class='ocrx_word' id='word_1_91' title='bbox 131 1285 318 1373; x_wconf 83' lang='grc' dir='ltr'><strong><em>φράξαντες</em></strong></span> <span class='ocrx_word' id='word_1_92' title='bbox 332 1291 432 1371; x_wconf 73' lang='grc' dir='ltr'><strong><em>τείχει</em></strong></span> <span class='ocrx_word' id='word_1_93' title='bbox 448 1280 511 1369; x_wconf 76' lang='grc' dir='ltr'><strong><em>τὴν</em></strong></span> <span class='ocrx_word' id='word_1_94' title='bbox 530 1277 674 1370; x_wconf 74' lang='grc' dir='ltr'><strong><em>ἐσβολὴν</em></strong></span> <span class='ocrx_word' id='word_1_95' title='bbox 688 1272 775 1366; x_wconf 77' lang='grc' dir='ltr'><strong><em>ἦσαν</em></strong></span> <span class='ocrx_word' id='word_1_96' title='bbox 789 1282 828 1348; x_wconf 82' lang='grc' dir='ltr'><strong><em>ἐν</em></strong></span> <span class='ocrx_word' id='word_1_97' title='bbox 842 1281 947 1368; x_wconf 84' lang='grc' dir='ltr'><strong><em>σκέπη</em></strong></span> <span class='ocrx_word' id='word_1_98' title='bbox 961 1288 1022 1348; x_wconf 91' lang='grc' dir='ltr'><strong><em>τοῦ</em></strong></span> <span class='ocrx_word' id='word_1_99' title='bbox 1036 1285 1137 1352; x_wconf 90' lang='grc' dir='ltr'><strong><em>πολέ-</em></strong></span> 
     </span>
     <span class='ocr_line' id='line_1_14' title="bbox 130 1374 1136 1472; baseline -0.004 -20"><span class='ocrx_word' id='word_1_100' title='bbox 130 1408 213 1472; x_wconf 92' lang='grc' dir='ltr'><strong><em>μου·</em></strong></span> <span class='ocrx_word' id='word_1_101' title='bbox 230 1388 267 1451; x_wconf 80' lang='grc' dir='ltr'><strong><em>ἐκ</em></strong></span> <span class='ocrx_word' id='word_1_102' title='bbox 278 1409 314 1451; x_wconf 86' lang='grc' dir='ltr'><strong><em>τε</em></strong></span> <span class='ocrx_word' id='word_1_103' title='bbox 325 1386 465 1451; x_wconf 79' lang='grc' dir='ltr'><strong><em>τοσοῦδε</em></strong></span> <span class='ocrx_word' id='word_1_104' title='bbox 475 1383 687 1464; x_wconf 86' lang='grc' dir='ltr'><strong><em>κατεδέδεκτο</em></strong></span> <span class='ocrx_word' id='word_1_105' title='bbox 699 1380 800 1446; x_wconf 80' lang='grc' dir='ltr'><strong><em>ἐοῦσα</em></strong></span> <span class='ocrx_word' id='word_1_106' title='bbox 811 1374 914 1446; x_wconf 79' lang='grc' dir='ltr'><strong><em>οὐδέν</em></strong></span> <span class='ocrx_word' id='word_1_107' title='bbox 922 1378 1046 1468; x_wconf 76' lang='grc' dir='ltr'><strong><em>χρηστὴ</em></strong></span> <span class='ocrx_word' id='word_1_108' title='bbox 1055 1389 1136 1468; x_wconf 86' lang='grc' dir='ltr'><strong><em>Μη-</em></strong></span> 
     </span>
     <span class='ocr_line' id='line_1_15' title="bbox 130 1473 1204 1570; baseline -0.006 -18"><span class='ocrx_word' id='word_1_109' title='bbox 130 1490 247 1553; x_wconf 91' lang='grc' dir='ltr'><strong><em>λιεῦσι.</em></strong></span> <span class='ocrx_word' id='word_1_110' title='bbox 273 1480 362 1570; x_wconf 77' lang='grc' dir='ltr'><strong><em>Ἔχει</em></strong></span> <span class='ocrx_word' id='word_1_111' title='bbox 377 1482 414 1550; x_wconf 82' lang='grc' dir='ltr'><strong><em>δέ</em></strong></span> <span class='ocrx_word' id='word_1_112' title='bbox 430 1473 494 1549; x_wconf 82' lang='grc' dir='ltr'><strong><em>όδε</em></strong></span> <span class='ocrx_word' id='word_1_113' title='bbox 508 1476 529 1567; x_wconf 78' lang='grc' dir='ltr'><em>ἡ</em></span> <span class='ocrx_word' id='word_1_114' title='bbox 545 1475 692 1565; x_wconf 84' lang='grc' dir='ltr'><strong><em>ἀτραπός</em></strong></span> <span class='ocrx_word' id='word_1_115' title='bbox 707 1474 807 1562; x_wconf 83' lang='grc' dir='ltr'><strong><em>αὕτη·</em></strong></span> <span class='ocrx_word' id='word_1_116' title='bbox 836 1473 969 1563; x_wconf 85' lang='grc' dir='ltr'><strong><em>ἀρχεται</em></strong></span> <span class='ocrx_word' id='word_1_117' title='bbox 985 1478 1047 1565; x_wconf 81' lang='grc' dir='ltr'><strong><em>μέν</em></strong></span> <span class='ocrx_word' id='word_1_118' title='bbox 1068 1475 1134 1546; x_wconf 84' lang='grc' dir='ltr'><strong><em>άπδ</em></strong></span> <span class='ocrx_word' id='word_1_119' title='bbox 1151 1490 1204 1548; x_wconf 76' lang='lat'><strong><em>216</em></strong></span> 
     </span>
     <span class='ocr_line' id='line_1_16' title="bbox 130 1573 1135 1668; baseline -0.007 -17"><span class='ocrx_word' id='word_1_120' title='bbox 130 1590 191 1650; x_wconf 91' lang='grc' dir='ltr'><strong><em>τοῦ</em></strong></span> <span class='ocrx_word' id='word_1_121' title='bbox 207 1580 360 1651; x_wconf 89' lang='grc' dir='ltr'><strong><em>Ἀσωποῦ</em></strong></span> <span class='ocrx_word' id='word_1_122' title='bbox 375 1586 526 1668; x_wconf 84' lang='grc' dir='ltr'><strong><em>ποταμοῦ</em></strong></span> <span class='ocrx_word' id='word_1_123' title='bbox 549 1584 610 1646; x_wconf 88' lang='grc' dir='ltr'><strong><em>τοῦ</em></strong></span> <span class='ocrx_word' id='word_1_124' title='bbox 625 1573 681 1644; x_wconf 83' lang='grc' dir='ltr'><strong><em>διά</em></strong></span> <span class='ocrx_word' id='word_1_125' title='bbox 701 1581 759 1663; x_wconf 79' lang='grc' dir='ltr'><strong><em>τῆς</em></strong></span> <span class='ocrx_word' id='word_1_126' title='bbox 781 1574 967 1663; x_wconf 75' lang='grc' dir='ltr'><strong><em>διασφάγος</em></strong></span> <span class='ocrx_word' id='word_1_127' title='bbox 989 1579 1135 1663; x_wconf 81' lang='grc' dir='ltr'><strong><em>ῥέοντος,</em></strong></span> 
     </span>
     <span class='ocr_line' id='line_1_17' title="bbox 131 1671 1134 1772; baseline -0.005 -23"><span class='ocrx_word' id='word_1_128' title='bbox 131 1679 262 1767; x_wconf 90' lang='grc' dir='ltr'><strong><em>οῦνομα</em></strong></span> <span class='ocrx_word' id='word_1_129' title='bbox 279 1683 315 1750; x_wconf 82' lang='grc' dir='ltr'><strong><em>δέ</em></strong></span> <span class='ocrx_word' id='word_1_130' title='bbox 329 1688 375 1772; x_wconf 76' lang='grc' dir='ltr'><strong><em>τῷ</em></strong></span> <span class='ocrx_word' id='word_1_131' title='bbox 390 1678 486 1766; x_wconf 80' lang='grc' dir='ltr'><strong><em>ούρελ</em></strong></span> <span class='ocrx_word' id='word_1_132' title='bbox 500 1678 608 1769; x_wconf 85' lang='grc' dir='ltr'><strong><em>τούτφ</em></strong></span> <span class='ocrx_word' id='word_1_133' title='bbox 622 1679 677 1745; x_wconf 81' lang='grc' dir='ltr'><strong><em>καὶ</em></strong></span> <span class='ocrx_word' id='word_1_134' title='bbox 690 1682 730 1764; x_wconf 77' lang='grc' dir='ltr'><strong><em>τῇ</em></strong></span> <span class='ocrx_word' id='word_1_135' title='bbox 742 1672 879 1767; x_wconf 79' lang='grc' dir='ltr'><strong><em>άτραπςῦ</em></strong></span> <span class='ocrx_word' id='word_1_136' title='bbox 892 1671 999 1744; x_wconf 83' lang='grc' dir='ltr'><strong><em>τάυτδ</em></strong></span> <span class='ocrx_word' id='word_1_137' title='bbox 1015 1680 1134 1764; x_wconf 89' lang='grc' dir='ltr'><strong><em>κέεται,</em></strong></span> 
     </span>
     <span class='ocr_line' id='line_1_18' title="bbox 126 1771 1136 1864; baseline -0.003 -18"><span class='ocrx_word' id='word_1_138' title='bbox 126 1778 300 1848; x_wconf 84' lang='grc' dir='ltr'><strong><em>Ἀνόπαια·</em></strong></span> <span class='ocrx_word' id='word_1_139' title='bbox 322 1785 423 1847; x_wconf 84' lang='grc' dir='ltr'><strong><em>τείνει</em></strong></span> <span class='ocrx_word' id='word_1_140' title='bbox 439 1779 475 1846; x_wconf 79' lang='grc' dir='ltr'><strong><em>δέ</em></strong></span> <span class='ocrx_word' id='word_1_141' title='bbox 489 1774 511 1864; x_wconf 82' lang='grc' dir='ltr'><em>ἡ</em></span> <span class='ocrx_word' id='word_1_142' title='bbox 524 1776 681 1844; x_wconf 82' lang='grc' dir='ltr'><strong><em>Ἀνόπαια</em></strong></span> <span class='ocrx_word' id='word_1_143' title='bbox 693 1772 777 1860; x_wconf 81' lang='grc' dir='ltr'><strong><em>αὕτη</em></strong></span> <span class='ocrx_word' id='word_1_144' title='bbox 789 1771 871 1842; x_wconf 90' lang='grc' dir='ltr'><strong><em>κατά</em></strong></span> <span class='ocrx_word' id='word_1_145' title='bbox 886 1773 983 1862; x_wconf 78' lang='grc' dir='ltr'><strong><em>ῥάχιν</em></strong></span> <span class='ocrx_word' id='word_1_146' title='bbox 998 1783 1059 1844; x_wconf 89' lang='grc' dir='ltr'><strong><em>τοῦ</em></strong></span> <span class='ocrx_word' id='word_1_147' title='bbox 1074 1773 1136 1843; x_wconf 83' lang='grc' dir='ltr'><strong><em>ού-</em></strong></span> 
     </span>
     <span class='ocr_line' id='line_1_19' title="bbox 132 1871 1135 1965; baseline -0.004 -19"><span class='ocrx_word' id='word_1_148' title='bbox 132 1904 221 1965; x_wconf 90' lang='grc' dir='ltr'><strong><em>ρεος,</em></strong></span> <span class='ocrx_word' id='word_1_149' title='bbox 239 1876 332 1964; x_wconf 88' lang='grc' dir='ltr'><strong><em>λη’γει</em></strong></span> <span class='ocrx_word' id='word_1_150' title='bbox 348 1875 384 1944; x_wconf 76' lang='grc' dir='ltr'><strong><em>δέ</em></strong></span> <span class='ocrx_word' id='word_1_151' title='bbox 397 1876 482 1944; x_wconf 89' lang='grc' dir='ltr'><strong><em>κατά</em></strong></span> <span class='ocrx_word' id='word_1_152' title='bbox 497 1901 533 1942; x_wconf 89' lang='grc' dir='ltr'><strong><em>τε</em></strong></span> <span class='ocrx_word' id='word_1_153' title='bbox 546 1871 712 1960; x_wconf 77' lang='grc' dir='ltr'><strong><em>Ἀλπηνὸν</em></strong></span> <span class='ocrx_word' id='word_1_154' title='bbox 728 1874 845 1958; x_wconf 91' lang='grc' dir='ltr'><strong><em>πόλιν,</em></strong></span> <span class='ocrx_word' id='word_1_155' title='bbox 860 1874 997 1961; x_wconf 80' lang='grc' dir='ltr'><strong><em>πρωτην</em></strong></span> <span class='ocrx_word' id='word_1_156' title='bbox 1012 1879 1135 1943; x_wconf 89' lang='grc' dir='ltr'><strong><em>ἐοῦσαν</em></strong></span> 
     </span>
     <span class='ocr_line' id='line_1_20' title="bbox 131 1969 1135 2062; baseline 0 -19"><span class='ocrx_word' id='word_1_157' title='bbox 131 1982 198 2043; x_wconf 78' lang='grc' dir='ltr'><strong><em>τῶν</em></strong></span> <span class='ocrx_word' id='word_1_158' title='bbox 211 1978 388 2062; x_wconf 75' lang='grc' dir='ltr'><strong><em>Λοκρίδων</em></strong></span> <span class='ocrx_word' id='word_1_159' title='bbox 402 1969 487 2059; x_wconf 81' lang='grc' dir='ltr'><strong><em>πρὸς</em></strong></span> <span class='ocrx_word' id='word_1_160' title='bbox 501 1978 569 2040; x_wconf 80' lang='grc' dir='ltr'><strong><em>τῶν</em></strong></span> <span class='ocrx_word' id='word_1_161' title='bbox 583 1974 761 2059; x_wconf 79' lang='grc' dir='ltr'><strong><em>Μηλιέων,</em></strong></span> <span class='ocrx_word' id='word_1_162' title='bbox 777 1974 831 2039; x_wconf 82' lang='grc' dir='ltr'><strong><em>καλ</em></strong></span> <span class='ocrx_word' id='word_1_163' title='bbox 845 1971 928 2040; x_wconf 83' lang='grc' dir='ltr'><strong><em>κατά</em></strong></span> <span class='ocrx_word' id='word_1_164' title='bbox 943 1975 1135 2061; x_wconf 91' lang='grc' dir='ltr'><strong><em>Μελάμπυ-</em></strong></span> 
     </span>
     <span class='ocr_line' id='line_1_21' title="bbox 130 2069 1135 2165; baseline 0.001 -23"><span class='ocrx_word' id='word_1_165' title='bbox 130 2074 193 2160; x_wconf 90' lang='grc' dir='ltr'><strong><em>γόν</em></strong></span> <span class='ocrx_word' id='word_1_166' title='bbox 207 2100 243 2141; x_wconf 90' lang='grc' dir='ltr'><strong><em>τε</em></strong></span> <span class='ocrx_word' id='word_1_167' title='bbox 257 2072 462 2161; x_wconf 90' lang='grc' dir='ltr'><strong><em>καλεόμενον</em></strong></span> <span class='ocrx_word' id='word_1_168' title='bbox 477 2079 577 2142; x_wconf 80' lang='grc' dir='ltr'><strong><em>λίθον</em></strong></span> <span class='ocrx_word' id='word_1_169' title='bbox 591 2073 646 2140; x_wconf 79' lang='grc' dir='ltr'><strong><em>καί</em></strong></span> <span class='ocrx_word' id='word_1_170' title='bbox 660 2069 743 2139; x_wconf 84' lang='grc' dir='ltr'><strong><em>κατά</em></strong></span> <span class='ocrx_word' id='word_1_171' title='bbox 759 2071 954 2158; x_wconf 83' lang='grc' dir='ltr'><strong><em>Κερκάπων</em></strong></span> <span class='ocrx_word' id='word_1_172' title='bbox 972 2077 1081 2164; x_wconf 78' lang='grc' dir='ltr'><strong><em>ἕδρας,</em></strong></span> <span class='ocrx_word' id='word_1_173' title='bbox 1095 2083 1135 2165; x_wconf 74' lang='grc' dir='ltr'><strong><em>τῇ</em></strong></span> 
     </span>
    </p>
   </div>
   <div class='ocr_carea' id='block_1_9' title="bbox 128 2168 1300 2262">
    <p class='ocr_par' dir='ltr' id='par_1_9' title="bbox 128 2168 1300 2262">
     <span class='ocr_line' id='line_1_22' title="bbox 128 2168 1300 2262; baseline 0.005 -22"><span class='ocrx_word' id='word_1_174' title='bbox 128 2174 184 2240; x_wconf 81' lang='grc' dir='ltr'><strong><em>καὶ</em></strong></span> <span class='ocrx_word' id='word_1_175' title='bbox 201 2168 238 2239; x_wconf 80' lang='grc' dir='ltr'><strong><em>τό</em></strong></span> <span class='ocrx_word' id='word_1_176' title='bbox 256 2171 470 2240; x_wconf 88' lang='grc' dir='ltr'><strong><em>στεινότατόν</em></strong></span> <span class='ocrx_word' id='word_1_177' title='bbox 485 2173 562 2242; x_wconf 88' lang='grc' dir='ltr'><strong><em>ἐστι.</em></strong></span> <span class='ocrx_word' id='word_1_178' title='bbox 597 2169 691 2240; x_wconf 85' lang='grc' dir='ltr'><strong><em>Κατά</em></strong></span> <span class='ocrx_word' id='word_1_179' title='bbox 708 2172 834 2258; x_wconf 86' lang='grc' dir='ltr'><strong><em>ταύτην</em></strong></span> <span class='ocrx_word' id='word_1_180' title='bbox 850 2171 891 2259; x_wconf 78' lang='grc' dir='ltr'><strong><em>δη</em></strong></span> <span class='ocrx_word' id='word_1_181' title='bbox 906 2174 969 2260; x_wconf 80' lang='grc' dir='ltr'><strong><em>την</em></strong></span> <span class='ocrx_word' id='word_1_182' title='bbox 984 2173 1136 2262; x_wconf 85' lang='grc' dir='ltr'><strong><em>ἀτραπόν</em></strong></span> <span class='ocrx_word' id='word_1_183' title='bbox 1152 2186 1199 2245; x_wconf 67' lang='lat'><strong><em>21?</em></strong></span> <span class='ocrx_word' id='word_1_184' title='bbox 1299 2190 1300 2193; x_wconf 74' lang='grc'>’</span> 
     </span>
    </p>
   </div>
   <div class='ocr_carea' id='block_1_10' title="bbox 129 2269 1136 2558">
    <p class='ocr_par' dir='ltr' id='par_1_10' title="bbox 129 2269 1136 2558">
     <span class='ocr_line' id='line_1_23' title="bbox 129 2269 1134 2362; baseline 0.003 -21"><span class='ocrx_word' id='word_1_185' title='bbox 129 2275 183 2342; x_wconf 79' lang='grc' dir='ltr'><strong><em>καὶ</em></strong></span> <span class='ocrx_word' id='word_1_186' title='bbox 206 2270 296 2340; x_wconf 79' lang='grc' dir='ltr'><strong><em>οὕτω</em></strong></span> <span class='ocrx_word' id='word_1_187' title='bbox 318 2277 460 2358; x_wconf 82' lang='grc' dir='ltr'><strong><em>ἔχουσαν</em></strong></span> <span class='ocrx_word' id='word_1_188' title='bbox 483 2276 517 2341; x_wconf 89' lang='grc' dir='ltr'><strong><em>οί</em></strong></span> <span class='ocrx_word' id='word_1_189' title='bbox 529 2274 675 2359; x_wconf 88' lang='grc' dir='ltr'><strong><em>Πέρσαι,</em></strong></span> <span class='ocrx_word' id='word_1_190' title='bbox 698 2270 759 2340; x_wconf 86' lang='grc' dir='ltr'><strong><em>τόν</em></strong></span> <span class='ocrx_word' id='word_1_191' title='bbox 777 2269 928 2341; x_wconf 84' lang='grc' dir='ltr'><strong><em>Ἀσωπόν</em></strong></span> <span class='ocrx_word' id='word_1_192' title='bbox 949 2275 1134 2362; x_wconf 82' lang='grc' dir='ltr'><strong><em>διαβάντες,</em></strong></span> 
     </span>
     <span class='ocr_line' id='line_1_24' title="bbox 131 2366 1136 2458; baseline 0 -18"><span class='ocrx_word' id='word_1_193' title='bbox 131 2367 331 2456; x_wconf 76' lang='grc' dir='ltr'><strong><em>ἐπορεύοντο</em></strong></span> <span class='ocrx_word' id='word_1_194' title='bbox 346 2375 459 2438; x_wconf 90' lang='grc' dir='ltr'><strong><em>πάσαν</em></strong></span> <span class='ocrx_word' id='word_1_195' title='bbox 471 2366 534 2456; x_wconf 78' lang='grc' dir='ltr'><strong><em>τὴν</em></strong></span> <span class='ocrx_word' id='word_1_196' title='bbox 550 2368 673 2456; x_wconf 91' lang='grc' dir='ltr'><strong><em>νύκτα,</em></strong></span> <span class='ocrx_word' id='word_1_197' title='bbox 689 2372 727 2439; x_wconf 93' lang='grc' dir='ltr'><strong><em>ἐν</em></strong></span> <span class='ocrx_word' id='word_1_198' title='bbox 741 2373 831 2458; x_wconf 77' lang='grc' dir='ltr'><strong><em>δεξιῇ</em></strong></span> <span class='ocrx_word' id='word_1_199' title='bbox 847 2371 910 2455; x_wconf 80' lang='grc' dir='ltr'><strong><em>μέν</em></strong></span> <span class='ocrx_word' id='word_1_200' title='bbox 928 2376 1058 2457; x_wconf 83' lang='grc' dir='ltr'><strong><em>ἔχοντες</em></strong></span> <span class='ocrx_word' id='word_1_201' title='bbox 1075 2370 1136 2440; x_wconf 88' lang='grc' dir='ltr'><strong><em>ού-</em></strong></span> 
     </span>
     <span class='ocr_line' id='line_1_25' title="bbox 131 2463 1133 2558; baseline 0.003 -23"><span class='ocrx_word' id='word_1_202' title='bbox 131 2493 189 2554; x_wconf 90' lang='grc' dir='ltr'><strong><em>ρεα</em></strong></span> <span class='ocrx_word' id='word_1_203' title='bbox 203 2463 242 2534; x_wconf 84' lang='grc' dir='ltr'><strong><em>τά</em></strong></span> <span class='ocrx_word' id='word_1_204' title='bbox 258 2471 413 2555; x_wconf 77' lang='grc' dir='ltr'><strong><em>Οἰταίων,</em></strong></span> <span class='ocrx_word' id='word_1_205' title='bbox 428 2469 465 2535; x_wconf 87' lang='grc' dir='ltr'><strong><em>ἐν</em></strong></span> <span class='ocrx_word' id='word_1_206' title='bbox 480 2463 637 2558; x_wconf 76' lang='grc' dir='ltr'><strong><em>ἀριστερῇ</em></strong></span> <span class='ocrx_word' id='word_1_207' title='bbox 648 2467 683 2535; x_wconf 75' lang='grc' dir='ltr'><strong><em>δέ</em></strong></span> <span class='ocrx_word' id='word_1_208' title='bbox 695 2465 736 2534; x_wconf 87' lang='grc' dir='ltr'><strong><em>τά</em></strong></span> <span class='ocrx_word' id='word_1_209' title='bbox 750 2474 947 2555; x_wconf 84' lang='grc' dir='ltr'><strong><em>Τρηχινίων.</em></strong></span> <span class='ocrx_word' id='word_1_210' title='bbox 968 2467 1036 2558; x_wconf 73' lang='grc' dir='ltr'><strong><em>ἠύς</em></strong></span> <span class='ocrx_word' id='word_1_211' title='bbox 1045 2496 1082 2538; x_wconf 90' lang='grc' dir='ltr'><strong><em>τε</em></strong></span> <span class='ocrx_word' id='word_1_212' title='bbox 1093 2467 1133 2556; x_wconf 79' lang='grc' dir='ltr'><strong><em>δὴ</em></strong></span> 
     </span>
    </p>
   </div>
   <div class='ocr_carea' id='block_1_11' title="bbox 2 2563 1135 2761">
    <p class='ocr_par' dir='ltr' id='par_1_11' title="bbox 2 2563 1135 2761">
     <span class='ocr_line' id='line_1_26' title="bbox 2 2563 1134 2657; baseline 0.004 -26"><span class='ocrx_word' id='word_1_213' title='bbox 2 2580 4 2588; x_wconf 81' lang='grc'><strong>’</strong></span> <span class='ocrx_word' id='word_1_214' title='bbox 130 2567 297 2650; x_wconf 81' lang='grc' dir='ltr'><strong><em>διέφαινε,</em></strong></span> <span class='ocrx_word' id='word_1_215' title='bbox 312 2567 368 2633; x_wconf 76' lang='grc' dir='ltr'><strong><em>καὶ</em></strong></span> <span class='ocrx_word' id='word_1_216' title='bbox 380 2568 535 2651; x_wconf 82' lang='grc' dir='ltr'><strong><em>ἐγένοντο</em></strong></span> <span class='ocrx_word' id='word_1_217' title='bbox 546 2563 598 2634; x_wconf 87' lang='grc' dir='ltr'><strong><em>ἐπ’</em></strong></span> <span class='ocrx_word' id='word_1_218' title='bbox 613 2563 808 2657; x_wconf 75' lang='grc' dir='ltr'><strong><em>ἀκρωτηρίῳ</em></strong></span> <span class='ocrx_word' id='word_1_219' title='bbox 824 2575 886 2636; x_wconf 91' lang='grc' dir='ltr'><strong><em>τοῦ</em></strong></span> <span class='ocrx_word' id='word_1_220' title='bbox 900 2565 1027 2657; x_wconf 90' lang='grc' dir='ltr'><strong><em>ούρεος.</em></strong></span> <span class='ocrx_word' id='word_1_221' title='bbox 1050 2565 1134 2637; x_wconf 83' lang='grc' dir='ltr'><strong><em>κατά</em></strong></span> 
     </span>
     <span class='ocr_line' id='line_1_27' title="bbox 2 2659 1135 2761; baseline 0.004 -31"><span class='ocrx_word' id='word_1_222' title='bbox 2 2754 4 2761; x_wconf 15' lang='lat' dir='ltr'>y</span> <span class='ocrx_word' id='word_1_223' title='bbox 130 2663 166 2730; x_wconf 75' lang='grc' dir='ltr'><strong><em>δέ</em></strong></span> <span class='ocrx_word' id='word_1_224' title='bbox 185 2667 284 2729; x_wconf 88' lang='grc' dir='ltr'><strong><em>τοῦτο</em></strong></span> <span class='ocrx_word' id='word_1_225' title='bbox 301 2668 362 2730; x_wconf 88' lang='grc' dir='ltr'><strong><em>τοῦ</em></strong></span> <span class='ocrx_word' id='word_1_226' title='bbox 377 2660 495 2750; x_wconf 88' lang='grc' dir='ltr'><strong><em>οῦρεος</em></strong></span> <span class='ocrx_word' id='word_1_227' title='bbox 516 2664 725 2750; x_wconf 89' lang='grc' dir='ltr'><strong><em>ἐφύλασσον,</em></strong></span> <span class='ocrx_word' id='word_1_228' title='bbox 751 2659 797 2742; x_wconf 80' lang='grc' dir='ltr'><strong><em>οῦς</em></strong></span> <span class='ocrx_word' id='word_1_229' title='bbox 815 2667 871 2732; x_wconf 82' lang='grc' dir='ltr'><strong><em>καὶ</em></strong></span> <span class='ocrx_word' id='word_1_230' title='bbox 889 2666 1056 2752; x_wconf 88' lang='grc' dir='ltr'><strong><em>πρότερόν</em></strong></span> <span class='ocrx_word' id='word_1_231' title='bbox 1078 2691 1135 2752; x_wconf 93' lang='grc' dir='ltr'><strong><em>μοι</em></strong></span> 
     </span>
    </p>
   </div>
   <div class='ocr_carea' id='block_1_12' title="bbox 128 2758 1300 3344">
    <p class='ocr_par' dir='ltr' id='par_1_12' title="bbox 128 2758 1300 3344">
     <span class='ocr_line' id='line_1_28' title="bbox 130 2758 1136 2851; baseline 0.005 -24"><span class='ocrx_word' id='word_1_232' title='bbox 130 2758 322 2845; x_wconf 82' lang='grc' dir='ltr'><strong><em>δεδήλωται,</em></strong></span> <span class='ocrx_word' id='word_1_233' title='bbox 341 2762 485 2828; x_wconf 86' lang='grc' dir='ltr'><strong><em>Φωκέων</em></strong></span> <span class='ocrx_word' id='word_1_234' title='bbox 496 2767 594 2847; x_wconf 91' lang='grc' dir='ltr'><strong><em>χίλιοι</em></strong></span> <span class='ocrx_word' id='word_1_235' title='bbox 607 2758 749 2846; x_wconf 71' lang='grc' dir='ltr'><strong><em>ὁπλῖται,</em></strong></span> <span class='ocrx_word' id='word_1_236' title='bbox 761 2761 924 2847; x_wconf 79' lang='grc' dir='ltr'><strong><em>ῥυόμενοί</em></strong></span> <span class='ocrx_word' id='word_1_237' title='bbox 931 2789 966 2832; x_wconf 88' lang='grc' dir='ltr'><strong><em>τε</em></strong></span> <span class='ocrx_word' id='word_1_238' title='bbox 977 2762 1039 2851; x_wconf 78' lang='grc' dir='ltr'><strong><em>την</em></strong></span> <span class='ocrx_word' id='word_1_239' title='bbox 1050 2783 1136 2850; x_wconf 89' lang='grc' dir='ltr'><strong><em>σφε-</em></strong></span> 
     </span>
     <span class='ocr_line' id='line_1_29' title="bbox 128 2855 1134 2949; baseline 0.006 -25"><span class='ocrx_word' id='word_1_240' title='bbox 128 2859 230 2944; x_wconf 80' lang='grc' dir='ltr'><strong><em>τέρην</em></strong></span> <span class='ocrx_word' id='word_1_241' title='bbox 245 2856 359 2944; x_wconf 84' lang='grc' dir='ltr'><strong><em>χάρην</em></strong></span> <span class='ocrx_word' id='word_1_242' title='bbox 379 2861 434 2926; x_wconf 81' lang='grc' dir='ltr'><strong><em>καὶ</em></strong></span> <span class='ocrx_word' id='word_1_243' title='bbox 452 2855 677 2946; x_wconf 79' lang='grc' dir='ltr'><strong><em>φρουρέοντες</em></strong></span> <span class='ocrx_word' id='word_1_244' title='bbox 690 2857 753 2945; x_wconf 75' lang='grc' dir='ltr'><strong><em>τὴν</em></strong></span> <span class='ocrx_word' id='word_1_245' title='bbox 768 2855 928 2942; x_wconf 85' lang='grc' dir='ltr'><strong><em>ἀτραπόν.</em></strong></span> <span class='ocrx_word' id='word_1_246' title='bbox 954 2857 1054 2949; x_wconf 75' lang='grc' dir='ltr'><strong><em>ἡμὲν</em></strong></span> <span class='ocrx_word' id='word_1_247' title='bbox 1068 2858 1134 2947; x_wconf 82' lang='grc' dir='ltr'><strong><em>γάρ</em></strong></span> 
     </span>
     <span class='ocr_line' id='line_1_30' title="bbox 129 2949 1134 3047; baseline 0.006 -23"><span class='ocrx_word' id='word_1_248' title='bbox 129 2955 219 3024; x_wconf 87' lang='grc' dir='ltr'><strong><em>κάτω</em></strong></span> <span class='ocrx_word' id='word_1_249' title='bbox 233 2953 353 3044; x_wconf 77' lang='grc' dir='ltr'><strong><em>ἐσβολὴ</em></strong></span> <span class='ocrx_word' id='word_1_250' title='bbox 369 2957 574 3042; x_wconf 83' lang='grc' dir='ltr'><strong><em>ἐφυλάσσετο</em></strong></span> <span class='ocrx_word' id='word_1_251' title='bbox 591 2954 650 3024; x_wconf 77' lang='grc' dir='ltr'><strong><em>ἀπ’</em></strong></span> <span class='ocrx_word' id='word_1_252' title='bbox 669 2949 718 3025; x_wconf 80' lang='grc' dir='ltr'><strong><em>άν</em></strong></span> <span class='ocrx_word' id='word_1_253' title='bbox 733 2968 870 3047; x_wconf 79' lang='grc' dir='ltr'><strong><em>εἴρηται,</em></strong></span> <span class='ocrx_word' id='word_1_254' title='bbox 884 2957 947 3047; x_wconf 78' lang='grc' dir='ltr'><strong><em>τὴν</em></strong></span> <span class='ocrx_word' id='word_1_255' title='bbox 958 2962 994 3029; x_wconf 78' lang='grc' dir='ltr'><strong><em>δὲ</em></strong></span> <span class='ocrx_word' id='word_1_256' title='bbox 1006 2959 1061 3030; x_wconf 83' lang='grc' dir='ltr'><strong><em>διά</em></strong></span> <span class='ocrx_word' id='word_1_257' title='bbox 1071 2968 1134 3030; x_wconf 83' lang='grc' dir='ltr'><strong><em>τοῦ</em></strong></span> 
     </span>
     <span class='ocr_line' id='line_1_31' title="bbox 129 3051 1134 3146; baseline 0 -19"><span class='ocrx_word' id='word_1_258' title='bbox 129 3057 247 3145; x_wconf 84' lang='grc' dir='ltr'><strong><em>ούρεος</em></strong></span> <span class='ocrx_word' id='word_1_259' title='bbox 266 3051 418 3139; x_wconf 85' lang='grc' dir='ltr'><strong><em>ἀτραπόν</em></strong></span> <span class='ocrx_word' id='word_1_260' title='bbox 439 3058 612 3127; x_wconf 73' lang='grc' dir='ltr'><strong><em>ἐθελονταὶ</em></strong></span> <span class='ocrx_word' id='word_1_261' title='bbox 627 3062 760 3137; x_wconf 84' lang='grc' dir='ltr'><strong><em>Φωκέες</em></strong></span> <span class='ocrx_word' id='word_1_262' title='bbox 777 3056 1019 3146; x_wconf 83' lang='grc' dir='ltr'><strong><em>ὑποδεξάμενοι</em></strong></span> <span class='ocrx_word' id='word_1_263' title='bbox 1038 3069 1134 3129; x_wconf 79' lang='grc' dir='ltr'><strong><em>Λεω·</em></strong></span> 
     </span>
     <span class='ocr_line' id='line_1_32' title="bbox 128 3151 1200 3245; baseline 0.001 -20"><span class='ocrx_word' id='word_1_264' title='bbox 128 3160 205 3245; x_wconf 87' lang='grc' dir='ltr'><strong><em>νίδη</em></strong></span> <span class='ocrx_word' id='word_1_265' title='bbox 222 3155 424 3241; x_wconf 86' lang='grc' dir='ltr'><strong><em>ἐφύλασσον.</em></strong></span> <span class='ocrx_word' id='word_1_266' title='bbox 438 3155 591 3244; x_wconf 76' lang='grc' dir='ltr'><strong><em>’Ἐμαθον</em></strong></span> <span class='ocrx_word' id='word_1_267' title='bbox 604 3161 645 3226; x_wconf 82' lang='grc' dir='ltr'><strong><em>δέ</em></strong></span> <span class='ocrx_word' id='word_1_268' title='bbox 656 3178 763 3245; x_wconf 92' lang='grc' dir='ltr'><strong><em>σφεας</em></strong></span> <span class='ocrx_word' id='word_1_269' title='bbox 776 3163 810 3227; x_wconf 90' lang='grc' dir='ltr'><strong><em>οί</em></strong></span> <span class='ocrx_word' id='word_1_270' title='bbox 823 3162 955 3237; x_wconf 80' lang='grc' dir='ltr'><strong><em>Φωκέες</em></strong></span> <span class='ocrx_word' id='word_1_271' title='bbox 970 3151 1035 3226; x_wconf 81' lang='grc' dir='ltr'><strong><em>άδε</em></strong></span> <span class='ocrx_word' id='word_1_272' title='bbox 1048 3156 1134 3226; x_wconf 84' lang='grc' dir='ltr'><strong><em>ἀνα·</em></strong></span> <span class='ocrx_word' id='word_1_273' title='bbox 1148 3169 1200 3228; x_wconf 72' lang='lat'><strong><em>218</em></strong></span> 
     </span>
     <span class='ocr_line' id='line_1_33' title="bbox 129 3250 1300 3344; baseline 0.002 -22"><span class='ocrx_word' id='word_1_274' title='bbox 129 3252 327 3342; x_wconf 80' lang='grc' dir='ltr'><strong><em>βεβηκότας·</em></strong></span> <span class='ocrx_word' id='word_1_275' title='bbox 355 3250 596 3344; x_wconf 88' lang='grc' dir='ltr'><strong><em>ἀναβαίνοντες</em></strong></span> <span class='ocrx_word' id='word_1_276' title='bbox 610 3253 674 3342; x_wconf 85' lang='grc' dir='ltr'><strong><em>γάρ</em></strong></span> <span class='ocrx_word' id='word_1_277' title='bbox 690 3255 883 3326; x_wconf 78' lang='grc' dir='ltr'><strong><em>ἐλάνθανον</em></strong></span> <span class='ocrx_word' id='word_1_278' title='bbox 903 3260 938 3323; x_wconf 86' lang='grc' dir='ltr'><strong><em>οί</em></strong></span> <span class='ocrx_word' id='word_1_279' title='bbox 950 3258 1078 3339; x_wconf 86' lang='grc' dir='ltr'><strong><em>Πέρσαι</em></strong></span> <span class='ocrx_word' id='word_1_280' title='bbox 1094 3252 1131 3323; x_wconf 83' lang='grc' dir='ltr'><strong><em>τό</em></strong></span> <span class='ocrx_word' id='word_1_281' title='bbox 1299 3256 1300 3281; x_wconf 71' lang='lat'><em>³</em></span> 
     </span>
    </p>
   </div>
   <div class='ocr_carea' id='block_1_13' title="bbox 129 3343 1132 3540">
    <p class='ocr_par' dir='ltr' id='par_1_13' title="bbox 129 3343 1132 3540">
     <span class='ocr_line' id='line_1_34' title="bbox 129 3343 1132 3443; baseline 0 -25"><span class='ocrx_word' id='word_1_282' title='bbox 129 3343 229 3436; x_wconf 82' lang='grc' dir='ltr'><strong><em>οὖρος</em></strong></span> <span class='ocrx_word' id='word_1_283' title='bbox 243 3356 312 3418; x_wconf 82' lang='grc' dir='ltr'><strong><em>πᾶν</em></strong></span> <span class='ocrx_word' id='word_1_284' title='bbox 327 3348 384 3418; x_wconf 83' lang='grc' dir='ltr'><strong><em>ἐόν</em></strong></span> <span class='ocrx_word' id='word_1_285' title='bbox 399 3355 515 3434; x_wconf 79' lang='grc' dir='ltr'><strong><em>δρυῶν</em></strong></span> <span class='ocrx_word' id='word_1_286' title='bbox 530 3354 696 3423; x_wconf 88' lang='grc' dir='ltr'><strong><em>ἐπίπλεον.</em></strong></span> <span class='ocrx_word' id='word_1_287' title='bbox 718 3346 763 3443; x_wconf 81' lang='grc' dir='ltr'><strong><em>ἦν</em></strong></span> <span class='ocrx_word' id='word_1_288' title='bbox 773 3353 837 3439; x_wconf 75' lang='grc' dir='ltr'><strong><em>μὲν</em></strong></span> <span class='ocrx_word' id='word_1_289' title='bbox 847 3349 888 3438; x_wconf 80' lang='grc' dir='ltr'><strong><em>δη</em></strong></span> <span class='ocrx_word' id='word_1_290' title='bbox 900 3358 1051 3438; x_wconf 92' lang='grc' dir='ltr'><strong><em>νηνεμίη,</em></strong></span> <span class='ocrx_word' id='word_1_291' title='bbox 1066 3350 1132 3431; x_wconf 74' lang='grc' dir='ltr'><strong><em>ψό-</em></strong></span> 
     </span>
     <span class='ocr_line' id='line_1_35' title="bbox 130 3444 1131 3540; baseline 0.004 -28"><span class='ocrx_word' id='word_1_292' title='bbox 130 3471 197 3531; x_wconf 90' lang='grc' dir='ltr'><strong><em>φου</em></strong></span> <span class='ocrx_word' id='word_1_293' title='bbox 212 3444 249 3513; x_wconf 68' lang='grc' dir='ltr'><strong><em>δὲ</em></strong></span> <span class='ocrx_word' id='word_1_294' title='bbox 267 3451 450 3535; x_wconf 89' lang='grc' dir='ltr'><strong><em>γινομένου</em></strong></span> <span class='ocrx_word' id='word_1_295' title='bbox 464 3458 606 3538; x_wconf 90' lang='grc' dir='ltr'><strong><em>πολλοῦ,</em></strong></span> <span class='ocrx_word' id='word_1_296' title='bbox 629 3449 673 3532; x_wconf 83' lang='grc' dir='ltr'><strong><em>άις</em></strong></span> <span class='ocrx_word' id='word_1_297' title='bbox 687 3450 779 3532; x_wconf 87' lang='grc' dir='ltr'><strong><em>οίκός</em></strong></span> <span class='ocrx_word' id='word_1_298' title='bbox 792 3446 837 3540; x_wconf 79' lang='grc' dir='ltr'><strong><em>ἦν</em></strong></span> <span class='ocrx_word' id='word_1_299' title='bbox 851 3451 991 3538; x_wconf 89' lang='grc' dir='ltr'><strong><em>φύλλων</em></strong></span> <span class='ocrx_word' id='word_1_300' title='bbox 1008 3447 1131 3517; x_wconf 78' lang='grc' dir='ltr'><strong><em>ὑποκε-</em></strong></span> 
     </span>
    </p>
   </div>
   <div class='ocr_carea' id='block_1_14' title="bbox 0 0 1308 3920">
    <p class='ocr_par' dir='ltr' id='par_1_14' title="bbox 0 0 1308 3920">
     <span class='ocr_line' id='line_1_36' title="bbox 0 0 1308 3920; baseline 0 0"><span class='ocrx_word' id='word_1_301' title='bbox 0 0 1308 3920; x_wconf 95' lang='lat' dir='ltr'><strong><em> </em></strong></span> 
     </span>
    </p>
   </div>
  </div>
 </body>
</html>
