2562 3926
196 232 259 304 200
581 238 834 302 HERODOTI

191 400 425 491 Ἐλεφαντίνης
446 402 579 492 πόλιος,
607 406 780 474 καὶτοῦτο
806 402 958 491 ἐκόμιζον
977 404 1041 493 μὲν
1053 402 1106 475 ἐπ’
1123 411 1198 476 ἔτεα

194 508 286 589 τρία,
302 505 456 589 δισχίλιοι
466 505 507 570 δέ
517 506 551 571 οί
562 502 822 591 προσετετάχατο
838 501 958 586 ἄνδρες
973 501 1128 592 άγωγέες,
1143 508 1199 573 καλ

198 596 292 672 οὗτοι
305 602 449 683 ἅπαντες
463 595 551 691 ἦσαν
574 611 785 692 κυβερνῆται.
813 612 871 692 τῆς
893 605 930 673 δέ·
945 607 1060 691 στέγης
1075 602 1198 689 ταύτης

198 702 235 773 τὸ
250 705 312 791 μὲν
326 709 430 792 μῆκος
441 704 567 784 ἔξωθέν
577 704 646 772 ἐστι
662 698 708 783 εἷς
720 706 756 773 τε
770 706 825 773 καί
838 713 943 771 είκοσι
957 702 1083 792 πήχεες,
1099 694 1198 788 εὖρος

199 804 235 871 δέ
257 807 567 891 τεσσερεσκαίδεκα,
589 799 676 884 ὕψος
696 802 733 871 δὲ
752 800 849 871 ὀκτώ.
872 807 977 870 ταῦτα
996 803 1058 889 μέν
1077 797 1117 868 τά
1137 798 1198 884 με’-

198 928 260 993 τρα
274 909 401 986 ἔξωθεν
414 903 601 992 τῆςστόγης
614 910 671 992 τῆς
685 910 893 991 μουνολίθου
909 904 992 989 ἐστὶ,
1014 898 1098 988 άτάρ
1113 905 1198 969 ἐσω-

198 1015 264 1075 θεν
282 1002 319 1073 τό
338 1011 443 1092 μῆκος
463 1002 687 1076 ὀκτωκαίδεκα
707 1010 838 1094 πηχέων
854 1008 910 1075 καί
923 1004 1088 1092 πυγόνος,
1108 1000 1145 1071 τό
1161 1003 1198 1072 δὲ

200 1098 299 1192 εὖρος
311 1104 465 1174 δυόδεκα
483 1108 631 1194 πηχέων,
653 1103 690 1175 τό
708 1105 744 1174 δέ
761 1104 847 1188 ύψος
861 1108 958 1174 πέντε
973 1107 1104 1192 πηχέων
1119 1103 1195 1171 ἐστί.

200 1200 283 1290 αύτη
297 1210 359 1272 τοῦ
372 1209 449 1294 ίροῦ
462 1206 570 1275 κέεται
586 1202 677 1289 παρά
692 1202 754 1293 τὴν
768 1209 895 1275 ἐσοδον.
924 1210 989 1274 ἔσω
1004 1203 1069 1291 γάρ
1089 1226 1149 1289 μιν
1164 1201 1197 1277 ἐς

198 1302 236 1371 τό
252 1303 329 1392 ίρόν
350 1324 432 1393 φασι
455 1300 556 1373 τῶνδ’
584 1307 713 1373 εἵνεκεν
727 1302 791 1372 ούκ
810 1301 1001 1390 ἐσελκύσαι,
1025 1298 1086 1369 τὸν
1102 1296 1199 1386 άρχι-

199 1405 336 1473 τέκτονα
356 1402 457 1493 αὐτῆς
485 1408 664 1493 ἑλκομένης
687 1412 745 1492 τῆς
766 1408 882 1492 στέγης
902 1399 1121 1479 ἀναστενάξαι
1142 1392 1197 1466 οἷά

198 1531 234 1574 τε
249 1504 375 1592 χρόνου
389 1506 605 1594 ἐγγεγονότος
618 1512 745 1575 πολλοῦ
760 1508 815 1575 καὶ
830 1503 1024 1592 ἀχθόμενον,
1036 1507 1082 1594 τῷ
1098 1506 1196 1592 ἐργφ,

198 1600 260 1670 τόν
286 1598 325 1670 δέ
349 1600 493 1691 ’Ἄμασιν
515 1602 686 1692 ἐνθύμιον
706 1601 929 1690 ποιησάμενον
963 1596 1027 1669 ούκ
1065 1602 1125 1669 ἐάν
1149 1604 1199 1668 ἔτι

198 1701 398 1788 προσωτέρω
413 1699 558 1772 ἑλκύσαι.
584 1698 648 1790 ἤδη
666 1705 706 1770 δέ
724 1726 813 1780 τινες
826 1706 977 1786 λέγουσι,
1000 1695 1045 1780 ὡς
1058 1697 1199 1785 ἅνθρω·

198 1822 261 1877 πος
279 1797 448 1889 διεφθάρη
466 1796 526 1869 ὑπ’
548 1797 651 1888 αύτῆς
669 1805 738 1869 τάν
756 1825 806 1880 τις
822 1795 928 1886 αὐτὴν
951 1795 1196 1885 μοχλευόντων,

139 1923 187 1987 ης
198 1900 253 1967 καί
266 1894 332 1969 άπδ
347 1899 471 1970 τούτου
486 1896 548 1970 ούκ
563 1902 816 1988 ἐσελκυσθῆναι.
856 1895 1015 1995 Ἅνέθηκε
1030 1895 1067 1967 δέ
1087 1896 1142 1965 καί
1159 1896 1199 1963 ἐν
1271 1904 1272 1911 ’

197 2009 283 2065 τοῖσι
293 1994 423 2070 ἄλλοισι
433 1994 706 2087 ίροῖσιὸἍμασις
717 2003 797 2067 πᾶσι
807 2009 893 2065 τοῖσι
903 1998 1104 2084 ἐλλογίμοισι
1115 1999 1198 2080 ἔργα

197 2091 234 2164 τδ
251 2095 400 2185 μέγαθος
413 2093 614 2185 άξιοθήητα,
635 2099 674 2165 ἐν
687 2096 724 2165 δὲ
739 2098 794 2165 καί
808 2097 847 2165 ἐν
859 2096 980 2183 Μέμφι
998 2093 1059 2164 τδν
1075 2092 1198 2163 ύπτιον

197 2202 352 2284 κείμενον
365 2194 530 2268 κολοσσόν
543 2204 605 2266 τού
619 2195 833 2284 Ἡφαιστείου
850 2201 1036 2285 ἔμπροσθε,
1056 2201 1118 2265 τοῦ
1131 2194 1198 2263 πό-

199 2302 253 2376 δες
262 2298 361 2367 πέντε
371 2299 426 2366 καί
439 2297 667 2387 ἑβδομήκοντά
678 2304 742 2367 είσι
752 2294 788 2367 τό
803 2303 916 2386 μῆκος.
937 2298 990 2366 ἐπὶ
1000 2299 1037 2365 δὲ
1047 2303 1093 2389 τῷ
1104 2292 1197 2386 αύτῷ

195 2392 316 2485 βάθρῳ
335 2397 447 2464 ἐστοῖσι
467 2401 673 2468 Αίθιοπικοῦ
694 2397 804 2478 ἐόντες
821 2404 924 2467 λίθου
944 2395 1007 2464 δύο
1028 2397 1198 2482 κολοσσοὶ,

195 2500 300 2560 είκοσι
319 2495 435 2561 ποδῶν
453 2493 491 2563 τδ
508 2492 663 2582 ιμέγαθος
683 2494 749 2566 ἐάν
769 2496 939 2583 ἑκάτερος,
960 2490 1059 2581 ὁμὲν
1078 2500 1195 2582 ἐνθεν,

194 2588 212 2659 ὁ
228 2586 260 2659 δ’
277 2595 380 2660 ἐνθεν
396 2596 458 2660 τοῦ
471 2593 629 2683 μεγάρου.
659 2601 728 2665 ἐστι
743 2595 780 2664 δὲ
793 2602 925 2674 λίθινος
946 2595 1057 2680 ἕτερος
1071 2598 1197 2663 τοσοῦ-

192 2714 248 2769 τος
262 2689 317 2759 καί
332 2690 368 2758 ἐν
382 2687 466 2779 Σάλ,
488 2697 639 2779 κείμενος
655 2691 738 2762 κατά
752 2690 813 2762 τόν
829 2690 935 2763 αύτδν
953 2693 1081 2777 τρόπον
1093 2698 1139 2785 τῷ
1158 2694 1198 2762 ἐν
1269 2722 1270 2737 ³

192 2794 323 2877 Μέμφι.
341 2788 448 2880 τῇἼσι
462 2817 498 2861 τε
512 2789 549 2861 τδ
566 2794 604 2861 ἐν
617 2798 737 2883 Μέμφι
751 2792 827 2881 ίρόν
838 2793 976 2881 ’Ἀμασίς
990 2795 1058 2862 ἐστι
1072 2790 1091 2863 ὁ
1107 2796 1198 2877 ἐξοι-

192 2888 396 2977 κοδομήσας,
416 2888 475 2959 ἐόν
491 2892 575 2979 μέγα
590 2897 695 2962 τεκαὶ
711 2890 1005 2983 άξιοθηητότατον.

133 3018 182 3078 177
272 2984 337 3057 Ἐπ’
351 2984 505 3076 ’Λμάσιος
516 2992 553 3061 δὲ
565 2992 719 3079 βασιλέος
731 2996 859 3080 λέγεται
868 3002 1040 3080 Αἴγυπτος
1052 2990 1196 3080 μάλιστα
1268 3054 1269 3087 ,

194 3085 234 3177 δὴ
252 3088 327 3157 τότε
342 3085 580 3179 εὐδαιμονῆσαι
594 3093 650 3161 καὶ
665 3089 705 3161 τά
727 3089 792 3161 άπὸ
809 3098 871 3161 τοῦ
884 3097 1036 3178 ποταμοῦ
1048 3096 1089 3179 τῇ
1102 3090 1197 3179 χάρη
1268 3096 1269 3159 λ

192 3187 354 3278 γινόμενα
374 3192 430 3258 καί
443 3187 484 3259 τά
501 3188 567 3260 άπὸ
583 3197 641 3279 τῆς
654 3191 763 3279 χάρης
775 3205 862 3262 τοῖσι
882 3187 1111 3278 άνθρόποισι,
1136 3189 1196 3256 καί

192 3289 288 3369 πόλις
302 3290 340 3359 ἐν
354 3285 438 3380 αὐτῇ
451 3292 610 3378 γενέσθαι
628 3288 688 3372 τάς
701 3288 831 3372 ἁπάσας
847 3288 921 3361 τότε
942 3293 1118 3377 δισμυρίας
1133 3284 1198 3369 τάς
1267 3302 1268 3379 4

193 3394 393 3481 οἰκεομένας.
422 3389 530 3479 νόμον
549 3393 585 3462 δὲ
599 3399 811 3482 Λίγυπτίοισι
825 3391 924 3462 τόνδε
934 3389 1072 3478 ’Ἀμασίς
1086 3390 1156 3458 ἐστι
1174 3384 1194 3459 δ
1267 3440 1268 3487 ,

191 3491 412 3587 καταστήσας,
434 3488 675 3565 ἀποδεικνύναι
695 3498 784 3577 ἐτεος
809 3491 951 3563 ἑκάστου
971 3495 1017 3589 τῷ
1040 3489 1196 3585 νομάρχη
1267 3494 1268 3567 λ

126 3834 271 3888 Α*
