2622 3928
213 266 254 331 70
587 270 841 330 HERODOTI

214 432 368 518 βασιλέα,
385 434 419 527 ές
433 427 453 498 δ
469 429 571 519 γήραι
581 432 665 516 μέγα
677 426 789 516 ὄλβιος
800 426 866 496 ἐόν
877 429 1069 517 ἐτελεύτησε
1082 433 1223 513 ένΠέρ-

213 550 298 619 σησι.
339 529 464 616 Σάμιοι
485 529 521 598 δέ
536 526 804 614 ἀπαλλαχθέντες
818 528 951 614 Μήδων
965 526 1106 616 ἀπονητὶ
1120 530 1225 598 πόλιν

166 642 200 696 25
216 634 395 714 καλλίστην
411 628 568 715 Ζάγκλην
584 629 845 716 περιεβεβλέατο.
868 626 950 714 μετὰ
966 630 1003 698 δὲ
1016 628 1079 717 τήν
1089 655 1224 715 ναυμα-

214 735 289 816 χίην
303 727 365 815 τήν
386 726 472 814 ὑπὲρ
489 727 644 816 Μιλήτου
660 728 847 814 γενομένην
863 733 1019 807 Φοίνικες
1037 730 1225 796 κελευσάν-

214 855 282 897 των
293 831 452 919 Περσέων
463 835 610 916 κατήγου
620 829 780 915 έςΣάμου
790 829 918 897 Λίάκεα
929 826 1224 909 τδνΣνλοσῶντος

216 924 260 1005 ὡς
275 935 403 997 πολλοῦ
420 954 456 997 τε
470 927 565 1010 ἀξιον
580 928 766 1051 γενόμενον
781 933 876 1013 σφίσι
890 930 946 995 καί
959 927 1087 1014 μεγάλα
1102 953 1223 1011 κατερ-

214 1026 415 1114 γασάμενον.
438 1031 493 1097 καὶ
504 1034 663 1114 Σαμίοισι
673 1025 829 1113 μοόνοισι
843 1033 912 1095 τῶν
920 1024 1141 1096 ἀποστάντων
1154 1024 1220 1096 ἀπδ

213 1133 364 1213 Δαρείου
379 1124 486 1195 διά
449 1154 512 1215 την
526 1134 675 1249 ἔκλειηιν
685 1133 754 1195 τῶν
768 1133 857 1196 νεῶν
869 1154 933 1215 την
946 1131 984 1195 έν
997 1154 1038 1218 τη
1022 1133 1222 1216 ναυμαχίη

214 1223 291 1295 οὔτε
305 1222 326 1313 ή
341 1226 437 1306 πόλις
448 1226 526 1296 οὔτε
536 1225 577 1295 τά
588 1232 644 1318 ίρα
633 1224 861 1314 ἐνεπρήσθη.
890 1227 1049 1314 Μιλήτου
1064 1226 1102 1296 δέ
1115 1222 1222 1296 ἁλού-

214 1346 275 1412 σης
290 1322 409 1395 αὐτίκα
424 1333 556 1416 Καρίην
570 1334 668 1415 έσχον
683 1354 701 1396 ο
703 1328 925 1415 ίΠέρσαι,
888 1355 947 1408 τας
961 1332 1002 1415 μ
1003 1356 1023 1397 ν
1038 1326 1222 1415 ἐθελοντήν

213 1432 282 1493 τῶν
295 1424 451 1493 πολίων
433 1429 672 1514 υποκυψάσας,
689 1426 749 1510 τάς
759 1425 829 1495 δέ’
810 1430 941 1518 ανάγκη
953 1430 1219 1519 προσηγάγοντο.

167 1551 201 1605 25
302 1532 414 1592 Ταῦτα
425 1528 488 1612 μέν
499 1525 539 1614 δή
552 1526 641 1595 οὕτω
658 1530 794 1614 ἐγίνετο,
805 1525 945 1621 Ἱστιαίην
957 1531 994 1599 δὲ
1006 1536 1052 1621 τῷ
1064 1535 1220 1618 Μιλησίην

214 1622 304 1691 ἐόντι
321 1626 397 1710 περὶ
407 1624 645 1704 Βυζόντιονκα
645 1627 941 1731 ίσυλλαμβάυοντι
955 1625 1015 1707 τάς
1027 1625 1150 1697 Ἰεένιον
1161 1624 1220 1693 ὁλ-

213 1719 318 1802 κνίδας
334 1724 549 1811 έκπλωοόσας
563 1727 600 1793 έκ
618 1750 679 1793 του
665 1725 829 1793 Πόντον
839 1719 1075 1812 ἐξαγγέλλεται
1088 1750 1129 1794 τα
1117 1722 1219 1808 περὶ

215 1828 369 1908 Μίλητον
380 1823 555 1910 γενόμενα.
576 1850 616 1892 τα
605 1821 691 1913 μὲν
705 1824 745 1910 δή
757 1824 834 1912 περὶ
845 1818 1089 1912 Ἑλλήσποντον
1103 1829 1220 1908 ἔχοντα

213 1914 728 2014 πρήγματαέπιτράπειΒισόλτη
740 1922 1111 2020 Ἀπολλοφάνεοςπααδλ
1118 1919 1220 2007 ’-Λβυ

214 2028 323 2115 δηνῷ,
339 2022 490 2104 οιάτδςδέ
505 2023 590 2110 έχονν
604 2030 768 2112 Λεσβίους
784 2010 914 2102 έςΧίον
929 2027 1047 2109 ἔπλεοε,
1061 2020 1221 2088 καὶΧίων
1291 2014 1295 2043 ¹

213 2129 348 2210 φρουρῇ
363 2148 405 2190 ου
394 2119 621 2211 ’προσιεμένη
636 2147 694 2209 μιν
706 2123 873 2207 συνέβαλε
884 2122 921 2187 έν
932 2124 1085 2188 Κοίλοισι
1093 2106 1221 2185 'maleo

212 2219 393 2305 μένοισι
354 2245 411 2305 της
421 2225 505 2306 Χίης
513 2247 631 2307 χωρης
650 2246 781 2290 τουτων
790 2246 826 2289 τε
836 2217 877 2307 δη
889 2219 1053 2308 έφονευσε
1063 2236 1221 2302 συχνους,
1247 2304 1252 2309 ,

212 2320 268 2385 καλΙ
278 2323 347 2383 τῶν
360 2325 488 2385 λοιπον
497 2326 607 2407 Χιαν,
624 2315 678 2389 οἷα
693 2318 734 2441 δή
750 2320 993 2408 κεκακωμένων
1007 2320 1043 2386 έκ
1062 2323 1120 2403 τῆς
1134 2340 1221 2382 ναυ-

212 2415 382 2504 μαχίης,“
368 2443 387 2485 ο
400 2416 550 2499 Ἱστιαῖος
564 2425 649 2506 ἔχων
670 2418 750 2499 τοὺς
763 2416 928 2507 Λεσβίους
942 2416 1161 2505 ἐπεκράτησε,
1183 2416 1221 2482 έκ

164 2531 198 2588 27
213 2519 380 2601 Πολίχνης
396 2522 491 2607 τής
467 2523 561 2586 Χίων
575 2515 788 2607 ὁρμεόμενος
816 2519 937 2587 Φιλέει
955 2517 994 2586 δέ
1010 2542 1077 2596 κως
1090 2532 1222 2603 προση-

212 2607 418 2701 μαίνειν,
378 2613 449 2683 ευτ’
462 2611 506 2685 ἀν
521 2620 624 2704 μέλλη
638 2615 772 2736 μεγάλα
781 2613 868 2685 κακά
881 2642 903 2703 η
889 2610 1023 2684 Ἃ’πόλι
1007 2641 1028 2700 η
1024 2613 1137 2683 ἔθνεϊ
1146 2616 1221 2680 έσε-

191 2723 312 2782 Δσθαι
340 2711 455 2781 καί
414 2740 479 2804 γαρ
496 2720 608 2785 Χίοισι
626 2710 691 2799 πρὸ
709 2715 841 2782 τούτων
861 2713 984 2835 σημήια
1004 2708 1132 2797 μεγάλα
1147 2710 1221 2794 ἐγέ-
1291 2730 1292 2739 ’

211 2840 298 2881 νετο.
319 2821 417 2883 τοῦτο
428 2817 491 2903 μέν
501 2835 563 2902 σφι
572 2817 720 2902 πέμψασι
731 2818 765 2894 ές
775 2811 934 2902 Δελφονς
943 2838 1047 2902 χορον
1057 2811 1219 2895 νεηνιέων

213 2908 332 2979 έκατδν
348 2913 411 2981 δύο
428 2921 549 2999 μοῦνοι
565 2914 696 2982 τούτων
710 2911 960 3000 ἀπενόστησαν,
984 2907 1064 2988 τοδς
1078 2910 1116 2976 δὲ
1132 2904 1238 3004 ὀκτοέ.

211 3036 248 3080 τε
268 3012 324 3079 καὶ
344 3013 546 3100 ἐνενήκοντα
570 3009 683 3081 αὐτῶν
706 3013 822 3100 λοιμός
845 3008 1028 3098 ὑπολαβών
1048 3005 1219 3094 ἀπήνεικε,
1283 3070 1290 3123 ι

211 3118 310 3180 τοῦτο
326 3109 362 3177 δὲ
372 3113 409 3179 έν
422 3117 461 3199 τῇ
471 3109 549 3179 πόλι
558 3109 620 3180 τὸν
631 3111 736 3182 αάτδν
749 3120 871 3182 τοῦτον
879 3112 1021 3201 χρόνον,
1037 3106 1139 3198 ὀλίγην
1152 3103 1219 3192 πρὸ
1287 3162 1289 3181 .

211 3215 268 3295 τής
284 3212 485 3294 ναυμαχίης,
499 3213 592 3277 παισὶ
608 3211 785 3298 γράμματα
799 3211 1068 3297 διδασκομένοισι
1083 3209 1219 3277 ένέπεσε
1286 3186 1289 3337 Ι

211 3332 231 3393 η
219 3302 363 3390 ’στι-(γη,
387 3301 470 3372 ὥστε
484 3303 543 3374 ἀπ’
559 3306 679 3377 ἑκατόν
696 3313 752 3379 καλ
766 3319 871 3379 ελλιοσι
885 3312 1017 3378 παίδων
1031 3303 1078 3389 είς
1091 3313 1181 3393 μοῦν
1182 3329 1219 3382 οε

211 3400 373 3522 ἀπέφυγε
402 3409 506 3473 ταῦτα
521 3409 584 3493 μέν
599 3429 661 3495 σφι
677 3409 801 3499 σημηλα
815 3438 834 3479 ο
852 3408 935 3490 θεὸς
947 3411 1121 3495 προέδεξε,
1136 3402 1219 3493 μετά

212 3501 249 3567 δέ
274 3506 378 3566 ταῦτα
401 3498 422 3588 ή
443 3512 608 3593 ναυμαχίη
629 3506 848 3596 ὑπολαβοῦσα
869 3514 901 3591 ές
926 3510 1013 3598 γόνυ
1034 3507 1096 3595 τήν
1118 3505 1220 3574 πόλιν
