2536 3934
31 10 341 119 *s

298 250 382 310 LIB.
412 255 430 309 Ι.
465 253 562 312 cAP.
597 253 772 311 153-157.
993 247 1034 311 83

53 433 129 492 ιηιον
145 413 277 478 έοῦσαν
290 411 424 478 καὶτῶν
436 409 603 497 πρότερον
617 413 672 479 καὶ
686 417 755 479 τῶν
769 419 834 480 νύν
849 410 1033 481 ἑστεώτων·

49 503 80 571 τά
95 509 154 593 μὲν
173 506 246 596 γάρ
267 506 431 596 πρότερον
450 508 515 595 ἐγό
528 535 564 577 τε
579 512 720 596 ἔπρηξα,
741 511 797 578 καί
821 507 884 596 ἐγὼ
905 513 1034 597 κεφαλῇ

47 603 202 693 ἀναμάξας
224 607 337 694 φέρω·
368 603 408 674 τά
432 607 467 674 δὲ
489 613 556 674 νύν
582 605 767 694 παρεόντα,
792 605 949 690 Πακτύης
967 603 1033 691 γάρ

46 705 101 772 ἐστι
114 701 132 774 ὁ
146 701 315 792 ἀδικέων,
336 709 383 795 τῷ
404 701 448 772 σὺ
472 706 652 791 ἐπέτρεψας
670 702 816 791 Σάρδις,
838 694 935 781 οὑτος
949 701 1035 770 δότω

45 827 86 870 τοι
97 807 204 889 δίκην.
251 805 393 871 Λυδοῖσι
413 801 450 870 δέ
471 801 678 889 συγγνώμην
699 809 784 889 ἔχων
803 802 883 872 τάδε
906 798 1036 869 αύτοίσι

45 900 201 987 ἐπίταξον,
233 896 280 979 ὑς
302 899 385 990 μήτε
408 898 594 970 ἀποστέωσι
622 901 705 989 μήτε
730 906 838 974 δεινοί
862 927 914 970 τοι
941 905 1036 970 ἔωσι·

45 995 148 1066 ἀπειπε
161 999 228 1085 μέν
243 1018 303 1084 σφι
315 999 445 1085 πέμψας
455 994 543 1066 ὅπλα
552 995 654 1086 ἀρήϊα
662 996 707 1085 μὴ
716 1001 908 1085 κεκτῆσθαι,
920 1001 1035 1068 κέλευε

45 1094 75 1160 δέ
87 1113 189 1182 σφεας
209 1094 364 1175 κιθῶνάς
385 1119 422 1165 τε
445 1093 634 1164 ὑποδύνειν
653 1111 739 1165 τοῖσι
761 1101 871 1185 εἵμασι
897 1101 953 1168 καὶ
973 1122 1033 1165 κο·

45 1190 180 1281 θόρνους
193 1190 419 1282 ὑποδέεσθαι,
442 1192 584 1282 πρόειπε
600 1191 633 1262 δ’
656 1191 785 1265 αὑτοῖσι
801 1203 984 1281 κιθαρίζειν
998 1222 1034 1264 τε

46 1295 89 1360 καί
100 1292 245 1374 ψάλλειν
262 1296 316 1362 καὶ
331 1294 534 1380 καπηλεύειν
549 1294 724 1364 παιδεύειν
733 1295 813 1376 τούς
826 1303 955 1376 παῖδας.
978 1299 1034 1364 καὶ

46 1397 148 1479 ταχέως
161 1396 282 1481 σφέας,
299 1385 327 1462 ό
340 1400 496 1482 βασιλεύ,
519 1408 682 1482 γυναῖκας
697 1393 766 1465 ἀντ’
783 1395 919 1484 ἀνδρῶν
935 1394 1034 1479 όψεαι

46 1494 221 1581 γεγονότας,
241 1491 324 1562 ὥστε
335 1490 436 1561 οὐδὲν
447 1497 557 1563 δεινοί
563 1519 614 1563 τοι
625 1500 768 1583 ἔσονται,
782 1494 826 1585 μὴ
838 1494 1032 1565 ἀποστέωσι.

46 1601 171 1681 Κροῖσος
185 1594 255 1682 μὲν
270 1590 310 1681 δὴ
324 1592 429 1661 ταύτά
442 1597 477 1662 οί
489 1591 686 1681 ὑπετίθετο,
710 1595 909 1685 αίρετότερα
930 1602 1035 1665 ταῦτα
1045 1622 1097 1678 155

47 1691 195 1783 εὑρίσκων
205 1687 383 1778 Λνδοϊσιῆ
394 1690 726 1782 ἀνδραποδισθέντας
736 1693 911 1783 πρηθῆναό
919 1715 1033 1783 σφεας,

47 1794 267 1882 ἐπιστάμενος,
286 1790 337 1861 ότι
359 1787 458 1879 ἦνμὴ
474 1790 656 1880 ἀξιόχρεων
676 1792 848 1881 πρόφασιν
865 1799 1034 1883 προτείνῃ,

48 1888 95 1960 οὑκ
115 1890 293 1961 ἀναπείσει
319 1916 378 1976 μιν
403 1891 754 1978 μεταβουλεύσασθαι,
782 1884 963 1977 ἀρρωδέων
986 1890 1034 1978 δὲ,

48 1990 79 2078 μὴ
91 1997 142 2062 καὶ
158 1990 309 2078 ὑστερόν
324 2013 400 2058 κοτε
414 1994 448 2059 οί
458 1992 582 2077 Λυδοὶ,
603 1985 648 2075 ἦν
669 1986 706 2055 τό
722 1985 850 2076 παρεόν
863 1985 1035 2074 ὑπεκδρά-

48 2112 126 2179 μωσι,
142 2090 352 2169 ἀποστάντες
368 2086 433 2167 ἀπό
447 2095 516 2156 τῶν
526 2090 686 2175 Περσέων
701 2081 900 2154 ἀπόλωνται.
922 2093 1036 2172 Κύρος

48 2195 75 2260 δέ
82 2190 194 2281 ἡσθεὶς
208 2198 253 2281 τῇ
272 2188 434 2279 ὑποθήκη
455 2191 511 2258 καὶ
528 2186 624 2268 ὑπεὶς
646 2193 705 2273 τῆς
719 2182 821 2274 ὀργῆς
838 2191 902 2272 ἔφη
917 2188 952 2253 οί
962 2188 1037 2252 ml»

48 2301 164 2363 θεσθαι.
205 2293 349 2369 καλέσας
359 2289 396 2358 δὲ
415 2290 577 2377 Μαζάρεα
597 2287 707 2377 ἀνδρα
722 2291 863 2374 Μῆδον,
884 2285 989 2355 ταῦτά
1004 2289 1039 2354 oc

48 2392 215 2463 ἐνετείλατο
231 2401 404 2478 προειπεῖν
417 2392 577 2477 Λυδοῖσι,
598 2385 639 2456 τά
655 2385 673 2456 ὑ
690 2395 835 2475 Κροῖσος
846 2385 1036 2472 ὑπετίθετο,

48 2493 91 2559 καί
112 2491 198 2580 πρός
223 2493 570 2577 ἐξανδραποδίσασθαι
594 2486 674 2568 τοὺς
694 2486 816 2569 ἀλλους
836 2489 978 2577 πάντας,
1003 2494 1038 2557 οἳ

47 2587 114 2672 μετὺ
125 2593 255 2659 Λυδῶν
271 2591 325 2658 ἐπὶ
338 2589 466 2677 Σάρδις
481 2589 761 2678 ἐστρατεύσαντο,
787 2585 893 2658 αύτὺν
910 2589 947 2658 δὲ
961 2594 1036 2656 Πα-

47 2689 138 2776 πύην
152 2689 289 2767 πάντως
305 2688 431 2770 ζύοντα
446 2686 585 2776 ἀγαγεῖν
598 2683 673 2774 παρ’
691 2686 826 2756 ἑωυτόν.
864 2686 901 2756 ‘0
918 2688 980 2773 μὲν
994 2682 1035 2772 δὴ
1049 2701 1099 2759 157

45 2794 137 2857 ταῦτα
160 2792 198 2858 ἐκ
219 2794 287 2875 τῆς,
301 2784 385 2857 ὑδού
409 2788 639 2875 ἐντειλάμενος
653 2783 829 2876 ἀπήλαυνε
845 2790 879 2867 ἐς
891 2785 979 2875 ἤθεα
995 2785 1037 2857 τά

47 2893 209 2977 Περσέων,
230 2889 390 2977 Πακτύης
403 2891 447 2969 λδὲ
461 2889 657 2977 πυθόμενος
672 2885 778 2975 ἀγχοῦ
796 2885 881 2957 εἶναι
895 2884 1039 2976 στρατόν

45 2986 84 3056 ἐπ’
101 2988 229 3060 ἑωυτόν
243 2987 350 3079 ἐόντα,
366 2995 477 3070 δείσας
491 2990 592 3083 ,ύχετο
607 2991 746 3079 φεύγων
760 2992 793 3071 ἐς
804 2990 934 3078 Κύμην.
957 2998 1039 3061 Μα-

46 3089 135 3177 ζάρης
157 3091 195 3159 δδ
218 3087 239 3160 ὑ
255 3094 375 3178 Μῆδος
395 3091 514 3171 ἐλάσας
540 3093 593 3160 ἐπὶ
611 3086 671 3169 τάς
686 3089 815 3177 Σάρδις
829 3096 899 3157 τοῦ
918 3088 1038 3176 Κύρου

44 3196 177 3271 στρατοῦ
189 3203 314 3277 μοῖραν
325 3187 409 3277 όσην
423 3189 467 3276 δη’
477 3214 554 3259 κοτε
566 3195 662 3276 ἔχων,
676 3185 721 3267 ὡς
736 3183 799 3255 ούκ
813 3177 892 3274 εὑρε
903 3191 951 3256 ἐτι
961 3186 1039 3256 ἐόν-

45 3308 97 3363 τις
108 3285 185 3366 τοὺς
199 3283 453 3374 ἀμφέΠακτύην
463 3290 501 3356 ἐν
511 3286 667 3377 Σάρδισι,
683 3293 799 3374 πρῶτα
809 3281 957 3373 μδντοὺς
968 3291 1039 3352 Λν-

45 3379 118 3463 δῡὺς
127 3383 301 3475 ἠνάγκασε
315 3383 375 3466 τάς
388 3385 511 3475 Κύρου
532 3383 669 3465 ἐντολάς
691 3386 886 3454 ἐπιτελέειν·
909 3383 946 3448 ἐκ
959 3377 1040 3445 τού-

44 3502 102 3549 ιον
112 3484 146 3555 δὲ
155 3485 427 3576 κελευσμοσύνης
436 3490 543 3556 Λυδοί
553 3483 616 3578 τὴν
630 3490 743 3562 πᾶσαν
755 3481 952 3627 δίαιιαθιιῖῆε
966 3471 1041 3557 {dm
