2566 3934
348 236 433 298 ιιι.
465 237 497 297 11.
530 234 627 296 σιν.
658 240 798 303 ιι-ει.
890 226 894 232 ’
1011 230 1073 302 147

71 388 135 460 υύκ
148 389 340 480 Αἰγύπτιοι.
381 394 431 475 Ἐς
444 394 534 467 Σάιν
555 394 591 467 66
606 394 708 474 ,πόλιν
727 393 829 485 έπεάυ
848 400 1072 486 συλλεχθέωσι
1086 410 1121 467 66

71 496 131 575 τῆς
156 495 285 578 θυσίης
309 492 346 562 ἐν
369 495 410 580 τῇ
432 490 531 559 νυκτὶ
554 488 661 579 λύχνα
687 500 820 563 καίουσι
831 495 952 576 πάντες
965 492 1072 567 πολλά

71 584 241 672 ὑπαίθρια
254 589 332 674 περὶ
344 583 385 655 τά
399 587 533 675 (λύματα
553 587 675 678 κύκλῳ.
704 587 745 657 66
760 589 796 657 δέ
815 589 920 677 λύχνα
933 593 999 659 έστλ
1014 593 1073 677 έμ-
1125 607 1127 611 ’

70 684 181 773 βάφια
196 689 321 772 ἔμπλεα
335 683 415 766 άλός
428 687 483 755 καλ
497 690 570 757 έλαί
555 694 626 773 ίου,
642 689 798 777 ἐπιπολῆς
814 693 850 756 δέ
866 695 976 758 έπεσιι
990 689 1071 758 6666

70 810 106 851 60
95 779 319 870 ἐλλύχνιον,
335 785 389 851 καλ
402 790 500 851 τοῦτο
514 788 639 865 καίεται
646 784 854 904 παννύχιον,
870 790 978 855 καλ
938 814 979 905 τχχ
993 784 1073 876 ὁρτῇ
1103 797 1105 802 ’

71 879 207 965 οὔνομα
226 879 333 947 κέεται
353 886 543 966 λυχνοκαΐη.
568 877 694 948 066²*
673 907 716 948 αν
729 880 774 969 μὴ
790 889 914 952 ἔλθωσι
929 892 998 953 τῶν
1011 890 1093 951 Αί-’

69 982 226 1065 γυπτίων
246 977 279 1056 ές
302 976 363 1065 την
383 976 575 1064 πανήγυριν
596 975 738 1065 ταύτην,
760 971 988 1064 φυλάσσοντες
1012 977 1075 1068 τὴν

68 1074 180 1142 νύκτα
194 1079 253 1160 τῆς
271 1081 393 1161 θυσίης
409 1082 483 1143 ααίο
465 1093 541 1143 ουσι
564 1076 620 1142 καὶ
643 1071 739 1142 αὐτοὶ
760 1076 883 1158 πάντες
901 1075 942 1147 τά
956 1079 1073 1166 λύχνα,
1166 1148 1168 1153 ,

68 1168 186 1242 καὶ“
139 1196 233 1239 ουτω
253 1168 315 1240 οὐκ
332 1174 369 1240 έν
381 1173 451 1241 Σάι
462 1171 573 1259 μούνη
594 1178 736 1260 καίεται,
758 1171 843 1243 ἀλλά
857 1173 945 1245 καὶ’
925 1173 990 1245 ανά
1007 1182 1073 1244 πᾶ-

68 1291 134 1338 σαν
147 1268 387 1354 ΑίγυπτονῩ
366 1265 444 1338 οτευ
458 1269 541 1338 θἐ“
509 1294 637 1336 εινεκεν
651 1295 723 1356 φως
743 1276 836 1357 ἔλαχε
857 1275 913 1341 καὶ
931 1271 1031 1367 τιμην
1049 1270 1070 1360 ἡ

67 1368 130 1450 νύξ
153 1365 261 1454 αὕτη,
283 1373 352 1435 ἔστι
376 1352 447 1454 ίρύς
467 1369 543 1455 περὶ
558 1365 662 1439 αύτού
685 1368 784 1455 λόγος
802 1370 989 1459 λεγόμενος.
1022 1369 1072 1449 Ἐς
1086 1395 1120 1450 63
1220 1456 1223 1459 Ι

67 1469 103 1535 6
110 1465 237 1534 Ηλίου
247 1464 347 1543 πόλιν
361 1467 415 1533 καὶ
425 1471 580 1534 Βουτοῦν
592 1471 716 1543 θυσίας
729 1466 857 1552 μούνας
870 1470 1072 1547 ἐπιτελέουσι
1112 1529 1115 1535 .

67 1566 272 1652 φοιτέοντες.
296 1565 333 1632 έν
344 1566 380 1632 6
389 1554 550 1651 Παπρήμι
562 1569 685 1642 θυσίας
698 1564 760 1651 μέν
773 1567 828 1648 καλ
842 1563 898 1652 ίρά
923 1570 1070 1652 κατάπερ

66 1666 122 1732 καί
142 1657 293 1750 τῇ·’ἇλλη
312 1668 460 1729 ποιεῦσι·
476 1653 554 1747 εὖτ’
578 1655 622 1729 66
636 1663 674 1728 δέ
692 1667 824 1747 γίνηται
845 1661 1032 1750 καταφερὴς
1052 1660 1071 1730 6

67 1759 180 1846 ἥλιος,
203 1754 310 1844 ὀλίγοι
323 1760 385 1846 μέν
404 1783 492 1836 τινες
508 1763 576 1824 τῶν
597 1760 697 1845 ίρέων
710 1760 785 1844 περὶ
797 1757 952 1847 τῶγαλμα
966 1766 1072 1826 πεπυ·

68 1867 202 1945 νέαται,
228 1861 262 1926 οί
291 1857 330 1928 66
352 1860 470 1928 πολλοὶ
497 1856 612 1926 αύταῑν
642 1855 753 1937 ξύλων
782 1860 928 1945 κορύνας
943 1866 1071 1947 ἔχοντες

69 1964 184 2028 ἑστᾶσι
197 1961 261 2023 τοῦ
277 1959 353 2041 ίρυῦ
373 1957 410 2022 έν
430 1961 470 2044 τῇ
484 1955 605 2047 6669)-
634 1953 728 2036 άλλοι
749 1956 785 2022 66
802 1955 949 2044 εὐχωλὰς
963 1960 1071 2029 έπιτε-
1097 1950 1101 1957 ’

69 2064 222 2144 λέοντες,
241 2060 383 2135 πλεῦνες
395 2061 511 2141 χιλίων
525 2051 677 2144 ἀνδρῶν,
700 2057 831 2127 ἕκαστοι
846 2061 975 2141 ἔχοντες
989 2056 1071 2135 ξύλα

69 2158 123 2226 καί
136 2145 238 2249 οὗτοι
252 2149 357 2221 έπὶ
320 2179 361 2233 τα
382 2154 478 2239 ἕτερα
497 2150 592 2233 ἁλέες
613 2157 732 2223 έστάσι.
762 2175 800 2217 το
788 2146 884 2217 ‹6'
869 2150 999 2237 α’γαλμα
1014 2149 1072 2218 έόυ

69 2259 187 2346 ἐννηῷ
206 2255 314 2341 μικρῷ
338 2249 1091 2375 ξυλίνῳκατακεχρυσωμένωπροεκκομίζουσι’

68 2361 106 2444 τῇ
121 2350 356 2439 προτεραίηές
370 2345 450 2419 ἄλλο
471 2357 593 2437 οἴκημα
607 2348 691 2436 ἱρόν.
719 2352 756 2417 οί
768 2351 831 2434 μέν
850 2344 891 2434 θη
913 2344 1019 2434 ὀλίγοι
1040 2350 1073 2414 ολ

68 2454 143 2541 περὶ
155 2447 317 2565 τῶγαλμα
333 2448 540 2533 λελειμμένοι
555 2449 689 2525 ἕλκουσι
703 2375 928 2533 τετράκυκλον
941 2443 1071 2530 άμαξυν

69 2547 224 2636 ἄγουσαν
244 2541 305 2612 τὸν
323 2544 409 2631 νηόν
428 2571 465 2613 τε
484 2548 539 2614 καλ
562 2542 599 2612 66
614 2548 651 2613 ε’ν
671 2551 717 2636 τῷ
730 2571 801 2666 νηρι
786 2543 912 2612 ένεόν
929 2541 1071 2629 άγαλμα,

69 2652 101 2715 οἱ
113 2649 152 2716 δέ
170 2640 236 2712 ούκ
250 2644 328 2711 έῶσι
344 2645 381 2710 έν
400 2657 485 2711 τοσσι
507 2648 744 2736 προπυλαίοισι
765 2643 917 2721 ἑστεῶτες
937 2644 1069 2727 ἐσιέναι,
1193 2670 1197 2676 ·
1263 2714 1267 2721 ,

69 2751 101 2814 οί
115 2745 154 2813 θὲ
173 2739 388 2829 εὐχωλιμαῖοι
407 2742 677 2831 τιμωρέοντες
645 2744 691 2806 τῶ
705 2744 776 2829 θεῷ
796 2745 932 2817 παίουσι
949 2734 1072 2817 αύτούς

68 2839 301 2928 ἀλεξομένους.
319 2840 468 2907 ένθαυτα
477 2863 567 2924 μαχη
573 2837 729 2918 ξυλυισι
715 2856 858 2925 καρτεριχ
847 2837 1003 2924 γίνεται,
1015 2862 1072 2904 κε
1081 2908 1083 2913 ,

68 2941 181 3028 φαλάς
199 2964 238 3006 τε
262 2937 549 3026 συναράσσονται,
579 2936 680 3006 xaz‘
658 2964 703 3017 ως
727 2928 790 3034 666
813 2940 933 3024 δοκέω,
954 2941 1072 3036 πολλοὶ
1135 2976 1165 2989 ·‹
1208 3026 1211 3034 Ι
1258 2970 1262 2974 ·

66 3043 121 3109 καὶ
139 3035 404 3131 ἀποθνήσκουσι
423 3040 461 3111 έιι
479 3042 548 3105 τῶν
569 3032 832 3123 τρωμάτων·ού
851 3041 1012 3124 μέντοι“
978 3064 1010 3106 οι
1032 3062 1071 3123 γε

66 3134 249 3223 Αἰγύπτιοι
263 3138 395 3220 ἔφασαν
408 3130 640 3224 ἀποθνήσκειν
653 3131 784 3203 οὐθένα.
827 3133 896 3223 Τὴν
910 3136 947 3206 66
961 3161 1071 3224 τιανη-
1084 3154 1120 3210 66

64 3264 168 3328 γνριν
180 3235 311 3324 ταύτην
322 3237 361 3311 έκ
374 3240 475 3304 τοῦδε
487 3242 621 3322 νομίσαι
636 3238 718 3329 φασὶ
731 3240 766 3305 οί
776 3235 1016 3324 έπιχάριοι,οί
1002 3237 1071 3303 ίκέὁ
1180 3254 1189 3258 '⁴

67 3365 118 3407 ειν
139 3340 179 3407 έν
198 3364 246 3431 τρι
231 3339 332 3428 ’ίρῶ
353 3334 461 3427 τούτω
481 3341 542 3403 τού
555 3332 671 3422 ’Ἆρεος
690 3358 752 3422 την
774 3337 915 3421 μητέρα,
936 3328 1070 3399 καὶτὸν

58 3434 197 3529 ΗΑρεα
177 3436 379 3562 απότροφον
393 3433 577 3526 γενόμενον
592 3431 715 3503 έλθεσν
726 3431 985 3613 έξανθρωῦέηον
983 3427 1069 3492 ἐθέ-
