2606 3920
353 259 439 318 ΗΒ.
472 259 530 315 W.
566 258 663 316 cAP.
697 265 871 322 622-266.
1020 258 1112 322 61⁹

15 476 17 487 ,
109 418 144 484 δὲ
169 417 327 504 Ἀρτάνης
348 416 498 501 Δαρείου
518 414 581 503 μέν
604 421 666 483 τοῦ
688 418 841 504 βασιλέος
866 411 911 504 ήυ
937 416 1109 509 ἀδελφεός,

13 492 16 563 ί
104 513 300 595 ’Υστάσπεος
315 519 352 585 δέ
365 523 427 584 τοῦ
443 512 622 601 Ἀρσάμεος
643 529 736 603 παῖς,
759 512 796 595 ὃς
811 518 866 585 καί
881 516 1034 598 ἐκδιδούς
1047 518 1109 608 τήν

106 621 279 703 θυγατέρα
292 622 426 706 Δαρείῳ
439 613 501 683 τόν
514 613 608 683 οἷκον
623 614 732 683 πάντα
746 614 806 683 τόν
823 618 951 686 ἑωυτοῦ
965 619 1108 687 ἐπέδωκε

108 715 153 795 ὡς
168 715 301 801 μούνου
319 717 354 782 oc
368 712 488 800 ἐούσης
501 713 623 800 ταύτης
635 716 765 783 τέκνου.
788 714 917 799 ,Ξέρξεω
930 740 967 783 τε
983 713 1023 802 δή
1046 717 1108 784 δύο
1124 740 1174 793 225

108 817 263 902 ἀδελφεοί
277 817 427 884 ἐνθαῦτα
441 821 599 884 πίπτουσι
613 815 793 903 μαχόμενοι
809 811 895 902 ὑπὲρ
908 821 970 882 τοῦ
984 824 1111 898 νεκροῦ

105 942 168 984 του
152 917 371 1001 Λεωνίδεω,
385 916 545 1000 Περσέων
558 939 595 1002 τε
608 915 671 981 καὶ
673 906 947 999 Λακεδαιμονίων
958 908 1108 1003 ὠθισμός

9 1042 10 1047 ’
106 1013 236 1099 ἐγένετο
252 1007 375 1090 πολλός
392 1008 460 1090 ές“
440 1010 590 1079 οτούτόν
603 1036 640 1080 τε
653 1007 754 1099 άρετη
738 1009 822 1080 ”’ὀί
817 1019 961 1107 Ελληνες
975 1008 1107 1093 ὑπεξεί-

50 1103 54 1109 ’
106 1131 215 1198 ρυσαυ
229 1112 284 1179 καί
301 1112 480 1197 ἐτρέψαντο
495 1106 575 1188 τούς
592 1111 764 1188 ἐναντίους
776 1109 934 1203 τετράκις.
958 1116 1057 1178 τοῦτο
1070 1111 1107 1177 δὲ

106 1207 304 1326 συνεστήκεε
317 1210 413 1296 μέχρι
423 1234 465 1276 ου
451 1199 511 1276 οί
523 1205 589 1275 σύν
599 1205 752 1297 Ἐπιάλτῃ
762 1206 1036 1294 παρεγένοντο.
1014 1235 1058 1288 ως
1069 1209 1107 1278 δέ

7 1332 8 1337 ’
106 1308 245 1385 τούτους
258 1304 354 1391 ήκειν
367 1306 537 1375 ἐπύθοντο
552 1311 587 1374 ολ
596 1303 767 1394 Έλληνες,
784 1309 944 1376 ἐνθεῦτεν
958 1307 1054 1397 ήδη
1036 1336 1106 1379 ιτε-

106 1411 240 1493 ροιούτο
253 1402 291 1472 τό
306 1418 423 1503 νεῖκος.
448 1410 481 1483 ές
494 1430 530 1472 τε
542 1402 607 1492 γάρ
618 1403 656 1473 τό
667 1403 801 1529 στεινήν
814 1412 871 1495 τής
882 1402 998 1474 δδοῦ’
979 1408 1105 1494 ανεχοί-

104 1528 184 1591 ρεου
205 1500 327 1589 ὀπίσω,
358 1494 413 1571 καί
432 1504 721 1592 παραμειψάμενοι
743 1504 779 1574 τό
802 1521 922 1593 τεῖχος,
949 1506 1105 1587 ἐλθόντες

102 1602 243 1681 ίζοντοέ
227 1597 327 1668 έπί
292 1626 353 1668 τον
368 1598 521 1670 κολωνόν
534 1603 657 1682 πάντες
671 1601 764 1684 ἁλέες
779 1609 812 1673 oc
827 1602 922 1674 άλλοι
936 1604 1024 1694 πλήν
1036 1615 1105 1692 Θη-

10 1690 14 1699 ’
103 1703 218 1783 βαίωυ.
248 1696 266 1766 6
284 1704 320 1767 δέ
334 1699 483 1777 κολωνός
500 1701 568 1768 ἐστι
584 1703 621 1768 ἐν
634 1728 675 1789 τη
660 1701 854 1792 έσόδω,“
834 1729 918 1770 οκον
934 1709 1000 1771 νύν
1016 1700 1034 1772 6
1052 1709 1104 1772 λί-

4 1824 6 1839 ¹
102 1807 201 1876 θινος
211 1799 297 1865 λέων
308 1800 424 1884 ἕστηκε
434 1800 487 1865 ἐπὶ
498 1802 663 1887 Λεωνίδη
671 1802 709 1867 ἐν
719 1824 827 1868 τουτω
837 1802 981 1891 σφέας
949 1827 995 1869 τω
1006 1801 1103 1891 χαίρω

3 1914 14 1952 '1
103 1893 321 1981 άλεξομένους
332 1904 520 1985 μαχαίρῃσι,
535 1910 620 1965 τοῖσι
630 1895 743 1966 αύτοδν
753 1869 935 1984 ἐτύγχανον
950 1905 997 1967 ἔτι
1007 1923 1102 1988 περι-

104 2003 236 2083 εοῦσαι,
257 1998 312 2065 καί
331 2001 423 2164 χερσί
443 1998 499 2065 καί
519 1997 659 2084 στόμασι
680 1994 870 2086 κατέχωσαν
886 2004 921 2068 ολ
937 2000 1102 2119 βάρβαροι

100 2097 347 2184 βάλλοντες,ίο
358 2095 398 2182 μὲ
400 2123 421 2164 ν
431 2098 464 2175 ἐξ
476 2097 628 2183 ἐναντίης
642 2098 858 2184 ἐπισπόμενοι
870 2094 974 2166 καί
939 2124 977 2166 το
996 2103 1101 2185 ἔρυμα

102 2202 162 2265 τοῦ
176 2202 297 2282 τείχεος
310 2195 559 2281 συγχώσαντες,
583 2199 617 2264 οί
630 2195 666 2264 δὲ
680 2196 915 2282 περιελθόντες
929 2195 1101 2265 πάντοθεν

100 2293 310 2378 περισταδόν.

182 2399 457 2481 Λακεδαιμονίων
471 2397 508 2463 δέ
524 2397 580 2462 καί
595 2397 767 2463 Θεσπιέων
782 2394 945 2463 τοιούτων
960 2395 1101 2481 γενομέ-
1117 2410 1167 2463 226

4 2490 5 2575 ᾗ
98 2524 187 2583 νων,
211 2495 300 2583 ὅμως
315 2497 443 2581 λέγεται
457 2494 592 2582 ἄριστος
611 2492 697 2581 άνήρ
716 2497 875 2580 γενέσθαι
889 2492 1082 2582 Σπαρτιήτη

3 2636 5 2679 ι
99 2594 282 2682 Διηνέκης,
298 2588 360 2659 τόν
372 2593 450 2661 τόδε
465 2593 547 2678 φασί
563 2597 668 2659 είπεϊυ
678 2589 716 2658 τό
727 2597 806 2669 έπος
819 2592 900 2676 πρὶν
910 2586 932 2676 6
943 2518 1115 2676 συμμῖξαί

3 2730 4 2737 1
98 2713 203 2779 σφεας
222 2703 307 2758 τοδσι
322 2689 489 2777 Μήδοισι,
507 2687 706 2772 πυδόμευου
725 2687 808 2772 πρός
821 2712 880 2753 τευ
892 2692 961 2753 τῶν
978 2692 1099 2771 Τρηχι-

3 2856 5 2859 ,
97 2794 198 2872 νίων,
219 2784 264 2865 ὡς
278 2783 381 2854 ἐπεάν
401 2790 436 2854 οί
446 2783 612 2872 βάρβαροι
626 2780 747 2851 άπίωσι
763 2779 804 2850 τά
817 2781 1016 2869 τοξεύματα,
1038 2779 1098 2850 τόν

95 2884 194 2973 ἥλιον
207 2882 273 2953 ύπδ
290 2892 352 2952 τοῦ
367 2883 515 2971 πλήθεος
528 2888 597 2953 τῶν
610 2877 732 2949 όλστύυ
745 2877 1013 2968 ἀποκρύπτουσι·
1039 2905 1098 2947 το-

94 2986 201 3056 σοῦτό
219 3013 260 3054 τι
266 2994 396 3073 πλῆθος
417 2982 531 3053 αύτῶν
545 2982 644 3052 εἶναι’
672 2981 733 3051 τόν
752 2983 790 3051 δέ
810 2983 873 3052 ούκ
893 2986 1096 3071 ἐκπλαγέντα

93 3083 244 3151 τούτοισι
266 3088 386 3170 εἰπεῖν,
408 3085 446 3151 ἐν
465 3078 584 3170 άλογίη
602 3080 805 3166 ποιεύμενον
823 3077 861 3150 τό
882 3089 951 3150 τῶν
965 3082 1097 3168 Μήδων

92 3176 279 3267 πλῆθος,
257 3205 302 3258 ως
315 3180 425 3248 πάντα
437 3197 499 3266 σφι
512 3174 657 3264 άγαδάὸ
673 3185 845 3266 Τρηχίνιος
859 3183 965 3260 ξεῖνος
977 3175 1098 3263 άγγέλ-
1205 3198 1209 3207 ’

94 3288 163 3361 λοι,
182 3274 247 3346 τέ’
228 3276 514 3397 αποκρυπτόντωυ
528 3282 597 3342 τοῖν
607 3274 784 3362 Μήδων
750 3302 811 3344 του
825 3274 955 3364 ήλιον’
937 3273 1004 3344 υπδ
1020 3282 1096 3363 σκιῇ

93 3381 203 3442 έσοιτο
216 3372 300 3458 πρός
316 3371 441 3453 αύτούς
457 3370 479 3462 6
496 3372 583 3459 μάχη
598 3377 654 3441 καί
668 3371 731 3442 ούιι
745 3376 783 3442 έν
800 3372 893 3464 ήλίω
916 3372 1097 3458 ταῦταμὲν·

92 3473 148 3538 καί
158 3469 243 3539 ἄλλα
253 3473 493 3557 τοιουτότροπα
504 3473 584 3540 έπεά
597 3492 679 3555 φασι
686 3468 898 3560 Διηνέκεα
863 3497 924 3539 του
930 3475 1097 3539 Λακεδαι-

11 682 21 729 ,λ
