2626 3932
408 240 492 296 ΗΒ.
526 242 560 296 V.
588 239 690 297 ὈΛΡ.
727 245 865 300 18-22.
1111 241 1132 300 9

131 403 349 488 γυναικηίην,
371 391 471 474 αὐτός
486 389 554 462 δέὸ
572 390 784 485 Ἀλέξανδρος
801 405 894 476 ίσους
909 403 984 486 τῇσι
999 400 1132 484 γυναιξὶ

131 493 280 584 άριθμόν
294 491 420 577 ἄνδρας
439 497 660 577 λειογενείους
678 501 719 583 τῇ
739 500 807 562 των
827 502 999 580 γυναικῶν
1015 498 1132 584 ἐσθήτι

7 618 8 621 ’
132 591 297 670 σκευάσας
311 592 367 658 καὶ
380 591 558 675 ἐγχειρίδια
573 589 653 668 δοδς
673 598 801 679 παρῆγε
815 598 896 679 έσω,
917 594 1080 680 παράγων
1094 592 1131 661 δέ

132 690 272 767 τούτους
292 694 385 774 ἔλεγε
403 701 488 780 τοῖσι
502 689 650 775 Πέρσῃσι
669 689 768 756 τάδε·
801 682 840 757 Ὦ
854 692 998 775 Πέρσαι,
1020 700 1131 760 οίκατε

131 790 311 873 πανδαισίῃ
324 786 418 872 τελέῃ
432 787 617 869 ἱστιῆσθαι·
646 785 687 852 τά
706 811 741 853 τε
756 782 822 873 γάρ
844 783 944 873 άλλα,
966 784 1029 854 ὅσα
1045 796 1132 872 είχο·

131 912 210 973 μεν,
228 885 284 951 καὶ
300 878 384 970 πρὸς
397 876 438 948 τά
454 874 508 953 οίά
523 906 558 947 τε
571 873 616 968 ήν
630 881 826 970 ἐξευρόντας
839 887 1006 970 παρέχειν,
1020 883 1131 951 πάντα

131 983 213 1071 ὑμίν
227 981 383 1070 πάρεστι,
404 980 460 1046 καὶ
475 975 515 1065 δή
530 979 586 1047 καλ
598 978 676 1047 τόδε
690 978 728 1048 τό
743 980 880 1049 πάντων
890 983 1057 1067 μέγιστον,
1073 981 1131 1058 τάς

130 1107 167 1151 τε
181 1083 316 1150 έωυτάν
329 1077 471 1164 μητέρας
489 1077 545 1145 καλ
563 1073 622 1155 τάς
642 1074 808 1163 ἀδελφεάς
824 1078 1132 1165 ἐπιδαψιλευόμεθα

131 1180 223 1269 ὑμῖν,
238 1175 283 1257 ὡς
297 1177 483 1255 παντελέως
493 1175 624 1263 μάθητε
642 1176 831 1263 τιμεόμενοι
845 1174 929 1263 πρός
940 1173 1053 1266 ήμέων
1064 1182 1132 1244 τόν

131 1283 193 1362 πέρ
210 1281 282 1347 έστε
295 1273 398 1358 άξιοι,
420 1271 504 1360 πρὸς
518 1275 555 1342 δέ
570 1277 625 1342 καί
638 1277 769 1362 βασιλέϊ
781 1281 827 1366 τῷ
841 1277 1007 1361 πέμψαντι
1023 1271 1133 1360 άπαγ-

131 1384 275 1465 γείλητε,
298 1371 344 1454 εδς
358 1369 444 1460 άνήρ
450 1369 572 1457 Ἕλλην
586 1373 799 1441 Μακεδόνων
813 1370 960 1461 ὕπαρχος
975 1364 1016 1441 εὖ
1029 1369 1132 1457 ὑμέας
1165 1386 1184 1411 ·

7 1480 8 1573 ρ
131 1477 261 1555 ἐδεξατο
275 1475 331 1540 καλ
347 1473 488 1559 τραπέζῃ
504 1473 560 1538 καλ
573 1477 675 1559 κοίτῃ.
698 1478 801 1539 ταῦτα
815 1480 909 1550 είπας
921 1470 1132 1558 Ἀλέξανδρος

7 1578 8 1637 3
130 1575 258 1659 παρίζει
272 1571 386 1657 Πέρσῃ
405 1565 504 1654 άνδρλ
523 1566 632 1655 άνδρα
651 1569 836 1638 Μακεδόνα
858 1567 903 1649 ὡς
921 1582 1066 1656 γυναῖκα
1085 1572 1131 1659 τῷ

7 1712 16 1759 j.
130 1671 235 1760 λόγῳ·
257 1674 292 1737 οί
301 1669 353 1755 δὲ,
370 1671 489 1737 έπείτέ
496 1688 611 1755 σφεων
622 1673 657 1738 οί
664 1673 791 1758 Πέρσαι
802 1670 924 1752 ψαύειν
939 1673 1130 1759 ἐπειρῶντο,

131 1767 343 1855 διεργάζοντο
358 1763 491 1846 αότοάς.

213 1870 279 1935 Καὶ
300 1856 394 1936 οὗτοι
414 1866 477 1952 μὲν
496 1865 603 1956 τούτῳ
623 1872 668 1955 τῷ
688 1865 781 1956 μόρῳ
802 1863 1053 1952 διεφθάρησαν,
1076 1869 1131 1935 καὶ
1144 1892 1177 1945 21
1305 1876 1306 1879 ’

7 1960 10 1983 '
132 1965 226 2034 αὐτοὶ
247 1968 302 2034 καὶ
320 1961 341 2051 ἡ
362 1969 531 2052 θεραπηίη
552 1961 679 2031 αὐτῶν·
713 1967 823 2031 εἵπετο
842 1960 908 2050 γάρ
930 1962 972 2050 δή
992 1981 1053 2049 σφι
1076 1965 1131 2032 καὶ

132 2058 279 2150 ὀχήματα
293 2063 348 2129 καὶ
360 2061 567 2146 θεράποντες
581 2063 636 2128 καὶ
651 2057 673 2147 ή
687 2067 777 2129 πάσα
797 2059 903 2147 πολλή
918 2061 1113 2149 παρασκευή
1121 2085 1129 2099 ·

132 2161 241 2229 πάντα
257 2156 298 2246 δή
314 2165 418 2228 ταῦτα
433 2157 501 2247 άμα
515 2166 596 2227 πᾶσι
612 2161 767 2229 ἐκείνοισι
780 2156 955 2247 ήφάνιστο.
985 2158 1067 2247 μετά
1082 2160 1130 2248 δέ,

130 2257 242 2348 χρόνῳ
256 2252 298 2325 οά
313 2263 425 2346 πολλῷ
439 2254 598 2345 ὕστερον,
621 2257 750 2345 ζήτησις
763 2265 832 2326 τόν
851 2255 987 2344 ἀνδρῶν
1000 2259 1130 2329 τούτων

131 2355 258 2441 μεγάλη
273 2355 391 2421 ἐκτῶν
401 2356 560 2442 Περσέων
575 2357 717 2442 ἐγένετο,
733 2361 793 2424 καί
803 2375 907 2442 σφεας
917 2355 1130 2446 Ἀλέξανδρος

131 2454 289 2537 κατέλαβε
303 2456 422 2540 σοφίῃ,
436 2452 587 2539 χρήματά
601 2478 636 2521 τε
651 2449 731 2532 δοδς
740 2451 847 2522 πολλά
862 2456 917 2523 καί
929 2452 992 2542 τήν
1003 2457 1131 2524 έωυτοῦ

131 2546 315 2635 άδελφεήν,
336 2556 376 2638 τῇ
391 2547 520 2636 οὕνομα
532 2543 578 2638 ήν
593 2555 739 2637 Γυγαίη·
767 2547 849 2629 δοὺς
862 2548 899 2618 δὲ
915 2557 1019 2618 ταῦτα
1034 2554 1131 2618 κατέ·

131 2653 212 2734 λαβε
227 2642 470 2734 δἈλέξανδρος
483 2648 644 2736 Βουβάρῃ
657 2644 755 2734 άνδρὶ
769 2649 900 2736 Πέρσῃ,
918 2654 987 2715 των
1000 2649 1131 2733 διζημέ-

132 2772 203 2814 νων
222 2740 301 2822 τοδς
322 2741 551 2831 ἀπολομένους
570 2751 616 2834 τῷ
637 2749 818 2834 στρατηγῷ.
851 2741 869 2813 ὁ
893 2746 956 2831 μέν
977 2769 1044 2812 νυν
1061 2749 1130 2810 των

130 2845 291 2930 Περσέων
305 2843 435 2911 τούτων
447 2843 596 2923 θάνατος
610 2841 699 2911 οὕτω
714 2846 964 2930 καταλαμφθεὶς
977 2844 1128 2933 ἐσιγήθη.

129 2943 291 3030 Ἕλληνας
305 2940 341 3010 δὲ
357 2939 595 3021 εἶναιτούτους
610 2939 690 3021 τοδς
704 2938 769 3010 άπό
783 2946 977 3027 Περδίκκεω
991 2942 1132 3031 γεγονό-
1146 2954 1180 3008 2²

130 3066 204 3128 τας,
225 3038 310 3109 κατά
328 3063 391 3126 περ
412 3036 506 3109 αὐτοὶ
526 3042 678 3127 λέγουσι,
699 3036 800 3118 αὐτός
819 3065 855 3107 τε
869 3038 958 3109 οὕτω
978 3041 1132 3129 τυγχάνω

7 3158 11 3169 '
130 3136 364 3223 ἐπιστάμενος,
385 3138 441 3206 καί
461 3134 503 3224 δή
514 3140 580 3231 χαλ
603 3140 640 3205 ἐν
659 3150 744 3206 τοῖσι
765 3134 887 3205 όπισθε
902 3138 1033 3223 λόγοισι
1046 3135 1131 3204 άπο-

130 3239 229 3323 δέξω,
253 3233 297 3314 άς
313 3232 555 3322 είσιἝλληνες,
576 3232 661 3325 πρὸς
680 3234 717 3303 δὲ
731 3237 786 3303 καὶ
802 3239 836 3304 οί
849 3231 909 3304 τόν
923 3236 960 3303 ἐν
971 3232 1132 3321 Ὀλυμπίῃ

131 3335 300 3412 διέποντες
319 3330 436 3419 άγωνα
449 3332 619 3422 Ἑλλήνων
634 3331 723 3402 οὕτω
739 3338 892 3420 ἔγνωσαν
906 3330 1000 3400 εἶναι.
1039 3328 1132 3403 Ἀλερ

7 3450 8 3455 ’
129 3430 278 3516 ξάνδρου
298 3427 364 3518 γάρ
388 3427 567 3500 άεθλεόειν
588 3433 747 3518 ἑλομένου
770 3432 826 3498 καὶ
851 3426 1057 3517 καταβάντος
1074 3424 1129 3496 ἐπ’
