2618 3928
209 237 273 302 114
588 241 840 297 HERODOTI

207 405 263 487 κίη
278 398 364 487 αὕτη
377 399 545 487 μεγάλως,
562 394 646 465 καὶὸ
661 393 847 482 Ἀλκμαίων
858 388 957 476 οὗτος
972 396 1059 466 οὕτω
1073 411 1217 488 τεθριπ-

140 515 191 572 ινσ
205 498 420 614 ποτροφῆσας
431 493 636 582 Ὀλυμπιάδα
650 491 850 588 ἀναιρέεται,
864 493 947 582 μετά
963 496 1009 585 δὲ,
1023 507 1123 589 γενεῆ
1133 505 1216 570 δευ-

207 600 286 685 τέρη
312 593 473 681 ὕστερον,
499 595 707 680 Κλεισθένης
726 618 786 680 μιν
809 590 828 661 δ
850 601 1027 675 Σικυῶνος
1047 598 1217 687 τύραννος

207 692 334 780 ἐξήειρε
356 689 439 761 ὥστε
459 697 572 783 πολλῷ
592 687 882 779 οὐνομαστοτέρην
900 697 1059 781 γενέσθαι
1078 700 1115 766 ἐν
1128 713 1216 768 τοῖσι
1291 688 1292 705 ’

205 792 357 880 Ελλησι,
374 787 397 878 ῆ
411 791 577 880 πρότερον
590 781 642 879 ῆν.
665 792 914 861 Κλεισθένεϊ
874 820 940 882 γαρ
954 823 1000 888 τφ
986 795 1216 887 Ἀριστωνά·

207 918 274 980 μον
289 917 350 959 τον
336 890 534 977 Μάρωνος
546 916 608 959 τον
593 887 762 976 Ἀνδρέω
771 897 898 978 γίνεται
911 894 1085 983 θυγάτηρ,
1100 902 1141 985 τῆ
1151 894 1215 964 οὔ·

207 1017 295 1079 νομν
311 981 356 1078 ῆν
373 986 556 1110 Ἀγαρίστη.
586 989 712 1076 ταύτην
731 986 877 1079 ῆθέλησε
892 989 1061 1080 Ἑλλήνων
1074 996 1213 1064 πάντων

208 1087 424 1213 ἐξευρῶντόν
438 1085 577 1178 αριστον
587 1114 696 1181 τουτω
706 1104 850 1176 γυναῖκα
861 1101 1070 1184 προσθεῖναι.
1091 1091 1213 1180 Ὀλυμ-

207 1198 295 1259 πίων
310 1181 359 1258 όν
373 1187 499 1256 ἐόντων
513 1191 569 1256 καὶ
582 1193 688 1256 νικῶν
702 1189 739 1256 ίν
753 1185 883 1256 αάτοῑσι
896 1188 1095 1282 τεθρίππῳ*
1081 1217 1099 1260 ο
1111 1198 1210 1260 Κλεν

207 1292 330 1377 σθένης
342 1286 497 1376 κήρυγμα
511 1282 734 1373 ἐποιήσατο,
713 1305 802 1366 οστις
810 1283 979 1373 Ἑλλήνων
989 1286 1116 1356 ἑωυτόν
1127 1285 1214 1369 ἀξιοῖ

206 1388 428 1465 Κλεισθένεος
438 1383 593 1474 γαμβρόν
604 1381 811 1472 γενέσθαι,“
787 1410 884 1471 ηκειν
894 1387 928 1465 ἐς
938 1384 1115 1475 ἕξηκοστῆν
1130 1384 1211 1474 ἡμέ-

207 1481 303 1572 ρηνῆ
314 1486 369 1553 καὶ
382 1483 549 1572 πρότερον
559 1485 593 1561 ἐς
599 1488 759 1551 Σικυῶνα
772 1477 816 1562 ὡς
826 1483 1038 1573 κυρώσοντος
1046 1489 1211 1555 Κλεισθέ-

205 1609 281 1661 νεος
290 1580 351 1652 τόν
359 1582 469 1669 γάμον
480 1582 518 1649 ἐν
529 1583 681 1672 ἐνιαυτῷ,
692 1576 758 1648 ἀπό
770 1587 827 1668 τῆς
839 1585 1013 1671 ἑξηκοστῆς
1022 1581 1210 1672 ἀρξαμένου
1291 1592 1292 1595 ’

203 1679 337 1770 ἡμέρης.
367 1677 711 1768 ἸδνθαῦταἘλλῆνων
728 1677 801 1747 ὅσοι
816 1686 911 1766 σφίσι
925 1707 961 1748 τε
976 1679 1104 1751 αὐτοῖσι
1122 1675 1208 1771 ῆσαν
1291 1746 1292 1785 ,

205 1781 259 1848 καὶ
270 1777 379 1867 πάτρη
390 1779 628 1865 ἐξωγκωμένοι,
643 1781 796 1865 ἐφοίτεον
806 1784 1001 1868 μνηστῆρες,
1013 1796 1097 1851 τοῖσι
1108 1789 1210 1857 Κλει-

206 1878 331 1964 σθένης
341 1876 396 1945 καὶ
411 1875 539 1964 δρόμον
550 1879 604 1945 καί
617 1884 824 1964 παλαίστρην
838 1878 1061 1965 ποιησάμενος
1076 1879 1128 1950 ἐπ’
1145 1880 1210 1949 αό-

138 1996 188 2051 ιοσ
205 1981 250 2067 τῷ
267 1975 375 2068 τοάτφ
390 1973 462 2062 εἶχε.
501 1974 579 2045 Ἀπό
595 1975 657 2063 μὲν
672 1975 713 2064 δῆ
731 1975 865 2064 Ἰταλίης
879 1970 966 2065 ἦλθε
980 1985 1208 2071 Σμινδυρίδης

204 2071 465 2197 ὁἹπποκράτεος
474 2080 682 2162 Συβαρίτης,
696 2072 733 2153 ὃς
747 2077 799 2142 ἐπὶ
813 2083 968 2144 πλεῖστον
982 2075 1022 2164 δῆ
1036 2081 1149 2166 χλιδῆς
1163 2074 1209 2158 εἷς
1291 2106 1292 2109 ’

203 2168 291 2256 ἀνὴρ
307 2167 441 2238 ἀπίκετο
463 2169 550 2260 (ἡδὲ
565 2170 759 2260 Σόβαρις”
736 2178 843 2293 ηκμαζ
842 2199 857 2239 ε
872 2181 993 2244 τοῦτον
1012 2174 1072 2246 τόν
1086 2175 1210 2264 χρόνον
1291 2206 1292 2257 ι

203 2265 380 2353 μάλιστα),
396 2271 450 2335 καὶ
467 2275 603 2355 Σιρίτης
616 2270 777 2357 Δάμασος
788 2268 942 2360 Ἀμύριος
956 2281 1017 2342 τοῦ
1029 2283 1138 2362 σοφοῦ
1152 2285 1210 2345 λε·
1291 2280 1292 2329 3

202 2367 351 2453 γομίνου
364 2379 450 2443 παις.
472 2358 566 2434 οὗτοι
581 2366 676 2454 μὲν’
656 2367 721 2435 απδ
740 2367 874 2456 Ἰταλίης
888 2364 1013 2459 ῆλθον,
1034 2375 1071 2441 ἐκ
1094 2375 1129 2442 δὲ
1146 2382 1208 2442 τοῦ

203 2463 332 2532 κόλπου
354 2470 415 2531 τοῦ
432 2462 553 2534 Ἰονίου
569 2463 813 2553 Ἀμφίμνηστος
835 2466 1057 2556 Ἐπιστρόφου
1075 2468 1209 2541 Ἐπιδά-

202 2587 314 2649 μνιος·
338 2553 436 2643 οὗτος
449 2565 485 2635 δὲ
498 2566 535 2632 ἐκ
548 2591 609 2633 του
620 2562 740 2634 Ἰονίου
753 2568 890 2637 κόλπου.
913 2563 1209 2690 Αίτωλόςδὲῆλμθε
1291 2562 1292 2617 ³

205 2659 372 2784 Τιτόρμου
385 2669 447 2731 τοῦ
461 2661 676 2752 υπερφόντος
690 2692 725 2733 τε
733 2662 921 2750 Ἐλληναςί
920 2666 998 2751 σχόί
1009 2669 1064 2735 καὶ
1075 2665 1209 2785 φυγόν-

200 2789 256 2842 τος
279 2758 485 2849 ἀνθρώπους
508 2760 597 2842 ἐς
561 2789 620 2842 τοις
639 2761 789 2849 ἐσχατιάς
808 2769 865 2848 τῆς
884 2767 1066 2843 Αἰτωλίδος
1084 2763 1207 2851 χώρης,

200 2857 323 2925 τούτου
333 2865 394 2925 τοῦ
409 2861 576 2947 Τιτόρμου
587 2857 750 2948 ἀδελφεός
760 2859 890 2946 Μάλης.
907 2857 972 2928 ἀπό
984 2862 1021 2930 δὲ
1030 2869 1207 2932 Πελοπον-

201 2953 307 3041 νῆσον
320 2960 488 3036 Φείδωνος
501 2966 563 3026 τοῦ
573 2957 730 3045 Ἀργείων
745 2958 916 3046 τυράννου
929 2974 1006 3039 παίς
1015 2961 1206 3049 Λεωκήδης,

202 3058 371 3131 Φείδωνος
386 3055 422 3121 δὲ
436 3062 498 3123 τοῦ
511 3054 551 3124 τά
569 3062 670 3148 μίτρα
687 3058 887 3146 ποιῆσαντος
903 3066 1205 3149 Πελοποννησίοισι
1291 3130 1292 3137 ,

200 3155 255 3224 καὶ
272 3150 472 3242 ὑβρίσαντος
486 3157 622 3241 μέγιστα
644 3156 684 3246 δῆ
697 3156 865 3244 Ἑλλήνων
879 3155 1055 3247 ἁπάντων,
1078 3158 1115 3240 ὃς
1129 3163 1205 3241 ἐξα·
1291 3242 1292 3247 ¹

201 3252 365 3340 ναστῆσας
375 3249 454 3331 τούς
465 3250 602 3323 Ἠλείων
617 3252 829 3343 ἀγωνοθέτας
844 3253 943 3336 αὐτὸς
957 3256 1017 3326 τόν
1033 3262 1070 3326 ἐν
1082 3256 1203 3344 Ὀλυμ·
1291 3284 1292 3335 l

199 3358 258 3440 πίη
271 3348 387 3439 ἀγῶνα
402 3356 515 3439 ἔθηκε,
530 3355 652 3422 τούτου
666 3381 700 3422 τε
717 3350 757 3439 δῆ
773 3368 865 3439 παῖς,
883 3357 937 3422 καί
949 3352 1119 3441 Ἀμίαντος
1130 3362 1203 3422 Λυ-
1291 3348 1292 3413 ί

197 3449 348 3533 κου’ργον
367 3447 483 3534 Ἀρκάς
500 3453 536 3519 ἐκ
555 3458 820 3539 Τραπεζοῦντος,
844 3456 897 3519 καί
917 3451 1010 3539 Ἀζῆν
1034 3456 1070 3521 ἐκ
1090 3460 1202 3522 Παίου
