2606 3920
195 255 257 320 218
574 258 824 318 HERODOTI

199 415 272 507 μετ’
289 415 395 488 αύτού
409 414 676 503 ἀπαλλάξεσθαι,
692 415 776 487 ἀλλά
790 422 1045 504 καταμείναντες
1055 419 1205 487 συναπέ-

114 560 118 569 ,
200 527 320 586 θανον.
343 516 538 605 ἐστρατήγεε
552 517 588 585 δέ
605 513 718 583 αύτύν
729 514 927 602 Δημόφιλος
940 516 1149 604 Διαδρόμεω.

130 631 183 686 223
281 621 403 703 Ξέρξης
418 619 455 685 δέ
476 618 545 685 ἐπεὶ
564 612 663 704 ἡλίου
679 611 912 693 ἀνατείλαντος
927 614 1074 695 σπονδάς
1088 616 1206 703 ἐποιη-

200 737 297 803 σατο,
315 711 459 802 έπισχύν
471 714 597 802 χρόνον
611 716 644 793 ές
655 710 780 801 ἀγορῆς
791 739 855 782 κου
864 714 1007 799 μάλιστα
1017 723 1060 785 πλ
1083 715 1207 803 θύρην
1299 738 1301 743 ’

199 814 370 900 πρόσοδον
385 816 547 883 έποιέετο·
568 816 624 881 καὶ
639 810 704 900 γάρ
719 813 894 882 ἐπέσταλτο
906 812 958 896 δὲ’
1007 825 1126 884 ιαλτεω

199 938 255 980 τω.
269 909 333 979 ἀπό
345 910 410 999 γάρ
421 919 484 981 τοῦ
494 908 644 1000 οὔρεοςὴ
656 910 837 1000 κατάβασις
846 915 1079 1001 συντομωτέρη
1089 917 1126 980 τέ
1135 914 1205 980 ἐστι

201 1015 256 1082 καὶ
270 1012 473 1100 βραχύτερος
489 1009 508 1079 ὁ
522 1017 629 1098 χύρος
650 1008 777 1081 πολλόν
794 1010 880 1100 ἥπερ
893 1008 914 1100 ἡ
929 1013 1084 1099 περίοδός
1096 1038 1133 1080 τε
1148 1013 1206 1079 καὶ

202 1108 373 1198 ἀνάβασις.
397 1113 431 1177 οἳ
440 1135 475 1177 τε
488 1107 530 1197 δὴ
545 1110 712 1199 βάρβαροι
727 1114 762 1177 οί
774 1106 860 1196 ἀμφὶ
869 1113 992 1198 Ξέρξεα
1005 1110 1205 1199 προσήισαν,
1254 1127 1257 1133 ’

201 1211 257 1278 καὶ
270 1211 305 1276 οί
316 1205 402 1295 ἀμφὶ
416 1212 590 1295 Λεωνίδην
598 1206 771 1294 Ἕλληνες,
788 1204 832 1287 ἀς
845 1206 906 1295 την
918 1212 971 1279 έπλ
980 1210 1118 1303 θανάτῳ
1130 1212 1205 1289 ἔξο-

202 1312 264 1375 δον
277 1304 489 1391 ποιεύμενοι,
503 1302 568 1392 ἤδη
579 1311 691 1396 πολλῷ
702 1311 831 1391 μᾶλλον
841 1301 864 1393 ἢ
873 1304 947 1375 κατ’
960 1305 1062 1395 ἀρχάς
1073 1307 1205 1395 έπεξήϊ-
1293 1382 1296 1385 ,

202 1426 267 1473 σαν
280 1407 314 1484 ές
325 1401 362 1471 τό
380 1401 563 1491 εὐρύτερον
575 1410 636 1472 τού
651 1400 798 1490 αύχένος.
818 1400 855 1471 τό
867 1408 930 1491 μέν
942 1402 1007 1491 γάρ
1022 1410 1128 1492 ἔρυμα
1142 1410 1205 1471 τοῦ

129 1494 134 1501 ’
200 1509 321 1590 τείχεος
335 1500 541 1588 ἐφυλάσσετο
549 1551 559 1585 ,
575 1505 609 1569 οί
621 1500 657 1568 δέ
671 1497 737 1568 ἀνά
751 1498 811 1580 τάς
823 1503 985 1589 προτέρας
998 1498 1121 1589 ἡμέρας
1136 1497 1205 1567 ὑπ-

200 1602 342 1682 εξιόντες
357 1603 391 1680 ές
403 1598 444 1668 τά
456 1600 656 1688 στεινόπορα
672 1600 843 1686 ἐμάχοντο,
860 1599 935 1668 τότε
949 1598 985 1667 δέ
996 1605 1205 1686 συμμίσγον-

198 1727 252 1782 τες
267 1707 329 1783 ἕξω
341 1707 410 1769 τῶν
420 1707 562 1769 στεινῶν
576 1704 716 1769 ἔπιπτον
726 1698 852 1786 πλήθεϊ
859 1700 976 1767 πολλοὶ
989 1705 1058 1765 τῶν
1071 1697 1205 1784 βαρβά-

199 1827 286 1886 ρων·
307 1799 429 1868 ὄπισθε
439 1796 504 1887 γάρ
519 1803 554 1867 οί
561 1795 722 1886 ἡγεμόνες
733 1804 801 1866 τῶν
810 1800 933 1867 τελέων
943 1802 1071 1884 ἔχοντες
1083 1796 1204 1883 μάστι·
1299 1860 1301 1872 ⁴

199 1926 260 1987 γας
275 1899 452 1989 ἐρράπιζον
467 1896 577 1966 πάντα
597 1895 722 1985 ἀνδρα,
746 1899 809 1966 αἰεὶ
825 1899 858 1975 ές
876 1892 913 1964 τό
926 1895 1045 1983 ιπρόσω
1058 1894 1203 1980 ἐποτρύ-
1294 1970 1300 1984 ¹

199 2025 323 2078 νοντες.
341 2000 458 2067 πολλοὶ
472 1992 586 2083 μὲνδὴ
598 1998 775 2065 ἐσέπιπτον
786 1993 898 2064 αὐτῶν
908 1999 942 2075 ές
951 1993 1013 2083 τὴν
1023 1995 1202 2065 θάλασσαν

198 2103 254 2168 καὶ
274 2104 527 2185 διεφθείροντο,
544 2102 658 2186 πολλῷ
678 2092 709 2162 δ’
732 2100 780 2163 έτι
800 2100 940 2173 πλεῦνες
960 2096 1201 2162 κατεπατέοπο

199 2200 274 2279 ζωοὶ
285 2190 345 2266 ἀπ’
358 2194 528 2283 ἀλλήλων·
549 2187 594 2284 ἦν
604 2194 641 2262 δέ
651 2195 750 2282 λόγος
762 2191 871 2273 ούδελς
883 2201 945 2264 τοῦ
955 2190 1200 2285 ἀπολλυμένου.

199 2295 257 2365 ἀτε
273 2293 338 2383 γάρ
353 2295 566 2382 ἐπιστάμενοι
580 2292 641 2363 τόν
650 2295 814 2380 μέλλοντά
827 2316 889 2382 σφι
901 2300 1037 2363 ἔσεσθαι
1047 2293 1201 2362 θάνατον
1299 2300 1300 2337 λ

199 2402 317 2465 ἐκτῶν
331 2393 532 2480 περιιόντων
545 2390 582 2461 τδ
599 2386 718 2480 ούρος,
736 2391 974 2462 ἀπεδείκνυντο
991 2392 1103 2489 ῥύμης
1118 2389 1201 2460 ὅσον

216 2494 288 2582 ’χον
301 2496 457 2581 μέγιστον
468 2495 501 2573 ές
511 2491 590 2573 τούς
600 2493 804 2583 βαρβάρους,
820 2493 1086 2582 παραχρεόμενοί
1096 2518 1131 2560 τε
1145 2495 1200 2561 καλ
1298 2540 1299 2543 =

128 2614 182 2669 224
196 2590 356 2670 ἀτέοντες.
389 2591 551 2678 Δούρατα
570 2593 632 2679 μέν
648 2619 715 2661 νυν
738 2607 823 2662 τολσι
843 2597 958 2662 πλέοσι
974 2591 1086 2661 αὐτῶν
1105 2619 1198 2679 τηνι-

196 2697 303 2760 καύτα
317 2688 476 2777 ἐτύγχανε
491 2693 673 2778 κατεηγότα
690 2690 771 2779 ἤδη,
788 2697 823 2760 οί
836 2693 872 2760 δέ
885 2706 971 2761 τοῖσι
985 2695 1093 2777 ξίφεσι
1108 2694 1201 2775 διερ-

196 2790 335 2874 γάζοντο
346 2784 425 2866 τούς
435 2792 575 2874 Πέρσας.
591 2793 646 2859 καὶ
656 2795 826 2877 Λεωνίδης
836 2815 871 2858 τε
883 2793 920 2858 έν
931 2788 1038 2879 τούτῳ
1049 2794 1095 2882 τῷ
1106 2787 1200 2879 πόνῳ

197 2891 308 2954 πίπτει
325 2882 410 2972 ἀνὴρ
431 2887 612 2973 γενόμενος
632 2887 782 2976 ἀριστος,
803 2889 858 2956 καλ
878 2890 984 2974 ἕτεροι
1005 2883 1076 2972 μετ’
1094 2882 1200 2952 αύτού

197 2979 397 3068 ούνομαστοδ
407 2986 657 3071 Σπαρτιητέων,
673 2993 740 3055 των
751 2982 816 3072 ἐγω
828 2982 873 3063 ὡς
883 2983 1018 3072 ἀνδρῶν
1029 2981 1132 3065 ἀξίων
1142 3008 1201 3070 γε·

196 3084 349 3167 νομένων
359 3081 538 3168 έπυθόμην
547 3079 588 3149 τά
599 3081 784 3169 ούνόματα·
797 3081 975 3169 ἐπυθόμην
985 3077 1201 3150 δὲκαλόιπάν-
1269 3092 1272 3097 ’
1297 3112 1299 3147 ι

194 3205 263 3247 των
277 3187 345 3245 τῶν
358 3185 567 3265 τριηκοσίων.
598 3185 654 3250 καὶ
670 3178 709 3268 δὴ
731 3185 786 3251 καλ
798 3184 957 3268 Περσέων
971 3187 1128 3248 πίπτουσι
1143 3180 1202 3248 έν-

194 3283 306 3345 θαῦτα
321 3276 416 3345 ἄλλοι
429 3303 464 3345 τε
479 3279 597 3348 πολλοὶ
611 3282 666 3348 καλ
681 3277 894 3367 ούνομαστολ,
909 3282 947 3347 έν
958 3277 995 3346 δὲ
1006 3274 1047 3364 δη
1060 3277 1115 3345 καλ
1125 3284 1201 3343 Δα-

195 3380 288 3459 ρείου
303 3373 365 3442 δύο
380 3378 505 3462 παῖδες,
517 3373 720 3465 Ἀβροκόμης
733 3404 769 3446 τε
785 3379 841 3446 καλ
847 3374 1074 3463 Ὑπεράνθης,
1090 3377 1127 3442 έκ
1142 3380 1201 3461 τῆς

191 3466 354 3550 Ἀρτύνεω
367 3470 538 3560 θυγατρός
554 3476 797 3562 Φραταγούνης
815 3473 991 3561 γεγονότες
1007 3482 1151 3565 Δαρείῳ.
1179 3467 1200 3544 δ
1220 3536 1224 3541 ,
