2606 3930
360 266 445 328 ιιο.
472 264 520 327 ιν.
553 262 651 328 cm.
685 264 857 329 ιευ-ιοε.
1046 255 1107 328 377

104 433 161 505 καὶ
176 428 386 521 κροκόδειλοι
401 422 484 505 ὅσον
503 451 538 496 τε
558 425 730 516 τριπήχεες
747 438 913 516 χερσαῖοι,
934 431 1008 516 τῇσι
1022 422 1107 495 σαύ-

30 582 33 587 -
105 550 183 618 ρῃσι
206 531 459 617 ἐμφερέστατοι,
481 526 537 595 καί
557 527 718 615 στρουθοί
741 523 916 611 κατάγαιοι
941 526 996 594 καλ
1012 521 1107 612 ὄφιες

105 629 255 716 σμικροί,
279 628 378 715 κέρας
393 628 430 694 ἐν
445 626 582 706 ἕκαστος
597 628 735 711 ἔχοντες.
757 622 862 692 ταῦτά
879 649 914 693 τε
928 621 969 711 δὴ
984 620 1107 693 αύτόθι

107 725 175 794 ἐστὶ
195 730 316 812 θηρία,
339 725 394 793 καλ
423 719 527 810 τοίπερ
559 727 597 812 τῇ
617 717 718 811 ἀλλῃ,
739 718 828 809 πλὴν
848 723 977 811 ἐλάφου
996 749 1033 793 τε
1054 724 1108 792 καὶ

91 817 168 901 ’ὑός
182 816 318 910 ἀγρίου·
341 826 464 909 ἔλαφος
478 821 515 890 δέ
530 822 584 889 καλ
600 812 641 901 ὗς
655 818 772 908 ἀγριος
786 824 823 890 ἐν
837 820 948 911 Λιβύῃ
967 819 1108 909 πάμπαν

106 916 171 990 ούκ
186 924 263 988 ἐστι.
292 925 390 1007 μυῶν
404 921 442 988 δέ
455 922 554 1009 γένεα
570 915 664 1006 τριξά
679 915 802 988 αὐτόθι
823 922 907 989 ἐστί·
934 921 970 1003 οί
980 919 1043 1007 μέν
1055 921 1108 987 δό-

106 1023 207 1101 ποδες
221 1023 411 1107 καλέονται,
426 1023 461 1090 οδ
470 1022 506 1089 δὲ
518 1021 657 1105 ζεγέριες
671 1014 724 1108 (τό
737 1019 774 1087 δὲ
786 1016 915 1106 ούνομα
926 1025 1024 1088 τοῦτο
1040 1019 1110 1088 ἐστὶ

106 1125 170 1213 μέν
180 1117 342 1209 Λιβυκόν,
358 1119 499 1189 δύναται
510 1119 547 1187 δδ
557 1113 630 1186 κατ’
644 1114 786 1188 Ἑλλάδα
796 1124 952 1206 γλῶσσαν
961 1122 1106 1207 βουνοί),

107 1226 142 1291 οδ
154 1220 191 1291 δέ
205 1219 334 1307 ἐχινέες.
359 1221 420 1289 είσδ
436 1219 472 1290 δέ
486 1220 542 1287 καί
553 1219 667 1306 γαλέαι
680 1219 718 1286 έν
728 1224 774 1310 τῷ
784 1223 907 1310 σιλφίφ
921 1218 1107 1306 γινόμεναι,

108 1328 180 1412 τῇσι
197 1324 419 1409 Ταρτησσίῃσι
439 1313 638 1407 όμοιόταται.
673 1323 817 1386 τοσαῦτα
837 1321 900 1405 μέν
919 1343 985 1386 νυν
1003 1323 1108 1405 θηρία

108 1418 127 1509 ἡ
142 1427 211 1489 τόν
223 1419 382 1508 υομάδοιν
395 1417 535 1507 Λιβύων
548 1423 591 1505 γη
606 1422 687 1503 ἔχει,
703 1413 785 1483 ὅσον
798 1412 892 1513 ἡμεῖς
904 1416 1108 1504 δστορέοντες

109 1522 162 1592 ἐπὶ
175 1519 385 1612 μακρότατον
403 1516 470 1590 οίοί
481 1545 516 1589 τε
530 1518 718 1606 ἐγενόμεθα
733 1520 909 1600 ἐξικέσθαι.
954 1519 1108 1601 Μαξύων
1127 1533 1174 1590 193

107 1624 145 1690 δέ
158 1618 297 1710 Λιβύων
313 1620 501 1707 Ζαύηκες
521 1623 667 1707 ἔχονται,
690 1631 774 1688 τοῖσι
791 1622 829 1687 αί
839 1631 995 1706 γυναῖκες
1011 1617 1108 1709 ἡνιο-

105 1718 220 1806 χέουσι
227 1715 268 1785 τά
276 1715 406 1809 ἀρματα
416 1720 449 1798 ἐς
460 1716 521 1787 τόν
534 1718 691 1806 πόλεμον.
739 1717 878 1788 Τούτων
892 1725 929 1790 δδ
944 1721 1174 1804 Htw-194

108 1842 171 1896 τες
186 1821 326 1905 ἔχονται,
339 1819 377 1886 ἐν
389 1832 473 1888 τοῖσι
485 1821 558 1906 μέλι
569 1815 696 1888 πολλόν
706 1818 769 1906 μὲν
782 1822 933 1907 μέλισσαι
944 1823 1117 1910 κατεργά-

108 1921 235 2003 ζονται,
252 1914 409 2009 πολλῷδ’
423 1923 470 1987 ἔτι
481 1920 584 1988 πλέον
600 1922 728 2004 λέγεται
745 1914 964 2044 δημιοεργούς
981 1919 1107 2010 ἀνδρας
1231 1938 1247 1989 ἶ

107 2018 241 2087 ποιέειν.
264 2024 458 2106 μιλτοῦνται
479 2015 511 2087 δ’
528 2012 578 2089 οέν
591 2019 714 2100 πάντες
734 2009 828 2087 ούτοι
842 2020 897 2087 καὶ
910 2028 1107 2108 πιθηκοφα·

106 2120 238 2210 χέουσι
266 2123 301 2188 οί
313 2120 354 2188 δέ
369 2138 430 2241 σφι
443 2117 593 2208 ἀφθονοι
613 2110 688 2189 όσοι
705 2118 743 2191 ἐν
755 2128 841 2186 τοῖσι
861 2115 976 2204 οὔρεσι
989 2125 1107 2206 γίνον-

109 2244 169 2286 ται.
220 2213 314 2286 Κατά
341 2217 482 2299 τούτους
509 2216 546 2287 δὲ
568 2221 703 2307 λέγουσι
722 2216 949 2336 Καρχηδόνιοι
971 2222 1108 2287 κέεσθαι
1126 2230 1174 2287 195

109 2322 230 2404 νῆσον,
252 2341 293 2405 τῃ
314 2313 445 2404 ούνομα
463 2313 549 2385 εἶναι
577 2314 749 2437 Κύραυιν,
782 2322 913 2404 μῆκος
909 2316 969 2385 αέν
992 2320 1108 2406 διηκο-

107 2421 191 2484 σίων
201 2419 298 2484 σταδί
283 2423 362 2502 ίων,
376 2414 500 2495 πλάτος
511 2414 547 2505 δέ
558 2412 708 2502 στεινὴν,
724 2412 884 2502 διαβατὸν
898 2416 984 2484 ἐκ
944 2441 1002 2503 της
1014 2410 1108 2503 ηπεί-

108 2541 188 2605 ρου,
204 2516 341 2585 ἐλαιέων
353 2542 387 2585 τε
397 2512 523 2603 μεστὴν
537 2517 591 2584 καὶ
602 2512 767 2602 ἀμπέλων.
790 2519 913 2605 λίμνην
927 2514 964 2585 δὲ
974 2512 1064 2585 ἐν’
1022 2542 1106 2604 αυτῃ

107 2613 210 2702 εἶναι,
232 2615 269 2683 ἐκ
284 2620 341 2702 τῆς
361 2616 399 2682 αί
410 2615 576 2702 παρθένοι
584 2619 660 2703 Χτοῖν
681 2614 867 2703 ἐπιχωρίων
882 2627 1031 2702 πτεροῖσι
1047 2610 1108 2700 ὀρ·

107 2719 218 2782 νίθων
241 2712 461 2800 κεχριμένοισι
481 2717 582 2799 πίσσῃ
603 2712 642 2779 ἐκ
659 2718 716 2800 τῆς
735 2711 829 2792 ίλύος
849 2718 963 2799 ψῆγμα
979 2708 1108 2798 ἀναφέ-

107 2832 206 2902 ρουσι
220 2816 357 2899 χρυσοῦ
380 2816 483 2879 ταῦτα
498 2815 529 2881 εί
538 2812 604 2897 μέν
615 2811 684 2879 έστι
701 2808 869 2898 ἀληθέως,
887 2806 949 2879 ούκ
964 2806 1048 2895 οἶδα,
1065 2805 1106 2876 τά

106 2911 143 2982 δέ
153 2912 283 2999 λέγεται
299 2933 428 2998 γραφω.
453 2918 503 2996 είη
519 2904 590 2977 δ’”
568 2935 612 2979 αν
623 2917 709 2997 πᾶν,
724 2907 810 2979 όιιου
824 2910 878 2978 καί
889 2910 927 2978 ἐν
937 2907 1105 2998 Ζακύνθῳ

105 3014 141 3080 ἐκ
161 3018 280 3098 λίμνης
299 3010 354 3078 καὶ
376 3007 496 3088 ύδοιτος
512 3007 670 3079 πίσσαν’
651 3012 910 3098 αναφερομένην
925 3004 1027 3089 αύτάς
1041 3004 1105 3094 έγω

105 3106 229 3201 ύρεον·
252 3107 314 3175 είσδ
327 3107 392 3193 μέν
405 3108 460 3175 καί
475 3112 616 3187 πλεῦνες
629 3112 666 3176 αί
678 3113 792 3195 λίμναι
809 3105 949 3195 αύτόθι,
971 3134 993 3197 η
978 3102 1041 3175 δ’
1058 3129 1108 3174 ων

103 3212 239 3295 μεγίστη
261 3202 393 3275 αύτέων
414 3205 643 3297 ἐβδομηκοντα
663 3211 778 3277 ποδων
797 3209 924 3298 παντῃ,
946 3207 1055 3297 βάθος
1072 3207 1109 3273 δὲ

104 3305 277 3394 διοργυιός
287 3308 374 3375 ἐστι
390 3308 423 3387 ἐς
433 3308 560 3403 ταυτην
569 3334 692 3379 κοντον
701 3322 840 3379 κατιελσι
851 3305 940 3379 ἐιτ
917 3332 1009 3427 ακρφ
1021 3332 1110 3393 μυρ-

103 3410 203 3492 σίνην
217 3404 485 3495 προσδήσαντες,
508 3411 564 3478 καί
584 3414 713 3478 ἐπειτιν
734 3404 943 3497 ἀναφέρουσι
959 3431 1000 3494 τῃ
1020 3427 1109 3490 μυρ-

103 3505 181 3593 σίνῃ
196 3506 337 3595 πίσσαν,
353 3500 462 3645 όδμὴν
475 3507 539 3597 μεν
552 3512 696 3599 έχουσαν
706 3502 898 3597 ἀσφάλτου,
920 3528 960 3571 τα
948 3498 1008 3570 δ’
1024 3496 1108 3569 ἀλλα
