2536 3934
205 234 247 299 88
504 258 508 265 ·
585 244 837 303 HERODOTI

204 392 354 498 ἀριθμόν
368 396 544 489 ἐξήκοντα,
564 397 719 497 ήντίαζου
734 404 767 481 ές
787 427 824 470 το
813 356 1034 491 Σαρδόνιον
1048 401 1210 488 καλεόμε

155 515 158 522 ·
203 524 267 565 νον
278 501 428 585 πέλαγος.
455 502 762 589 συμμισγόντωνδὲ
772 506 1210 622 τήυαυμρχίηΚαδμηλητις

202 596 281 685 νίκη
297 611 382 667 τοῖσι
395 606 585 671 Φωκαιεῦσι
599 601 739 686 ἐγένετο,
768 604 807 668 ac
814 598 928 687 μὲν
889 625 954 689 γαρ
965 595 1209 686 τεσσεράκοντά

203 715 263 782 σφι
280 699 352 774 νέες
369 693 622 786 διεφθάρησαν,
647 699 731 768 αίδέ
747 707 851 766 εἴκοσι
866 702 903 767 αί
913 703 1108 786 περιεοῦσαι
1121 687 1209 781 ήσαν

202 791 374 882 ἄχρηστοι
398 792 633 885 ἀπεστράφατο
654 795 719 886 γάρ
735 796 814 876 τοάς
830 797 1001 914 ἐμβόλους
1032 791 1211 911 κατρπλοί-

202 911 319 972 σαντες
330 893 367 960 δὲ
378 891 462 975 ές
425 919 488 982 την
495 892 649 985 Ἀλαλίην
663 894 832 983 ἀνέλαβον
842 918 882 963 τοι
870 890 995 960 τέκνα
1006 889 1110 962 καὶ
1073 917 1132 969 τας
1146 915 1212 975 γυ-

201 1008 318 1072 ναῖκας
333 996 388 1065 καὶ
409 991 471 1082 τήν
491 994 597 1083 ἀλλην
617 1003 752 1083 κτῆσιν,
776 991 860 1080 ὅσην
875 987 991 1060 οἷοίτε
1009 993 1159 1077 ἐγίνοντο
1175 991 1213 1055 αί

67 1180 70 1186 ¹
180 1143 182 1147 -
199 1097 272 1173 νέες
288 1113 351 1180 σφι
365 1092 477 1182 ἀγειυ,
495 1100 550 1165 καί
563 1102 691 1165 ἔπειτεν
705 1093 843 1172 ἀνιέντες
853 1089 916 1179 τήν
926 1091 1067 1179 Κύρνον
1077 1093 1212 1172 ἔπλωον

138 1206 190 1267 167
200 1189 233 1272 ές
241 1190 382 1281 Ῥήγιον.
421 1196 497 1261 Τιδν
507 1197 545 1265 δὲ
558 1195 831 1282 διαφθαρεισέων
844 1197 932 1261 νεῶν
945 1188 1025 1270 τούς
1036 1188 1162 1277 ἀνδρας
1173 1189 1224 1254 οί

199 1319 235 1361 τε
249 1290 474 1380 Καρχηδόνιοι
485 1295 541 1361 καί
555 1296 589 1360 oc
604 1295 773 1380 Τυρσηνοὶ
784 1344 896 1360 .......
914 1289 1034 1378 ἔλαχόν
1044 1315 1080 1359 τε
1091 1285 1212 1357 αὐτῶν·

200 1399 313 1483 πολλῷ
341 1395 479 1479 πλέους,
509 1394 566 1461 καὶ
587 1392 729 1471 τούτους
752 1390 968 1478 ἐξαγαγόντες
991 1393 1203 1467 κατέλευσαν.

199 1489 281 1578 μετά
292 1488 334 1558 ’δὲ
350 1488 573 1576 Ἀγυλλαίοισι
590 1492 700 1563 πάντα
714 1490 755 1563 τά
769 1491 934 1580 παριόντα
950 1488 1012 1559 τὸν
1023 1498 1151 1579 χῶρον,
1167 1491 1205 1561 ἐν

198 1596 245 1680 τῷ
267 1592 301 1656 οί
319 1593 486 1670 Φωκαιέες
513 1594 797 1670 καταλευσθέντες
819 1594 949 1679 ἐκέατο,
979 1593 1104 1678 ἐγίνετο
1129 1589 1208 1656 διά-

199 1712 329 1781 στροφα
343 1691 398 1759 καὶ
412 1696 543 1781 ἔμπηρα
556 1695 612 1762 καί
622 1691 837 1780 ἀπόπληκτα,
853 1689 976 1778 ὁμοίως
988 1691 1139 1781 πρόβατα
1149 1691 1208 1758 καὶ

198 1789 362 1882 ὑποζύγια
383 1794 438 1861 καὶ
458 1790 644 1880 ἄνθρωποι,
675 1797 709 1861 οί
730 1794 766 1860 δὲ
784 1788 972 1877 Ἀγυλλαῖοι
992 1791 1026 1871 ἐς
1045 1783 1208 1875 Δελφοὺς

197 1899 361 1986 ἔπεμπον,
384 1891 586 1980 βουλόμενοι
606 1890 791 1963 ἀκέσασθαι
812 1886 876 1981 τήν
901 1886 1083 1979 ἁμαρτάδα.
1116 1885 1137 1974 ή
1167 1886 1207 1957 δὲ
1261 1934 1262 1939 1

195 1998 312 2078 Πυθίη
328 1993 432 2076 σφέας
447 1992 600 2060 ἐκέλευσε
613 1992 741 2059 ποιέειν
754 1987 795 2057 τά
811 1993 867 2057 καὶ
882 1996 948 2058 νῦν
960 1994 996 2059 οί
1012 1987 1205 2077 Ἀγυλλαῖοι

163 2118 166 2123 ·
196 2096 245 2161 ἔτι
267 2084 496 2161 ίπιτελέουσιῗ
519 2095 575 2161 καὶ
594 2089 660 2179 γάρ
685 2094 875 2178 ἐναγίζουσί
892 2111 953 2177 σφι
973 2090 1124 2178 μεγάλως
1146 2091 1205 2157 καὶ

195 2189 311 2278 ἀγῶνα
332 2189 499 2278 γυμνικόν
520 2193 576 2260 καί
596 2189 736 2261 ίππικδν
756 2194 915 2261 έπιστάσι.
950 2192 1005 2261 καὶ
1022 2183 1118 2259 οὗτοι
1138 2187 1206 2275 μέν

194 2296 263 2358 τῶν
274 2291 456 2357 Φωκαιέων
468 2290 610 2381 τοιοάτφ
624 2292 719 2382 μόρῳ
734 2290 969 2379 διεχρήσαντο,
991 2295 1026 2358 οί
1037 2290 1074 2357 δέ
1088 2284 1205 2356 αὐτῶν

196 2390 228 2466 ἐς
242 2385 279 2454 τό
294 2386 426 2475 Ῥήγιον
442 2392 694 2478 καταφυγόντες
711 2394 872 2461 ἐνθεῦτεν
889 2388 1088 2480 ὁρμεόμενοι
1103 2388 1205 2475 ἐκτή-

178 2506 297 2557 σαντο
313 2486 415 2555 πόλιν
432 2493 492 2573 γῆς
505 2495 564 2576 τῆς
580 2496 765 2580 οίνωτρίης
780 2490 923 2578 ταύτην,
944 2487 1016 2577 ήτις
1032 2496 1097 2557 νῦν
1106 2486 1202 2576 Ὑέλη

194 2591 352 2656 καλέεται.
376 2591 510 2665 ἔκτισαν
525 2590 563 2657 δέ
581 2591 709 2676 ταύτην
730 2587 814 2677 πρὸς
829 2585 953 2678 ἀνδρὸς
968 2587 1203 2674 Ποσειδωνιή-

193 2710 257 2753 τεω
268 2682 494 2804 μαθόντες,
470 2712 517 2766 ως
526 2684 588 2756 τόν
601 2688 742 2776 Κάρνον
756 2708 817 2775 σφι
832 2715 852 2775 η
841 2686 980 2781 Πυθίη
996 2694 1112 2777 ἔχρησε
1125 2692 1202 2754 κτί-

192 2804 248 2852 σαι
261 2780 355 2871 η’ρων
372 2783 487 2872 ἐόντα,
509 2783 585 2856 ἀλλ’
603 2784 645 2855 οὐ
659 2785 721 2875 τήν
735 2795 861 2875 νήσου.
884 2794 1039 2875 Φωκαίης
1054 2789 1116 2876 μέν
1130 2812 1201 2857 νυν

134 2896 185 2954 168
191 2883 267 2970 περι
280 2887 338 2968 τῆς
352 2879 409 2949 ἐν’
404 2837 509 2974 Ιωνίη
526 2882 634 2972 οὕτως
648 2892 731 2974 έσχε.
756 2888 979 2976 Παραπλήσια
996 2888 1033 2955 δὲ
1046 2886 1201 2955 τοότοισι

189 2981 245 3049 καὶ
264 2980 359 3069 Τήιοι
375 2984 552 3071 ἐποίησαν·
586 2988 692 3055 ἐπείτε
713 2988 780 3076 γάρ
799 3006 915 3075 σφεων
931 2983 998 3057 εἷλε
1013 2988 1141 3075 χείματι
1157 2986 1199 3057 τὸ

189 3077 491 3171 τεῖχος-Ἅρπαγος,
512 3085 668 3173 ἐσβάντες
688 3087 811 3167 πάντες
831 3090 864 3167 ἐς
885 3085 925 3156 τά
946 3097 1046 3157 πλοία
1063 3097 1199 3175 οίχοντο

186 3180 357 3263 κλάοντες
371 3183 425 3251 ἐπὶ
444 3189 502 3271 της
518 3192 680 3275 Θρηίκης,
702 3189 758 3257 καί
770 3187 920 3256 ἐνθαῦτα
941 3192 1075 3259 ἔκτισαν
1094 3188 1201 3256 πόλιν

182 3280 344 3368 Ἀβδηρα,
371 3277 434 3367 τήν
458 3283 620 3373 πρότερος
641 3287 772 3357 τούτων
788 3290 1013 3375 Κλαζομένιος
1036 3288 1200 3376 Τιμήσιος

191 3385 304 3456 κτίσας
324 3374 388 3446 οὐκ
409 3375 582 3469 ἀπόνητο,
604 3381 679 3454 ἀλλ’
696 3382 763 3455 ὑπο
752 3383 935 3479 Θρηίκων
957 3389 1124 3467 ἐξελαθεὶς
1144 3413 1199 3456 τι-

55 3522 58 3527 <
191 3478 255 3573 μάς
269 3487 334 3549 νῦν
350 3475 417 3550 ὑπὸ
437 3488 548 3591 Τηίων
563 3491 631 3552 τῶν
645 3489 683 3554 ἐν
695 3482 923 3576 Ἀβδήροισι*
902 3512 945 3566 ως
961 3484 1051 3581 η’ρως
1067 3492 1142 3574 ἔχει
