2606 3920
326 258 412 312 ιιι.
447 259 504 313 vn.
541 258 638 314 οων.
674 236 889 323 ιιι-νοω
1030 262 1092 326 ιον

86 421 248 507 δισμύρια
258 416 390 498 πλέθρα
404 421 465 482 τοῦ
480 420 598 483 πεδίου
614 418 689 484 ἐστί.
711 425 773 485 τοῦ
785 421 821 488 δέ
833 420 967 510 οὔρεος,
982 421 1018 491 τό
1032 450 1093 494 πε-

1 599 2 628 *
88 518 229 602 ρικληίει
245 510 308 599 την
321 520 387 600 γῆν
401 510 464 600 την
481 521 679 602 Τρηχινίην,
697 513 765 584 ἑστι
781 517 924 606 διασφὰξ
935 518 1019 606 πρός
1032 549 1092 607 με-

88 617 256 699 σαμβρίην
273 618 450 697 Τρηχῖνος,
472 610 527 679 διὰ
544 616 580 679 δὲ
594 619 652 699 τῆς
668 615 852 701 διασφάγος
868 615 1015 698 Ἀσωπός
1029 645 1093 686 πο-

87 707 189 795 ταμὸς
204 712 271 794 ῥέει
282 705 373 794 παρὰ
383 705 446 796 τὴν
456 706 616 795 δπιόρεαν
629 717 692 777 τοῦ
702 708 828 798 οὔρεος.
842 711 934 782 Ἔστι
946 719 982 782 δὲ
994 713 1094 795 ἄλλος
1108 740 1158 793 20ss

88 810 205 886 Φοῖνιξ
219 803 367 892 ποταμός
377 803 419 873 ού
430 806 532 892 μέγας
542 804 628 894 πρός
637 816 846 896 μεσαμβρίην
857 818 918 879 τοῦ
929 810 1092 899 Ἀσωποῦ,

88 905 127 986 δς
140 908 177 975 ἐκ
194 912 262 973 τῶν
278 901 409 989 οὐρέων
424 903 556 972 τούτων
572 907 660 991 ῥέων
675 908 708 985 ἐς
720 904 782 973 τόν
793 904 944 976 Ἀσωπόν
958 912 1092 977 ἐκδιδοῖ.

88 1002 173 1074 κατὰ
188 1002 225 1072 δέ
238 1000 298 1071 τόν
316 1007 459 1072 Φοίνικα
477 1000 628 1088 ποταμόν
642 1003 855 1099 στεινότατόν
868 1008 951 1073 έστι·
974 1004 1073 1093 ἆμαξι
1062 1033 1093 1073 ι-

88 1103 145 1183 τός
156 1127 221 1190 γαρ
235 1108 294 1188 μία
304 1104 414 1189 μούνη
429 1100 637 1190 δέδμηταιῧ
617 1127 683 1171 απο
672 1102 735 1185 δέ
748 1129 810 1172 τον
795 1111 978 1185 Φοίνικος
988 1128 1093 1174 ποτα-

88 1227 156 1289 μου
141 1204 406 1269 πεντεκαίδεκα
421 1201 540 1270 σταδιό
557 1202 625 1268 έστι
639 1203 673 1279 ές
688 1203 916 1289 Θερμοπύλας.
938 1206 976 1272 έν
990 1207 1027 1272 δὲ
1047 1212 1093 1296 τῷ

88 1295 211 1388 μεταξὺ
219 1302 376 1378 Φοίνικος
385 1322 537 1386 ποταμου
522 1301 913 1387 καλΘερμοπυλέων
865 1329 958 1390 κωμη
969 1331 1004 1372 τε
998 1306 1094 1394 έστι,

88 1407 128 1491 τῇ
140 1423 269 1484 οννομα
280 1395 425 1486 Ἀνδηλη
435 1400 555 1485 κέεται,
562 1394 642 1487 παρ
650 1425 695 1485 ην
703 1396 743 1486 δη
752 1398 999 1488 παραρρέωνδ’
995 1410 1093 1470 Ασω-

1 1559 2 1562 ,
89 1496 152 1577 πός
166 1499 200 1576 ές
212 1497 390 1565 θάλασσαν
410 1499 552 1583 έκδιδοῖ,
573 1499 628 1564 καὶ
641 1504 750 1584 χῶρος
765 1502 840 1585 περὶ
860 1497 966 1586 αὐτην
981 1499 1093 1587 εὐρύς,

1 1601 2 1680 ζ
89 1600 126 1667 έν
146 1602 192 1688 τῷ
213 1595 393 1721 Δήμητρός
413 1621 449 1664 τε
470 1593 546 1682 ίρόν
565 1593 840 1683 Ἀμφικτυονίδος
861 1600 1010 1682 ἵδρυται,
1038 1602 1094 1666 καί

1 1761 2 1770 ,
89 1699 257 1784 ἕδραιείσι
269 1691 741 1862 Ἀμφικτύοσικαίαύτοῦτοῦ
751 1691 1091 1783 Ἀμφικτύονοςίρόν.
1157 1762 1163 1773 ,

173 1792 337 1872 Βασιλεύς
357 1795 397 1880 μὲ
398 1821 419 1860 ν
435 1793 476 1879 δη
491 1797 614 1880 Ξέρξης
633 1794 983 1877 ἐστρατοπεδεύετο
943 1820 1001 1880 της
1016 1802 1096 1881 Μη-
1110 1813 1157 1867 201

88 1895 228 1974 λίδοςέν
241 1918 282 2013 τη
267 1897 516 2013 Τρηχινίη,οί
481 1891 567 1960 οίδὲ
581 1888 638 1978 δη
637 1888 786 2009 Έλληνες
800 1891 1009 1982 έντῇδιόδφ.
1033 1918 1095 1959 κα-

92 1993 196 2064 λέεται
212 1987 277 2058 δὲ’
263 2017 281 2058 ο
296 1997 403 2077 χόρος
418 1982 516 2068 οὗτος
531 1986 598 2056 ὑπο
587 1986 672 2074 μέν
683 1995 751 2056 τῶν
762 1987 934 2056 πλεόνωνε
932 1989 1095 2075 Ελλήνων

90 2087 317 2176 Θερμοπύλαι,
325 2085 392 2154 ὑπὸ
403 2086 439 2154 δὲ
449 2094 518 2154 τῶν
525 2088 709 2173 ἐπιχωρίων
720 2089 774 2154 καὶ
786 2093 966 2170 περιοίκων
972 2090 1092 2157 Πύλαι.

1 2211 2 2214 ’
91 2186 410 2275 ἐστρατοπεδεύοντο
432 2186 496 2272 μέν
515 2210 582 2252 νυν
603 2183 753 2270 ἑκάτεροι
777 2187 814 2249 έν
839 2185 988 2253 τούτοισι
1010 2200 1095 2253 τοῖσι

1 2323 2 2364 3
90 2292 255 2375 χωρίοισι,
277 2283 453 2377 έπεκρότεε
475 2285 511 2352 δέ
532 2280 549 2351 ὁ
571 2284 633 2370 μὲν
653 2288 721 2349 τῶν
741 2280 825 2367 πρὸς
845 2289 952 2370 βορῆυ
970 2283 1096 2370 ἄνεμον

89 2382 235 2468 ἑχόντων
249 2381 388 2451 πάντων
401 2385 496 2469 μέχρι
513 2389 690 2469 Τρηχῖνος,
709 2384 743 2447 οί
762 2383 798 2447 δέ
812 2387 881 2448 τοῖν
896 2380 980 2467 πρὸς
994 2383 1096 2451 νότον

89 2485 145 2549 καί
164 2489 374 2570 μεσαμβρίην
391 2481 568 2568 φερόντων
588 2476 625 2547 τό
648 2480 701 2546 έπί
721 2478 844 2565 ταύτης
863 2486 921 2565 τῆς
943 2477 1093 2568 ἠπείρου.

84 2571 190 2646 Ἦσαν
206 2579 241 2646 δὲ
259 2582 330 2647 οίδε
345 2577 515 2666 Ἑλλήνων
536 2583 570 2646 οί
587 2576 812 2663 ὑπομένοντες
832 2574 892 2645 τὸν
906 2581 1042 2665 Πέρσην
1060 2582 1097 2647 έν
1148 2600 1163 2653 ο

88 2675 196 2767 τούτῳ
211 2683 257 2767 τῷ
270 2677 385 2767 χοίρῳ·
406 2679 646 2763 Σπαρτιητέων
654 2701 690 2743 τε
699 2676 884 2762 τριηκόσιοι
900 2674 1030 2746 ὁπλῖται
1041 2682 1096 2746 καὶ

92 2774 283 2861 Τεγεητέων
297 2775 353 2840 καί
366 2777 570 2842 Μαντινέων
585 2779 701 2859 χίλιοι,
716 2769 849 2860 ἡμίσεες
864 2774 1045 2860 ἑκατέρων,
1063 2779 1095 2856 ἐξ

85 2870 287 2959 Ὀρχομενοῦ
301 2896 337 2938 τε
353 2879 410 2958 τῆς
422 2868 596 2959 Ἀρκαδίης
607 2880 712 2940 είκοσι
724 2874 778 2940 καὶ
791 2869 909 2939 ἑκατόν
923 2875 979 2940 καί
990 2876 1027 2941 έκ
1038 2880 1096 2960 τῆς

88 2977 206 3057 λοιπης
217 2967 389 3058 Ἀρκαδίης
404 2978 519 3057 χίλιοι
539 2978 693 3040 τοσοῦτοι
706 2971 769 3057 μέν
779 2967 997 3057 Ἀρκαδων,’
978 2996 1044 3039 απο
1033 2969 1096 3041 δέ

88 3075 266 3158 Κορίνθου
281 3070 489 3154 τετρακόσιοι
503 3067 593 3139 καῖ’
574 3069 639 3139 απδ
658 3078 844 3150 Φλιοῦντος
847 3074 1023 3169 διηκόσιοι
1041 3075 1096 3137 καὶ

88 3174 301 3255 Μυκηναίων
318 3167 527 3291 ὀμδωιιοντα·
557 3162 650 3245 οὗτοι
665 3167 768 3256 μέν’
748 3167 814 3238 απδ
832 3154 1097 3257 Πελοποννησον

88 3277 261 3355 παρησαν,
286 3265 352 3337 από
374 3272 411 3338 δὲ
427 3277 585 3339 Βοιωτῶν
599 3278 771 3339 Θεσπιέων
786 3296 822 3338 τε
837 3271 1027 3338 ἑπτακόσιοι
1040 3272 1096 3336 καί

89 3375 247 3455 Θηβαίων
257 3371 474 3457 τετρακόσιοι.
498 3367 590 3455 Πρός
600 3371 749 3438 τούτοισι
761 3372 929 3454 ἐπίκλητοι
941 3371 1095 3454 ἐγίνοντο
1111 3379 1163 3445 ῖοῖ

1 3487 2 3550 j
89 3473 219 3550 Λοκροί
228 3492 264 3535 τε
279 3473 317 3617 οΙίΙ
322 3466 512 3538 Ὀπούντιοι
534 3475 738 3555 πανστρατιῇ
755 3471 811 3535 καί
825 3469 971 3563 Φωκέων
986 3472 1093 3551 χίλιοι.

1 3567 2 3574 ’
173 3576 273 3615 annon.
320 3603 326 3616 .
925 3566 958 3617 14
