2562 3926
230 237 291 302 100
599 239 850 300 ΗΕΒΘΒΟΤΙ

109 465 116 471 ,
226 396 303 483 κτός
316 427 381 489 μνς
394 396 597 490 ἀρουραίους
611 396 694 469 κατά
712 399 774 488 μὲν
797 411 920 488 φαγεῖν
942 397 1021 480 τούς
1035 407 1226 493 φαρετρεῶ-
1272 388 1273 477 Ῐ

101 522 105 530 ’
225 531 286 585 νας
306 501 436 590 αὐτῶν,
463 501 547 573 κατὰ
565 502 601 572 δὲ
614 499 656 571 τά
671 500 767 591 τόξα,
790 499 874 589 πρός
889 502 925 570 δὲ
939 508 1008 570 τῶν
1021 498 1172 570 ἀσπίδων
1184 497 1224 568 τά

225 602 345 691 ὄχανα,
368 600 452 671 ἀστε
470 608 511 691 τῇ
537 599 695 723 ὑστεραίῃ
717 601 916 689 φευγόντων
944 605 1058 689 σφέων
1085 606 1226 689 γυμνῶν

145 728 148 731 ·
226 699 341 769 ὅπλων
369 701 500 769 πεσέειν
527 699 684 779 πολλούς.
730 702 785 768 καὶ
808 707 874 767 νῦν
899 692 998 780 ούτος
1023 696 1042 769 ὁ
1067 695 1226 789 βασιλεύς

224 803 341 888 ἕστηκε
360 801 397 868 ἐν
412 807 458 891 τύ
476 803 539 891 ἱρῷ
552 805 613 867 τού
627 796 812 886 Ἡφαίστου
826 804 976 884 λίθινος,
1000 803 1085 885 ἒχων
1101 798 1153 865 ἐπὶ
1166 801 1273 882 τῆς

222 895 332 985 χειρός
356 902 442 984 μύν,
472 896 581 983 λέγων
607 892 662 966 διά
687 894 891 983 γραμμάτων
910 893 1006 963 τάδε
1036 892 1103 963 ἘΣ
1122 890 1273 999 'EMQ

227 1002 307 1064 ΤΙΣ
323 993 489 1064 ὈΡΕΩΝ
508 1002 774 1064 ΕῬΣΕΒΗΣ
746 990 884 1063 'mm
1272 1058 1273 1065 ,

158 1111 206 1166 142
304 1090 371 1163 ἘΣ
388 1101 497 1163 ΜΕΝ
513 1093 653 1163 τοσόνδε
671 1096 733 1160 τοῦ
753 1091 860 1177 λόγον
873 1089 1055 1179 Αἰγύπτιοί
1072 1116 1107 1160 τε
1121 1092 1226 1158 καὶ
1191 1115 1223 1159 οι
1272 1124 1273 1223 3

222 1198 308 1283 ιρέες
323 1200 455 1282 έλεγον,
481 1188 774 1270 ἀποδεικνύντες’
754 1188 821 1259 απὸ
843 1198 903 1259 τοῦ
920 1190 1056 1276 πρύτον
1069 1191 1273 1283 βασιλέος

222 1295 256 1373 ές
269 1300 330 1362 τοῦ
349 1292 534 1380 Ηφαίστον
547 1287 609 1359 τόν
621 1291 694 1376 ἱρέα
707 1295 829 1358 τοῦτον
843 1285 904 1358 τόν
919 1298 1109 1359 τελευταῖον
1122 1293 1222 1374 βασι·
1272 1292 1273 1393 3

221 1392 386 1461 λούσαντα
401 1397 480 1478 μίαν
494 1417 530 1459 τε
545 1392 601 1459 καὶ
614 1388 859 1476 τεσσεράκοντα
880 1392 936 1458 καὶ
954 1383 1177 1512 τριῃκοσίας’
1157 1413 1222 1455 αν·
1272 1400 1273 1453 λ

220 1493 371 1581 δρύπων
384 1487 502 1579 γενεάς
517 1491 708 1611 γενομένας,
727 1491 781 1558 καὶ
795 1493 833 1559 έν
846 1488 985 1579 ταύτῃσι
998 1485 1151 1653 ἀρχιρέας
1166 1487 1222 1556 καὶ
1272 1476 1273 1525 ¹

220 1592 403 1679 βασιλέας
386 1592 562 1676 εκατέρννς
570 1586 753 1668 τοσούτους
764 1589 976 1677 γενομένους.
1006 1612 1048 1654 κα
1049 1592 1111 1653 ίτοι
1125 1610 1219 1672 τριῃ

220 1688 331 1758 κόσιαι
345 1687 408 1775 μὲν
424 1685 559 1775 ἀνδρῶν
571 1690 683 1774 γενεαὶ
698 1690 855 1757 δυνέαται
869 1686 973 1774 μύρια
995 1690 1085 1753 ἔτεα·
1107 1686 1220 1770 γενεαί

218 1786 284 1876 γάρ
298 1803 385 1874 τρεῖς
400 1785 534 1874 ἀνδρῶν
548 1782 667 1855 ἐντατὸν
683 1786 757 1855 ἔτεά
772 1788 849 1856 ἐστι.
887 1790 964 1873 μιῆς
985 1783 1021 1851 δὲ
1036 1782 1091 1850 καὶ
1104 1799 1219 1849 τεσσε-
1272 1846 1273 1875 3

219 1888 365 1977 ράκοντα
385 1894 433 1958 ἔτι
453 1894 522 1957 τῶν
547 1890 729 1957 ἐπιλοίπων
755 1891 897 1974 γενεῶν,
934 1893 971 1956 αδ
993 1887 1119 1972 ἐπῆσαν
1143 1890 1218 1973 τῇσι
1259 1884 1273 1933 3

217 1995 434 2079 τριηκοσίῃσι,
461 1989 528 2058 ἐστὶ
544 1988 787 2074 τεσσεράκοντα
802 1992 857 2057 καὶ
872 1985 1116 2076 τριηκόσιακαδ
1129 1989 1218 2071 χίλια

217 2098 299 2162 έτεα.
340 2088 428 2159 οὕτω
450 2093 487 2160 έν
509 2096 661 2177 μυρίοισί
676 2115 712 2158 τε
733 2095 819 2159 ἔτεσι
839 2091 895 2159 καὶ
908 2095 1039 2175 χιλίοισι
1056 2086 1111 2155 καὶ
1133 2082 1219 2171 πρὸς

216 2194 438 2277 τριηκοσίοισί
454 2213 490 2256 τε
510 2190 565 2258 καί
579 2187 820 2275 τεσσεράκοντα
835 2193 951 2274 ἔλεγον
971 2182 1057 2255 θεόν
1076 2180 1220 2271 ἀνθρω-

216 2287 350 2357 ποειδέα
373 2284 495 2354 οὐδένα
528 2284 701 2368 γενέσθαι·
746 2281 787 2355 ού
822 2285 884 2372 μέν
925 2279 1007 2352 ούδέ
1037 2280 1218 2372 πρότερον,

216 2380 295 2451 ούδδ
311 2382 454 2467 ὕστερον
471 2387 508 2454 έν
523 2400 610 2454 τοῖσι
624 2382 836 2459 ὑπολοίποισι
850 2382 1025 2469 Αἰγύπτου
1041 2386 1218 2468 βασιλεῦσι

132 2546 135 2549 ,
216 2482 425 2569 γενομένοισι
439 2489 555 2571 ἔλεγον
569 2489 700 2571 τοιοῦτο
715 2480 824 2552 οὐδέν.
867 2483 905 2551 έν
918 2486 1035 2550 τοίνυν
1045 2478 1153 2563 τούτῳ
1167 2505 1217 2571 τω

213 2578 323 2673 χρόνω
342 2579 493 2668 τετράκις
511 2588 628 2668 ἔλεγον
647 2582 681 2661 έξ
700 2577 814 2668 ἠθέων
833 2577 894 2649 τόν
913 2577 1011 2668 ἥλιον
1026 2545 1214 2647 ἀνατεῖλαι·

212 2688 298 2752 ἔνθα
310 2708 347 2752 τε
359 2689 425 2752 νῦν
439 2685 647 2771 καταδύεται,
669 2685 829 2753 ἐνθεῦτεν
844 2686 893 2763 δὶς
907 2684 1134 2766 έπανατεϊλαι,
1156 2683 1216 2749 καὶ

211 2787 314 2851 ἔνθεν
333 2790 399 2852 νῦν
412 2780 601 2871 ἀνατέλλει,
624 2784 773 2853 ἐνθαῦτα
787 2784 837 2862 δὶς
850 2785 1051 2850 καταδῦναι·
1074 2778 1129 2847 καὶ
1149 2776 1215 2846 ού·

212 2879 271 2946 δὲν
284 2887 353 2948 τῶν
369 2908 430 2950 κατ
434 2878 667 3003 Ἀλχνπτον“
650 2869 717 2950 υπό
731 2886 835 2948 ταῦτα
853 2882 1109 2968 ἑτεροιωθῆναι,
1131 2873 1215 2944 οὔτε
1272 2882 1273 3053 3

210 2975 250 3046 τά
272 2980 308 3046 έα
327 2986 386 3065 τῆς
405 2988 466 3068 γῆς
486 2979 565 3051 ούτε
583 2979 624 3051 τά
645 2984 681 3051 ἑκ
700 2987 761 3050 τοῦ
784 2987 936 3068 ποταμοῦ
956 3001 1017 3066 σφι
1035 2964 1273 3099 γινόμενοι,λ
1272 3056 1273 3059 ,

210 3072 288 3144 ούτε
300 3104 341 3145 τα
328 3073 443 3166 ἀμφὶ
457 3079 604 3160 νούσους
617 3078 694 3150 ούτε
708 3076 749 3149 τά
763 3077 847 3149 κατά
860 3076 939 3159 τούς
952 3076 1132 3155 δανάτονς.
1272 3062 1273 3093 ¹

144 3195 193 3251 143
290 3174 463 3263 Πρότερον
478 3176 538 3246 δέ’
533 3185 687 3271 Εκαταίω
701 3205 746 3270 τω
732 3184 929 3271 λογοποιω
949 3180 987 3247 έν
1002 3176 1130 3266 Θήβῃσι
1149 3202 1214 3262 γε·

208 3273 450 3361 νεῃλογῃσαντί
460 3298 496 3341 τε
511 3272 637 3344 ἑωυτόν
652 3279 706 3344 καὶ
721 3247 976 3364 ἀναδήσαντι
940 3302 1002 3397 τῃν
1016 3299 1159 3400 πατριῃν
1174 3276 1212 3355 ές
1272 3310 1273 3349 3

207 3374 440 3442 ἑκκαιδέκατον
459 3370 545 3440 θεὸν
567 3375 727 3461 έποίῃσαν
749 3379 816 3445 ολί
800 3377 886 3465 ίρίες
905 3401 967 3446 τον
952 3370 1064 3454 Διός
1086 3367 1161 3442 οἷόν
1174 3401 1209 3444 τι
1272 3356 1273 3433 3

206 3469 261 3548 καί
276 3470 348 3558 ἐμοὶ
368 3464 410 3537 ού
429 3470 708 3577 γενεηλογήσαντι
722 3473 907 3561 ἐμεωυτόν·
937 3471 1155 3562 ἐσαγαγόντες
1173 3475 1212 3555 ές
