2562 3926
340 234 424 295 ΗΒ.
451 232 494 292 m.
526 232 622 293 cAv.
656 236 796 294 40-45.
947 274 949 278 ,
1012 224 1074 295 2³5

85 397 226 478 ρίσκοοσι
243 397 279 465 ἐν
292 401 333 487 τῇ
347 395 446 483 νηδύι
462 390 568 463 αύτού
583 396 746 464 ἐνεοῦσαν
766 392 828 483 τήν
839 394 1074 484 Πολυκράτεος

85 497 249 582 σφρηγῖδα.
279 492 326 574 άς
344 494 381 564 δὲ
399 492 490 564 εέδάυ
510 518 545 562 τε
561 495 617 563 καὶ
633 499 756 583 ἔλαβον
775 494 927 582 τάχιστα,
949 501 1073 582 ἔφερον

85 593 288 681 κεχαρηκότες
308 591 398 678 παρά
414 590 474 663 τὸν
487 594 723 684 Πολυκράτεα,
745 595 896 675 διδόντες
916 598 956 664 δέ
967 599 1001 663 οί
1012 593 1073 683 τήν

84 696 241 779 σφρηγῖδα
251 699 368 780 ίλεγον
400 690 835 785 ὅτεωτρύπωεύρέθη.τόυ
849 691 1089 782 δδάςέσήλθε·

84 798 171 859 θεῖον
190 789 274 861 εἶναι
293 790 331 861 τὰ
353 799 506 881 πρῆγμα,
526 798 651 881 γράφει
674 796 708 875 ές
727 801 860 884 βιβλίον
884 794 1010 884 πάντα,
1034 784 1074 862 τά

85 889 258 979 ποιήσαντά
271 918 331 979 ριν
347 887 401 961 οἷα
422 893 703 982 καταλελαβήκεε,
724 894 856 983 γράψας
869 898 905 965 δέ
919 899 953 976 ἐς
965 903 1075 981 Αίγυ·

84 1013 158 1060 πτον
174 992 326 1081 ἐπέθηκε.
366 989 618 1080 Ἐπιλεξάμευος
638 993 674 1061 δέ
695 989 869 1080 δ’Ἇμασις
887 990 925 1064 τὰ
942 997 1075 1082 βιβλίον
1088 1010 1122 1068 43

84 1086 115 1156 τὸ
134 1088 220 1182 παρὰ
240 1098 302 1162 τοῦ
316 1092 551 1181 Πολυκράτεος
565 1083 667 1181 ήκον,
690 1097 796 1179 ἔμαθε
837 1089 887 1163 ὅτι
902 1095 1073 1180 ἐκκομίσαι

84 1213 114 1258 τε
125 1187 293 1262 άδύνατον
313 1201 364 1282 εἴη
378 1189 550 1285 άνθριάπμ
571 1191 758 1279 άνθρωαον
772 1194 808 1262 ἐκ
821 1200 882 1262 τοῦ
895 1196 1073 1281 μέλλοντος

84 1294 226 1374 γίνεσθαι
242 1292 452 1383 πρήγματος,
473 1294 528 1362 καλ
543 1290 593 1362 ὅτι
609 1289 671 1360 ούκ
686 1286 727 1361 εύ
737 1291 945 1382 τελευτήσειν
958 1294 1073 1380 μέλλοι

84 1391 291 1481 Πολυκράτης
312 1388 477 1481 εὐτυχέων
498 1387 539 1460 τά
558 1392 685 1480 πάντα,
708 1389 744 1473 ὃς
764 1394 819 1461 καλ
837 1391 879 1462 τά
892 1389 1074 1481 ἀποβάλλει

85 1483 228 1576 εὑρίσκει.
261 1493 393 1578 πέμψας
414 1495 455 1561 δέ
471 1495 507 1561 οί
526 1491 656 1580 κήρυκα
682 1494 716 1571 ἐς
734 1492 856 1579 Σάμον
875 1492 1074 1563 διαλύεσθαι

84 1589 139 1676 ἔφη
150 1587 211 1678 τήν
227 1594 362 1679 ξεινίην.
389 1597 489 1662 τοῦδε
504 1592 540 1662 δέ
555 1596 685 1663 εἵνεκεν
697 1600 800 1663 ταῦτα
815 1596 939 1684 ἐποίεε,
956 1595 1013 1663 ἵνα
1026 1590 1071 1681 μή

85 1696 249 1779 συντυχίης
270 1693 383 1779 δεινῆς
402 1717 438 1760 τε
457 1695 513 1762 καὶ
531 1692 677 1781 μεγάλης
690 1693 909 1783 Πολυκράτεα
929 1699 1073 1762 καταλα·

83 1784 195 1876 λούσης
214 1785 318 1870 αύτός
339 1787 493 1879 άλγήσειε
514 1789 576 1880 τήν
596 1789 708 1879 ψυχήν
730 1788 774 1871 ὡς
788 1794 863 1880 περί
884 1796 995 1875 ξείνου
1010 1786 1072 1857 άν-

84 1885 160 1972 δράς.
199 1885 271 1959 ’Καὶ
292 1895 413 1959 τούτου
428 1887 468 1979 δή
491 1883 540 1960 άν
556 1889 617 1961 τδυ
633 1890 853 1979 Πολυκράτεα
876 1888 1072 1977 εὐτυχέοντα
1088 1912 1119 1966 ις

83 1984 116 2055 τά
130 1988 237 2060 πάντα
253 1991 492 2081 ἐστρατεύοντο
508 1992 768 2079 Λακεδαιμόνιοι
785 1990 1074 2076 ἐπικαλεσαμένων

83 2095 140 2159 κάν
160 2089 242 2180 μετά
272 2100 375 2161 ταῦτα
395 2096 576 2180 Κυδωνίην
600 2089 664 2180 τήν
688 2094 725 2161 ἐν
750 2089 865 2180 Κρήτη
890 2088 1075 2158 κτισάντων

83 2197 219 2279 Σαμίων.
264 2194 486 2283 Πολυκράτης
506 2197 543 2265 δέ
562 2196 693 2281 πέμψας
709 2189 799 2281 παρά
815 2188 1005 2279 Καμβύσην
1013 2186 1074 2259 τὸν

82 2288 189 2379 Κύρου
203 2295 410 2381 συλλέγοντα
423 2290 567 2383 στρατὸν
580 2290 634 2363 ἐπ’
646 2300 821 2380 Αἴγυπτον
832 2286 972 2378 ἐδεήθη,
987 2285 1074 2367 ὅκως

81 2386 118 2460 άν
136 2397 190 2465 καί
211 2391 296 2481 παρ’
320 2390 447 2465 έωυτδν
463 2399 593 2485 πέμψας
612 2396 646 2475 ἐς
658 2393 779 2481 Σάμον
795 2392 902 2460 δέοιτο
917 2394 1070 2477 στρατοῦ.

82 2492 255 2584 Καμβύσης
287 2493 324 2563 δὲ
349 2491 496 2575 άκοάσας
524 2493 654 2565 τούτων
680 2490 866 2584 προθύμως
891 2495 1014 2577 ἔπεμπε
1039 2489 1098 2567 ές.

79 2588 205 2680 Σάμου,
228 2589 390 2681 δεόμενος
407 2591 641 2680 Πολυκράτεος
659 2589 802 2679 στρατὸν
822 2585 984 2659 ναυτικὸν
1003 2583 1071 2674 ἅμα

78 2692 194 2778 πέμψαι
215 2694 334 2785 ἑωυτῷ
355 2690 409 2761 ἐπ’
424 2702 607 2781 Αἴγυπτον.
631 2689 649 2760 ὁ
665 2695 701 2762 δέ
716 2693 863 2774 ἐπιλέξας
877 2697 945 2759 τῶν
961 2686 1071 2758 άστῶν

79 2786 148 2871 τούς
163 2790 342 2862 ύιιάπτευε
359 2791 501 2880 μάλιστα
521 2794 555 2873 ές
571 2792 796 2862 ἐπανάστασιν
811 2788 981 2879 άπέπεμπε
997 2809 1072 2858 τεσ-

76 2888 257 2977 σεράκοντα
271 2889 440 2981 τριήρεσι,
456 2891 684 2980 ἐντειλάμενος
695 2891 861 2983 Καμβύση
874 2888 978 2962 ὀπίσω
992 2888 1073 2960 τού·

78 3010 147 3067 τους
159 2986 205 3079 μή
223 2986 444 3077 ἀποπέμπειν.
490 2996 535 3062 Οί
545 2991 608 3080 μέν
622 2989 662 3080 δή
680 2993 815 3081 λέγουσι
829 2989 908 3074 τούς
922 2990 1072 3079 άποπεμ-
1086 3018 1119 3071 κς

77 3089 218 3171 φθέντας
240 3096 385 3177 Σαμίων
404 3087 470 3159 ὑπὸ
491 3091 726 3179 Πολυκράτεος
750 3088 814 3160 ούκ
835 3086 1015 3161 άπικέσθαι
1040 3090 1073 3168 ἐς

79 3192 263 3277 Αἴγυπτον,
287 3183 363 3257 ἀλλ’
383 3188 494 3257 ἐπείτε
520 3189 675 3276 ἐγένοντο
694 3192 732 3259 ἐν
748 3191 923 3282 Καρπάθῳ
939 3186 1073 3257 πλάου-

78 3307 138 3370 τες,
159 3287 285 3355 δοῦναι
300 3292 395 3372 σφίσι
412 3284 531 3374 λόγου,
552 3294 611 3358 καί
627 3308 688 3375 σφι
704 3285 799 3359 ἁδεῖν
821 3286 858 3358 τδ
874 3283 1073 3371 προσωτέρω

77 3387 183 3470 μηκέτι
199 3384 349 3455 κλάειν·
375 3388 410 3456 οί
421 3385 458 3456 δέ
472 3388 607 3475 λέγουσι
627 3385 851 3476 ἀπικομένους
866 3410 902 3453 τε
918 3385 951 3460 ἐς
964 3388 1073 3466 Αἶγα

78 3506 153 3557 τιον
176 3486 232 3559 καί
254 3486 533 3581 φυλασσομένους
554 3488 715 3561 ἐνθεῦτεν
736 3480 859 3568 αὐτούς
875 3476 1069 3568 ἀποδρῆναι.
