2606 3930
190 267 217 305 tv
603 253 834 306 PRAEFATIO.

193 378 434 457 apud'antiquiores
448 391 559 442 Graecos
578 394 603 440 in
619 407 667 441 usu
686 406 736 440 non
753 390 832 439 luisse
851 389 947 439 dudum
961 390 1169 439 demonstraverit
1180 391 1241 442 lrob.
1291 372 1292 435 1

192 462 226 511 ad
243 460 337 527 Phryn.
355 476 383 526 p.
397 461 447 512 287
467 458 527 527 (cir.
548 462 629 512 eiusd.
649 461 753 526 Parerg.
772 474 799 524 p.
815 458 875 520 736,
892 459 985 509 Buttm.
1004 457 1048 509 Gr.
1066 458 1108 509 Gr.
1125 460 1136 508 I
1146 474 1171 524 p.
1183 461 1241 525 521,

191 530 266 584 Bred.
282 544 310 595 p.
329 528 404 594 351).
440 531 493 579 Iam
506 546 564 579 cum
582 526 633 578 καί
647 538 705 579 aute
723 520 754 578 τὸ
772 528 864 593 τεῖχος
882 542 970 578 omues
984 528 1042 578 libri
1060 536 1185 590 tueantur,
1198 546 1242 581 neo

191 608 275 649 tamen
294 613 357 648 casu
377 606 459 648 ortum
478 599 607 659 videatur,
630 614 689 648 cum
709 597 851 648 Herodotus
875 598 978 662 saepius
1003 594 1077 647 σιτία
1095 590 1242 648 σάττοοθαι

192 669 286 718 dixerit
306 666 372 733 (vid.
395 664 538 734 Schweigh.
556 668 618 718 Lex.
634 681 658 721 s.
679 665 735 731 n),
755 683 812 717 cum
830 668 940 730 denique
958 662 1240 734 σίτα,κα1ποτοὶρ1ο-
1291 710 1292 715 ,

190 753 298 800 rumque
315 738 508 802 coniungantur,
525 751 576 787 nou
594 736 773 802 disiungantur
790 736 852 801 (cir.
870 752 892 785 c.
912 733 970 800 65),
986 737 1104 799 equidem
1116 730 1185 786 κατὰ
1196 729 1242 785 τοί·

191 820 241 871 χοι
257 807 442 857 emendandam
458 820 558 864 censeo,
577 820 653 868 quem
668 806 837 855 coniecturam
849 804 979 868 quondam
996 807 1113 870 probavit
1123 805 1241 856 Herman-
1291 818 1292 869 ᾗ

191 891 248 926 uus.
266 903 301 913 —
319 891 342 925 ο.
362 873 405 926 39.
423 875 501 925 Recte
518 873 684 926 Schaelerum
704 864 734 922 ἐκ
752 870 807 934 σέο,
827 874 894 936 quod
911 875 938 922 iu
955 874 1027 923 libris
1042 882 1140 934 exstet,
1160 890 1241 925 emen·

192 945 293 995 davisse
303 937 371 1005 ἔξεο,
381 944 492 994 ostendit
508 943 610 1005 Aldina,
626 944 652 991 in
670 959 720 1005 qua
736 951 795 1007 post
811 932 841 990 ἐκ
853 937 898 992 σέο
916 943 1043 992 adiectum
1060 952 1098 994 est
1115 944 1242 1009 glossema
1291 982 1292 985 ¹

191 1005 270 1071 ἄπες.
307 1015 347 1064 An
364 1020 433 1063 recte
453 1014 608 1063 contenderit
625 1012 689 1062 liltz.
707 1027 735 1078 p.
751 1009 802 1063 330
820 1003 878 1072 ἕξες
897 1012 1057 1062 scribendum
1074 1012 1164 1073 luisse,
1183 1015 1243 1065 acti-
1291 1034 1292 1063 r

192 1098 252 1133 vum
269 1084 335 1133 enim
354 1083 472 1132 usitatius
494 1096 566 1141 esse,
593 1082 687 1135 nescio.
706 1107 741 1118 -
756 1096 779 1134 ο.
798 1081 841 1134 40.
864 1077 918 1140 τοί,
941 1082 1009 1144 quod
1027 1088 1084 1146 post
1103 1079 1200 1131 τοίννν
1217 1084 1242 1133 in

191 1153 249 1202 aliis
268 1153 391 1217 scriptum
410 1159 461 1210 est,
479 1159 547 1202 recte
566 1166 618 1201 om.
637 1149 663 1200 S.
698 1150 842 1200 Articulum
861 1159 919 1200 ante
936 1148 1113 1214 Σπαρτιῆται
1130 1165 1180 1202 non
1199 1151 1243 1201 ha-

191 1223 251 1273 bent
267 1219 371 1271 SVPFa.
409 1221 506 1270 Abesse
524 1235 602 1286 posse
624 1234 698 1269 nemo
717 1221 832 1284 negabit,
856 1220 971 1282 quamvis
991 1223 1084 1270 rectius
1101 1222 1240 1276 adiicietur.

192 1307 257 1343 -ο,
276 1292 320 1341 42.
338 1287 394 1351 καί,
415 1289 484 1352 quod
503 1290 568 1339 iuter
584 1282 710 1338 Μακέων
726 1301 756 1337 τε
777 1295 801 1338 et
818 1280 930 1355 Λιβύων
948 1288 1069 1340 exhibent
1087 1291 1157 1351 libri,
1176 1298 1243 1340 recte

191 1359 330 1411 Niebuhrio
348 1366 450 1408 auctore
466 1357 559 1408 delerit
576 1359 656 1409 Beltlr.
675 1386 710 1395 —-
725 1374 748 1412 c.
767 1359 803 1408 44
821 1365 886 1409 extr.
911 1356 1043 1423 Scriptura
1060 1361 1153 1410 vitiosa
1169 1360 1242 1410 libro·
1291 1366 1292 1395 ἓ

191 1445 248 1480 rum
266 1426 353 1476 ταῦτα
368 1420 399 1477 dl
416 1417 468 1476 οὐκ
486 1413 563 1476 οὗτοι
581 1424 689 1492 λέγουσι
715 1428 747 1477 ab
775 1428 832 1477 eliis
860 1428 910 1477 alio
939 1429 1014 1478 modo
1038 1429 1171 1479 emendata
1197 1439 1243 1478 est.
1291 1426 1292 1491 3

191 1500 276 1550 Pauw.
292 1489 339 1557 ὥς,
359 1497 445 1547 Reislt.
465 1495 608 1564 Schweigh.
626 1507 651 1547 et
668 1496 769 1550 Schael.
789 1482 839 1563 ὦν,
859 1496 937 1548 Belsk.
954 1483 1000 1559 αὖ,
1017 1498 1080 1549 Eltz.
1097 1513 1123 1563 p.
1135 1498 1184 1550 331
1194 1489 1243 1547 οὐκ
1291 1496 1292 1555 ξ

191 1568 344 1619 eliciendum
363 1574 457 1616 censet.
469 1592 503 1604 -—
521 1583 542 1620 ο.
552 1569 597 1618 45.
618 1565 732 1631 Κρᾶθιν
747 1574 772 1616 et
789 1563 906 1633 Κραθίῃ
925 1567 1047 1617 debentur
1063 1567 1243 1633 Wesselingio.
1291 1568 1292 1623 j

192 1664 227 1675 —
239 1652 261 1691 ο.
273 1636 316 1688 48.
336 1635 475 1687 Permirum
494 1651 556 1686 sene
573 1644 621 1698 est,
639 1637 708 1700 quod
723 1643 839 1686 constant
856 1636 955 1701 libriin
972 1637 1098 1703 singulari
1114 1627 1243 1701 ἠνέσχετο
1291 1640 1292 1691 3

192 1705 217 1756 lr.
243 1704 272 1763 1.,
301 1703 443 1766 vl1,159;
464 1705 591 1766 911126,
615 1714 642 1755 ut
659 1707 686 1755 in
707 1703 801 1770 plurali
823 1696 973 1769 οἷνίοχοντο
991 1707 1024 1769 V,
1043 1705 1090 1764 893
1112 1707 1157 1765 Vl,
1178 1707 1242 1764 112ς

191 1775 245 1836 Vll,
262 1774 321 1826 139.
358 1775 412 1855 Quo
432 1776 515 1825 minus
532 1774 682 1826 alterutrum
699 1776 857 1856 mutandum.
896 1776 962 1829 vid.
982 1776 1068 1856 Βοιαὶ,
1081 1789 1108 1838 p.
1134 1775 1186 1826 318
1203 1790 1242 1838 sq.

192 1871 226 1882 —
242 1860 266 1894 c.
284 1844 327 1898 50.
347 1839 446 1894 wasta
460 1853 529 1896 reete
544 1846 623 1904 Facd,
639 1853 700 1898 vett.
719 1845 794 1906 edd,
813 1839 941 1895 ονοπετέο
959 1842 985 1904 S,
1002 1855 1115 1892 οοπιτοα
1134 1846 1160 1905 b,
1177 1846 1245 1895 uude
1291 1860 1292 1907 ς

192 1914 293 1963 luerunt
311 1904 482 1976 quievisset«
495 1914 705 1965 inconsideratius
723 1914 871 1964 scriberent.
889 1929 954 1963 -c.
972 1913 1014 1965 52.
1029 1912 1067 1962 De
1084 1912 1174 1963 lacuna
1189 1916 1243 1967 vid.

192 1982 264 2034 Fred.
279 1998 306 2050 p.
327 1983 370 2034 14.
394 2009 428 2022 -
445 2000 467 2033 c.
487 1984 528 2038 55.
550 1983 737 2049 wyttenbachii
755 1983 866 2047 suspicio
884 1974 1089 2046 ίμφορεστοὲτην
1102 1990 1175 2060 'certe
1192 1998 1245 2032 me·

192 2052 239 2102 lior
256 2060 303 2112 est,
319 2068 396 2116 quam
414 2053 486 2103 Eltzii
503 2068 529 2118 p.
548 2052 612 2105 331:
630 2044 660 2101 ἔν
678 2049 716 2121 τῷ
734 2041 838 2101 ἑαυτοῦ
854 2045 946 2101 πάθεϊ
961 2039 1171 2116 ίναργεοτοιτην.
1195 2051 1245 2102 Da·
1291 2064 1292 2075 ¹

192 2124 258 2172 tirus
278 2122 458 2189 explicandus:
477 2123 549 2172 Vidit
564 2130 668 2189 propter
685 2136 758 2172 suem
774 2121 943 2171 calamitatem
962 2120 1080 2186 (missam
1099 2121 1123 2170 ei
1141 2122 1173 2171 ab
1191 2121 1246 2171 Diis
1291 2136 1292 2163 ³

190 2199 293 2257 propter
308 2191 357 2254 -)
375 2193 511 2242 instantem
530 2190 655 2242 somnium
671 2190 850 2240 clarissimum.
867 2190 971 2241 Diversa
989 2198 1056 2255 suut,
1075 2204 1140 2253 quae
1150 2190 1244 2242 Bernh.

192 2260 263 2326 Sym.
283 2259 325 2310 Gr.
343 2276 370 2326 p.
389 2261 439 2313 192
457 2262 621 2325 comparavit.
640 2288 674 2299 -
700 2276 722 2310 ο.
740 2259 784 2312 59.
802 2257 915 2324 τρίποσι
932 2256 1009 2322 τρισί
1025 2260 1168 2319 Hebraeus,
1188 2259 1245 2310 libri
1291 2272 1292 2315 t

190 2327 254 2380 τισί.
290 2331 317 2379 1ο
333 2329 498 2395 inscriptione
516 2344 618 2388 omnes,
636 2331 684 2380 nisi
702 2329 791 2394 fallor,
810 2329 868 2379 libri
885 2322 939 2378 ἔων
955 2321 1028 2392 cited,
1052 2343 1098 2394 pro
1133 2344 1166 2378 uo
1184 2329 1246 2379 Val-

191 2399 264 2452 cken.
289 2405 314 2448 et
335 2397 535 2464 Βοι1ι.οροοοο.
555 2413 580 2463 p.
600 2400 633 2449 14
650 2399 811 2449 scribendum
822 2406 943 2465 putarunt
958 2390 1099 2461 ἀνέθηκεν
1136 2388 1195 2457 ’ντ’,
1216 2397 1244 2450 G.

191 2466 221 2517 0.
240 2467 329 2516 Miller
342 2482 384 2533 ap.
405 2468 498 2534 Bdttig.
517 2468 626 2518 Amalth.
644 2469 695 2533 lp.
712 2466 762 2519 129
772 2466 843 2517 νοῶν
854 2461 920 2529 ἄπο,
932 2468 1022 2528 Bentl,
1034 2467 1133 2517 Villois.
1147 2467 1247 2517 Anecd.

191 2537 221 2585 ll.
237 2550 264 2601 p.
283 2536 342 2596 129,
360 2536 452 2597 Scissa,
470 2536 553 2589 Gaisl.
571 2526 695 2601 οἷνίθηκο
709 2533 791 2598 νέων,
806 2538 839 2588 ad
854 2538 1003 2588 seutentiam
1017 2548 1084 2586 recte
1113 2537 1160 2587 sed
1173 2529 1248 2585 νέων

190 2603 314 2670 singulari
332 2608 408 2658 modo
426 2607 529 2657 dictum.
563 2606 667 2657 Rectius
691 2605 847 2673 Weseeling.
872 2597 995 2670 ἀνέθηκ’
1017 2571 1120 2666 α’νιτίν,
1145 2605 1248 2655 facilius

191 2673 276 2740 Bergl.
303 2671 393 2741 (Wolf
412 2676 486 2726 Proll.
506 2676 539 2727 ad
555 2677 628 2731 ilem.
653 2691 681 2742 p.
701 2674 749 2741 55)
772 2666 914 2740 οἷνέθηκον
930 2668 990 2729 ίιίν.
1016 2702 1050 2712 -
1075 2691 1097 2728 c.
1115 2674 1158 2725 61.
1177 2674 1249 2725 Libri

190 2735 306 2808 τρίποδ’
327 2737 428 2807 αὐτόν,
454 2760 500 2811 pro
522 2761 572 2809 quo
588 2747 683 2811 optime
702 2744 845 2812 Schweigh.
865 2747 973 2796 coniecit
990 2735 1086 2805 αὖτίς,
1104 2759 1154 2795 uon
1172 2745 1249 2793 intel·

191 2813 284 2863 lectum
303 2814 367 2866 illud
381 2817 413 2866 ab
428 2814 511 2865 Eltzio
532 2830 559 2880 p.
579 2814 644 2875 331,
667 2816 712 2878 qni
735 2816 792 2881 ipse
817 2815 894 2865 scribi
909 2813 963 2865 vult
978 2811 1113 2879 τρίποδος
1131 2803 1196 2862 τόδ’
1213 2839 1250 2851 -
1291 2846 1292 2869 t

191 2872 309 2945 ἄγαλμα.
328 2910 363 2920 -
381 2900 404 2933 ο.
420 2882 465 2934 62.
483 2882 574 2937 Valck.
592 2893 617 2933 et
635 2884 745 2938 Wessel.
765 2885 910 2934 coniectura
929 2875 999 2948 aiulo
1019 2876 1177 2948 Πάρνηθος
1200 2897 1249 2949 pro
1291 2888 1292 2891 ’

191 2965 221 3000 eo
236 2952 305 3014 quod
322 2952 380 3002 libri
395 2959 481 3002 tenent
491 2941 561 3016 aiulo
572 2950 711 3017 Παιονίης
728 2953 887 3003 iamdudum
903 2953 935 3002 ab
945 2954 1010 3005 viris
1021 2954 1102 3003 doctis
1120 2960 1159 3001 est
1177 2951 1250 3002 relu-
1291 2962 1292 3003 1

189 3027 252 3070 tato.
286 3020 351 3071 Tum
366 3023 469 3071 minime
488 3024 686 3073 necessariorem
703 3022 821 3087 liltziip.
843 3022 896 3074 339
911 3022 1053 3074 emendatio
1071 3015 1154 3071 τόνδε
1175 3013 1250 3084 νηόν

190 3105 237 3156 pro
251 3106 291 3151 eo,
311 3091 379 3154 quod
395 3090 453 3141 libri
474 3098 576 3141 tuentur
592 3083 642 3140 τόν
659 3104 697 3140 τι.
734 3088 836 3141 Scilicet
859 3092 962 3143 dellexit
979 3092 1009 3144 Η.
1033 3093 1065 3142 ab
1086 3094 1188 3156 incepta
1212 3091 1251 3140 di·

190 3159 263 3210 cendi
283 3161 391 3213 ratione.
419 3187 449 3195 -
476 3175 498 3213 ο.
523 3158 566 3212 63.
590 3162 638 3211 Pr0
657 3154 687 3209 ol
702 3151 846 3223 Ἀθηναῖοι
863 3160 947 3212 scus.
967 3162 1057 3212 malmt
1072 3153 1251 3224 Αιικοδοιιμί-
1291 3176 1292 3183 ¹

190 3242 257 3283 νιοι.
294 3229 328 3279 tt
344 3245 389 3280 our
404 3231 431 3280 id
451 3230 483 3280 ab
500 3229 698 3280 Atheniensibus
717 3229 847 3280 audivlsse
870 3229 1025 3282 Herodotum
1048 3231 1100 3281 veri
1123 3229 1252 3281 dissimile
1291 3242 1292 3263 ³

190 3299 245 3347 esti
273 3297 325 3349 Nec
344 3300 458 3364 recipcre
472 3313 550 3348 ausus
567 3313 623 3347 sum
638 3298 745 3348 Beklseri
761 3296 933 3363 προφαίνειν
949 3315 995 3365 pro
1013 3292 1175 3364 προφέρειν,
1193 3313 1253 3348 oum

190 3374 257 3416 recte
276 3368 402 3418 monuerit
420 3366 496 3420 Bihr.
518 3381 574 3417 esse
594 3366 656 3418 hoc:
679 3381 724 3418 eos
744 3369 881 3434 opprobrio
898 3369 982 3419 dando
1002 3370 1102 3431 iubere,
1125 3368 1185 3421 coll.
1206 3368 1253 3425 tv,

192 3434 250 3484 151.
279 3461 314 3471 -—
344 3450 365 3484 ο.
385 3435 420 3488 66
439 3435 573 3484 articulum
593 3444 652 3501 post
667 3428 755 3500 'Icaro'
772 3451 806 3501 ηρ
828 3439 894 3488 male
915 3436 1158 3488 om.sv1²ttr0.-
1176 3453 1200 3490 c.
1217 3436 1253 3488 ot

190 3515 235 3565 pro
254 3492 364 3565 ἐκβάλοι
384 3504 514 3554 Dobraeus
533 3507 677 3569 suspicatus
697 3516 735 3554 cst
752 3451 877 3572 ἕκβοίίίῃ.
895 3532 928 3541 -
941 3523 964 3556 ο.
975 3506 1019 3559 69.
1033 3499 1095 3555 τότε
1114 3500 1213 3556 πάντα
1225 3503 1254 3558 S.
