2588 3926
373 229 458 285 ΗΒ.
489 231 537 288 λΧ.
572 231 670 288 GAP.
697 241 831 295 57-60.
1035 241 1095 307 317

102 385 241 475 γνόμην
252 384 457 470 δειλοτάτην,
468 382 512 463 ὡς
521 383 629 470 χρεων
641 395 690 473 είη
702 385 940 474 ἀναζεύξαντας
949 424 985 466 το
997 421 1096 489 σφα.

102 485 246 554 τόπεδον
265 485 351 551 ίέναι
371 485 405 561 ές
423 480 460 550 τό
482 489 639 569 Θηβαίων
656 481 741 553 ἀστυ
760 495 1094 581 πολιορκησομένους

102 581 165 670 τήν
181 587 229 651 ἔτι
249 578 332 668 πρὸς
346 583 425 669 έμεῦ
441 577 597 668 βασιλεὺς
611 582 776 651 πεύσεται.
814 590 880 656 Καί
895 589 1024 659 τούτων
1039 598 1099 679 μὲν

102 685 242 768 ἑτέρωθι
254 686 344 750 έσται
354 679 471 765 λόγος,
485 675 552 747 νῦν
562 679 597 747 δέ
612 681 768 749 ἐκείνοισι
778 689 882 752 ταῦτα
891 694 1024 757 ποιεῦσι
1038 688 1099 760 οὑκ

103 781 296 867 ἐπιτρεπτέα
307 780 391 864 έστί,
408 773 493 846 ἀλλά
504 780 655 846 διωκτέοι
664 781 725 846 είσλ
735 782 769 858 ές
779 776 798 848 δ’
809 788 1102 870 καταλαμφθέντες

103 876 250 946 δόσονσι
269 875 350 965 ἡμῖν
369 883 438 946 τῶν
460 872 501 962 δή
517 876 678 960 ἐποίησαν
692 877 825 962 Πέρσας
844 881 981 948 πάντων
998 886 1099 963 δίκας.

107 984 217 1048 Ταῦτα
226 989 318 1059 εῖπας
328 971 388 1068 ήγε
399 974 614 1063 τοὺςΠέρσας
620 976 734 1068 δρόμῳ
745 977 923 1065 διαβάντας
932 977 992 1049 τόν
1003 978 1099 1050 Ἀσω
1117 999 1151 1054 59

102 1077 168 1148 τόν
183 1076 266 1148 κατά
278 1086 393 1168 στίβον
402 1084 471 1147 τόν
481 1075 651 1164 Ἑλλήνων
663 1074 708 1156 ὡς
722 1075 762 1164 δή
774 1076 1101 1171 ἀποδιδρησκόντων,

103 1180 211 1266 ε’πεῖηέ
220 1203 256 1247 τε
271 1180 324 1248 έπί
337 1182 622 1266 Λακεδαιμονίους
636 1179 742 1246 τεκαὶ
759 1180 921 1266 Τεγεήτας
938 1180 1101 1269 μούνους·

99 1273 299 1363 Ἀθηναίους
322 1273 388 1364 γάρ
415 1279 645 1364 τραπομένους
676 1277 709 1354 ές
736 1272 774 1343 τό
801 1282 916 1347 πεδίον
942 1277 1008 1349 ὑπό
1036 1286 1103 1349 τῶν

103 1372 218 1461 ὄχθων
228 1372 269 1443 οὑ
280 1374 421 1462 κατιόρα.
444 1379 577 1463 Πέρσας
587 1376 623 1443 δέ
632 1371 786 1460 ὁρέοντες
797 1371 1012 1463 ὡρμημένους
1023 1380 1104 1450 διιό-

103 1499 176 1543 κειν
198 1472 277 1554 τοὺς
294 1473 456 1563 Ἕλληνας
476 1480 510 1545 οί
531 1475 641 1543 λοιποί
657 1479 726 1541 τόν
747 1478 961 1561 βαρβαρικῶν
981 1480 1103 1547 τελέων

103 1570 259 1660 ἀρχοντες
273 1570 392 1643 αὐτίκα
405 1574 528 1655 πάντες
541 1572 660 1661 ἤειραν
679 1568 719 1639 τά
735 1572 872 1659 σημήῖα,
895 1576 950 1643 καί
964 1579 1102 1646 ἐδίωκον

104 1672 148 1753 ὡς
163 1678 278 1744 ποδοῖν
292 1676 429 1755 ἕκαστος
443 1674 548 1761 εἶχον,
564 1670 642 1741 οάτε
656 1672 771 1762 κόσμμ
785 1668 898 1740 οὑδενλ
910 1682 1101 1762 κοσμηθέν-

102 1800 155 1853 τες
170 1772 247 1842 οὖτε
261 1774 342 1855 τάξι.
375 1777 443 1842 Καὶ
456 1766 549 1842 οὑτοι
563 1773 625 1860 μὲν
641 1778 705 1860 βοή
725 1796 760 1839 τε
775 1773 829 1839 καί
846 1767 948 1863 ὁμίλῳ
963 1775 1101 1862 ἐπήισαν

11 1902 12 1911 ¹
104 1868 149 1949 ὡς
168 1868 439 1959 ἀναρπασόμενοι
460 1869 539 1950 τοὺς
556 1869 733 1958 Ἕλληνας,
761 1874 955 1957 Παυσανίης
977 1874 1029 1959 δέ,
1056 1870 1100 1952 ὡς
1116 1893 1151 1946 60

11 2042 13 2045 ,
104 1966 453 2057 κροσεκέετοήλππος,
464 1973 595 2056 πέμψας
607 1967 692 2052 πρός
701 1967 781 2048 τοὺς
792 1965 991 2057 Ἀθηναίους
1002 1976 1103 2043 έπτέα

11 2110 12 2153 ρ
104 2069 191 2153 λέγει
204 2066 299 2135 τάδε·
311 2066 451 2154 Ἀνδρες
460 2066 642 2156 Ἀθηναῖοι,
659 2066 788 2154 ἀγῶνος
799 2075 956 2155 μεγίστου
966 2096 1104 2158 προκει-

11 2164 13 2167 ’
104 2164 224 2251 μένου,
247 2166 430 2251 ἐλευθέρην
453 2162 575 2253 εἶναιή
596 2169 850 2253 δεδουλωμένην
869 2165 933 2253 τήν
951 2165 1102 2256 Ἑλλάδα,

103 2262 337 2351 προδεδόμεθα
352 2260 417 2332 ὑπὸ
429 2270 497 2332 τῶν
507 2263 691 2352 συμμάχων
700 2261 793 2351 ἡμεῖς
803 2289 839 2331 τε
850 2268 884 2331 ολ
892 2265 1103 2352 Λακεδαιμό-

104 2387 171 2432 νιοι
181 2364 236 2430 καί
246 2358 340 2450 ὑμεῖς
355 2367 388 2429 ολ
396 2358 569 2448 Ἀθηναῖοι
583 2358 649 2429 ὑπό
661 2359 722 2449 τήν
736 2362 982 2449 παροιχομένην
995 2362 1102 2430 νύκτα

103 2460 321 2547 διαδράντων.
354 2466 420 2529 νῦν
437 2453 486 2529 ἀν
500 2463 651 2531 δέδοκται
666 2459 703 2528 τὸ
719 2462 879 2528 ἐνθεῦτεν
894 2457 932 2529 τό
946 2463 1103 2546 ποιητέον

102 2555 198 2646 ἡμῖν,
221 2556 453 2645 ἀμυνομένους
467 2556 531 2647 γάρ
551 2566 591 2649 τή
605 2559 782 2646 δυνάμεθα
799 2556 916 2643 ἀριστα
931 2562 1104 2646 περιστέλ-

102 2664 174 2727 λειν
188 2655 361 2746 ἀλλήλους.
385 2664 417 2727 εί
428 2662 490 2745 μέν
504 2685 570 2727 νυν
581 2662 614 2737 ές
629 2656 731 2744 ὑμέας
746 2654 877 2744 ὥρμησε
892 2652 1030 2744 ἀρχήνή
1045 2660 1103 2723 ’έπ-

11 2776 13 2793 ·
102 2779 180 2841 πος,
194 2762 278 2843 χρῆν
292 2755 332 2844 δή
348 2754 450 2845 ήμέας
462 2783 498 2827 τε
513 2758 567 2827 καὶ
581 2753 660 2837 τοὺς
673 2753 745 2842 μετ’
759 2751 872 2843 ἡμέων
885 2753 947 2842 τήν
962 2753 1102 2825 Ἐλλάδα

11 2896 13 2931 ς
103 2852 145 2923 οὑ
168 2855 390 2940 προδιδόντας
413 2854 576 2944 Τεγεήτας
595 2858 753 2944 βοηθέειν
771 2850 868 2939 ὑμῖν·
901 2860 967 2922 νῦν
990 2855 1043 2941 δέ,
1070 2857 1103 2933 ές

11 2966 13 3051 j
101 2951 204 3042 ἡμέας
214 2949 280 3038 γάρ
292 2951 404 3021 ἅπασα
418 2954 601 3042 κεχώρηκε,
617 2959 742 3022 δίκαιοί
752 2955 825 3021 έστε
835 2949 930 3039 ὑμεῖς
943 2950 1029 3040 πρός
1041 2951 1103 3041 τήν

11 3056 13 3087 ‘
102 3052 300 3139 πιεζομένην
319 3053 461 3139 μάλιστα
476 3059 545 3121 τῶν
561 3056 705 3140 μοιρέων
727 3048 929 3139 ἀμυνέοντες
944 3058 1040 3123 ίέναι.
1075 3059 1106 3122 εί

103 3150 135 3222 δ’
158 3150 224 3240 ἀρα
245 3147 368 3230 αὑτοὺς
387 3148 490 3237 ὑμέας
513 3151 758 3238 καταλελάβηκε
779 3148 950 3219 ἀδύνατόν
968 3177 1000 3219 τι
1020 3157 1104 3239 βοη-

101 3253 212 3336 θέειν,
234 3244 329 3336 ὑμεῖς
342 3245 375 3318 δ’
390 3247 470 3337 ήμῖν
483 3247 563 3330 τοὺς
582 3249 717 3329 τοξότας
736 3244 991 3334 ἀποπέμψαντες
1004 3248 1103 3337 χάριν

102 3351 218 3419 θέσθε.
242 3352 446 3437 συνοίδαμεν
460 3351 497 3418 δὲ
508 3346 588 3436 ὑμῖν
599 3345 665 3415 ὑπδ
677 3344 737 3415 τόν
747 3345 916 3434 παρεόντα
929 3345 1029 3414 τόνδε
1039 3345 1104 3413 πό-

104 3453 205 3531 λεμον
230 3448 322 3514 έοῦσι
343 3445 470 3516 πολλόν
491 3444 793 3532 προθυμοτάτοισι,
820 3441 904 3512 ὥστε
923 3443 980 3510 καὶ
999 3447 1103 3509 ταῦτα
