2536 3934
320 233 406 290 Llss.
440 235 462 290 1.
495 232 591 321 σοι).
624 237 763 293 ιο-ιι.
836 285 865 319 ,y
1000 222 1041 291 11

69 395 202 481 ίθηναίη
212 391 411 479 οἰκοδόμησε
424 389 442 460 6
454 388 633 479 Ἀλυάττης
650 394 688 459 ἐν
706 397 746 480 τῇ
757 389 921 485 Ἀσσησῷ,
941 389 1043 472 αύτός

67 513 92 556 τε
105 491 138 557 ἐκ
150 495 204 577 τῆς
216 489 345 558 νούσου
359 487 489 577 άνέστη.
511 489 595 560 κατά
610 491 673 578 μὲν
686 489 747 558 τὸν
760 491 843 579 πρὸς
853 499 1042 580 Μιλησίους

66 612 91 654 τε
104 588 154 656 καί
167 587 409 676 Θρασύβουλον
422 589 571 677 πόλεμον
581 586 743 678 Ἀλυάττη
759 581 823 658 ὦδε
836 597 932 678 ἔσχε

129 693 333 777 Περίανδρος
347 682 420 758 δέ
396 717 442 778 ην
454 695 614 780 Κυψέλου
628 705 725 777 πάϊς,
741 683 841 771 οὗτος
857 690 875 761 6
889 720 935 783 τρι
921 700 1042 786 Θρα-
1023 710 1087 764 -23

66 784 246 879 συβούλρ
212 808 250 856 το
265 789 467 878 χρηστήριον
483 789 642 877 μηνύσας.
672 788 875 878 ἐτυράννευε
889 762 955 859 66‘
942 799 1043 859 οΠε-

65 895 199 1012 ρίριυδρος
212 896 409 978 Κορίνθου·
432 898 483 982 τρλ
504 888 544 978 66
561 893 695 976 λέγουσι
709 890 891 979 Κορίνθιοι
906 885 1044 979 (6606)-

65 991 158 1072 γεουσι
167 990 207 1057 δε
216 1008 280 1075 σφι
290 992 442 1077 Λέσβιοι)
457 993 494 1058 ἐν
504 1016 551 1082 τω
537 996 624 1079 βίρο
647 995 748 1077 θύμα
769 992 924 1076 μεγιστου
933 1013 1043 1078 παρα

65 1090 176 1172 στῆναι,
195 1081 332 1172 Ἀρίονα
352 1085 412 1155 τόν
428 1058 661 1176 Μηθύμναλον
683 1089 736 1155 ἐπὶ
752 1091 907 1174 δελφῖνος
921 1090 1042 1169 ἐξενει-

65 1185 165 1264 χθέντα
175 1183 227 1250 ἐπὶ
241 1189 421 1272 Ταίναρον,
436 1185 534 1261 ἐόντα
546 1182 740 1276 κιθαρροδδν
752 1192 821 1255 τῶν
832 1186 906 1278 τότε
915 1187 1041 1255 ἐόντων

66 1276 180 1359 οὐδενὸς
195 1281 373 1371 δεύτερον,
397 1310 454 1351 και
442 1284 684 1404 διθύραμβον
696 1290 831 1371 πρῶτον
847 1281 1041 1372 ἀνθρώπων

65 1383 115 1443 των
136 1374 227 1465 ἡμεῖς
251 1376 351 1466 ίδμεν
375 1381 561 1468 ποιήσαντά
579 1407 621 1449 τε
646 1382 701 1449 καί
725 1379 960 1468 ούνομάσαντα
986 1384 1041 1449 καί

65 1475 218 1555 διδάξαντα
239 1480 278 1545 ἐν
297 1485 468 1571 Κορίνθῳ.
507 1486 633 1566 τοῦτον·
657 1478 717 1547 τὸν
735 1478 867 1567 Ἀρίονα
893 1485 1082 1569 λέγονσι,2λ

65 1573 241 1648 τδνπολλδν
261 1585 325 1647 τού
341 1580 466 1666 χρόνον
489 1584 702 1668 διατρίβοντα
725 1579 815 1670 παρὰ
828 1580 1039 1669 Περιάνδρῳ,

65 1677 245 1766 ἐπιθυμῆσαι
261 1685 394 1748 πλῶσαι
416 1683 449 1758 ἐς
466 1677 606 1765 Ἰταλίην
619 1704 655 1746 τε
671 1681 726 1747 καί
742 1685 921 1766 Σικελίην,
940 1681 1039 1765 ἐργα-

66 1774 187 1860 σάμενον
202 1777 240 1845 δὲ
259 1776 412 1865 χρήματα
425 1778 552 1866 μεγάλα
569 1780 727 1864 ἐθελῆσαι
744 1775 848 1846 ὀπίσω
863 1781 896 1858 ἐς
912 1777 1039 1864 Κόριν-

65 1883 114 1940 δου
131 1872 319 1945 άπικέσθαι.
349 1874 519 1965 ὁρμᾶσθαι
542 1880 604 1964 μέν
627 1902 693 1943 νυν
714 1879 751 1944 ἐκ
774 1876 960 1965 Τάραντος,
981 1899 1039 1941 πι-

67 1973 200 2043 στεύοντα
216 1977 253 2046 δὲ
269 1972 445 2062 οὐδαμοῖσι
460 1982 588 2062 μᾶλλον
602 1969 624 2061 6
638 1981 852 2063 Κορινθίοισι
865 1971 1039 2062 μισθώσα-

38 2142 39 2147 ,
67 2083 127 2142 σθαι
135 2084 251 2150 πλοῖον
263 2072 400 2162 ἀνδρῶν
412 2081 626 2159 Κορινθίων·
648 2070 728 2150 τούς
741 2073 778 2140 δὲ
793 2073 829 2139 ἐν
841 2079 887 2160 τρδ
904 2070 1040 2155 πελάγει

68 2173 274 2260 ἐπιβουλεύειν
286 2172 348 2242 τὸν
354 2170 490 2262 ,Ἀρίονα
505 2171 706 2261 ἐκβαλόντας
724 2174 811 2256 ἔχειν
823 2164 864 2236 τά
874 2168 1039 2261 χρήματαξ

67 2265 109 2336 τὸν
129 2273 162 2339 δέ
190 2282 337 2342 συνέντα
368 2277 466 2340 τοῦτο
492 2277 684 2356 λίσσεσθαι,
718 2267 867 2357 χρήματα
879 2269 942 2355 μίν
951 2278 1041 2350 προλ-

68 2368 126 2435 ἐιτα
142 2388 214 2459 σφι,
232 2368 346 2458 ψυχὴν
361 2371 397 2438 δέ
410 2369 684 2458 παραιτεόμενον.
710 2364 773 2434 ούκ
788 2358 837 2435 ύν
851 2363 891 2453 66
907 2374 1040 2436 πείθειν

68 2460 148 2534 αύτδν
160 2470 327 2556 τούτοισι,
348 2465 432 2537 ἄλλά
447 2467 599 2537 κελεύειν
619 2462 698 2545 τούς
713 2459 920 2553 πορθμέας
897 2493 918 2551 η
935 2461 1039 2532 αύτόν

68 2563 246 2680 διαχρᾶσθαί
263 2593 340 2652 μιν,
362 2563 407 2645 ὡς
430 2561 474 2632 άν
492 2571 601 2651 ταφῆς
622 2566 669 2661 ἐν
677 2570 722 2685 φῇ
737 2564 835 2653 τύχη,
856 2558 1040 2651 ἢέκπηδάν

68 2681 157 2746 εςτην
175 2663 356 2731 θάλασσαν
374 2659 437 2751 τὴν
459 2669 624 2750 ταχίστην
667 2660 891 2749 ἀπειληθέντα
918 2664 954 2732 δέ
980 2660 1040 2731 τὸν

66 2751 171 2842 ’ίρίονα
193 2764 227 2841 ἐς
247 2758 394 2849 άπορίην
413 2763 702 2850 παραιτήσασθαι,
727 2761 841 2849 ἐπειδή
864 2781 924 2847 σφι
951 2756 1040 2827 οὕτω

69 2855 111 2922 δικ
82 2859 170 2944 οκέοι,
195 2864 361 2947 περιιδεῖν
382 2857 487 2928 αὐτὸν
507 2863 544 2933 ἐν
564 2866 603 2949 τῇ
626 2865 728 2949 σκευῇ
748 2858 838 2948 πάση
859 2855 982 2927 στάντα
996 2859 1040 2924 ἐν

69 2967 132 3022 ιολσι
145 2958 307 3028 ἑδωλίοισι
321 2956 446 3029 άεῑσαι·
462 2957 573 3047 ἀείσας
585 2961 620 3027 δὲ
631 2956 809 3027 ὑπεδέκετο
821 2955 947 3026 ἑωυτὸν
960 2981 1040 3025 κατ-

71 3056 256 3139 ἐργάσεσθαι
290 3063 346 3129 καὶ
377 3075 463 3129 τοῖσι
486 3063 637 3129 ἐσελθεῖν
659 3054 725 3178 μὰρ
748 3053 876 3145 ἡδονὴν
917 3061 947 3124 εί
962 3056 1049 3172 με’λ-’

70 3155 170 3223 λοιευ’
152 3157 358 3228 ακούσεσθαι
371 3185 432 3227 του
418 3156 588 3247 άρίστου
605 3155 806 3279 άνθρρίπων
814 3148 976 3238 άοιδοῦ,’
957 3178 1041 3219 ανα-

71 3259 190 3340 λῠοῆσαι
206 3259 296 3325 ἐκ
257 3283 315 3344 της
328 3257 486 3379 πρύμνης
498 3257 532 3335 ἐς
553 3256 713 3342 μίσην’
671 3280 740 3322 νεα.
771 3248 833 3319 τὸν
847 3251 883 3317 δὲ
898 3248 1040 3316 ἐνδύντα

72 3370 95 3413 τε
104 3359 204 3422 πᾶσαν
216 3352 278 3443 τὴν
292 3354 419 3444 σκευὴν
434 3359 489 3426 καί
502 3356 650 3445 λαβόντα
663 3352 726 3443 τὴν
741 3352 900 3437 κιθάρην,
919 3349 1041 3416 στάντα

73 3443 181 3521 ἐντοίσι
193 3453 357 3525 ἑδωλίοισι
372 3457 555 3539 διεξελθεῖν
582 3457 690 3544 νόμον
702 3451 763 3522 τὸν
780 3450 912 3533 ὄρθιον,
926 3451 1041 3511 τελευ-
