2562 3926
191 222 259 300 '164
571 237 822 297 Ητοοοοιι

195 401 329 486 σωμένα
349 402 447 486 παχέῖ
465 398 571 485 κάρτα
590 388 718 487 χρυσῷ·
747 384 870 482 μεταξῦ
891 396 928 467 δέ
946 406 1016 469 τῶν
1035 396 1160 488 κερέων
1177 396 1194 468 ὁ
1264 378 1265 459 ἐ

196 504 257 566 τοῦ
271 494 369 585 ήλίου
383 497 506 577 κύκλος
516 499 740 583 μεμιμημένος
753 498 864 563 ἐπεστι
873 496 1022 582 χρύσεος.
1046 505 1115 568 ἐστι
1125 494 1196 584 δδή

197 605 279 687 βοῦς
298 594 361 666 οῦκ
382 594 488 685 ὀρθή,
508 592 583 665 ἄλλ’
601 597 638 664 ἐν
657 594 801 682 γούνασι
823 599 976 684 κειμένη,
997 602 1145 685 μέγαθος
1161 599 1197 666 δὲ

198 697 259 785 ὅση
274 721 336 819 περ
351 697 478 819 μεφάλη
496 702 583 816 βοῦς
593 695 667 782 ζωή
690 695 863 781 ἐκφέρεται
879 693 915 762 δέ
931 697 968 763 ἐκ
982 703 1043 764 τοῦ
1058 695 1197 783 οἰκήμα-

197 823 253 876 τος
270 793 335 864 άνά
350 796 459 865 πάντα
474 792 515 864 τά
535 800 625 880 ἐτεα,
649 789 751 860 ἐπεάν
769 792 957 861 τύπτωνται
973 798 1052 863 οίΑ
1018 795 1197 881 Αἰγύπτιοι
1234 789 1236 793 ’

199 891 259 963 τὸν
284 893 346 964 οῦκ
371 892 642 982 οῦνομαζομενον
671 889 759 961 θεὸν
787 888 835 959 ὑπ
839 887 953 978 ’ἐμεῦ
980 896 1033 963 ἐπί
1056 895 1198 986 τοιούτφ

84 1026 89 1035 ·
197 1018 351 1082 πρημμα
352 1018 377 1062 ι
401 991 476 1061 τότε
491 985 541 1061 άν
560 993 616 1060 καλ
636 1016 699 1078 την
718 993 805 1078 βοῦν
818 989 995 1075 ἐκφέρουσι
1010 989 1091 1070 ἐς
1056 1018 1094 1060 το
1109 1000 1197 1079 φῶς·

132 1151 142 1160 .
198 1093 281 1179 φασί
303 1088 368 1177 γάρ
393 1089 433 1178 δή
456 1087 563 1177 αύτήν
584 1093 749 1176 δεηθηναι
769 1094 830 1155 τοῦ
854 1085 978 1175 πατρὸς
998 1096 1198 1177 Μυκερίνου

199 1186 533 1277 άποθνήσκουσανέν
543 1215 589 1279 τῳ
574 1190 742 1278 ἐνιαυτῷ
757 1183 843 1265 άπαξ
854 1209 914 1271 μιν
922 1184 982 1254 τὸν
995 1183 1092 1274 ήλιον
1104 1216 1197 1259 κατι·
1269 1252 1270 1255 ,

135 1294 182 1348 133
199 1292 278 1355 δεῖν.
321 1281 419 1353 Met&
442 1285 478 1354 δὲ
497 1292 555 1373 τῆς
569 1283 741 1372 θυγατρὸς
754 1281 791 1352 τὸ
812 1284 924 1363 πάθος
937 1285 1077 1374 δεύτερα
1089 1290 1196 1382 τούτω

198 1391 243 1475 τῷ
260 1387 389 1472 βασιλεῖ
406 1384 485 1453 τάδε
503 1386 676 1472 γενέσθαι·
700 1385 814 1452 ἐλθεῖν
830 1386 866 1451 οί
881 1382 1043 1471 μαντήιον
1057 1387 1093 1453 ἐκ
1107 1394 1196 1455 Βου-

198 1487 276 1561 τοῦς
290 1480 419 1571 πόλιος,
436 1480 480 1562 ὡς
489 1485 603 1570 μέλλοι
617 1486 651 1563 ἐξ
666 1487 739 1550 ἐτεα
753 1486 885 1569 μοῦνον
897 1479 994 1569 βιούς
1006 1489 1052 1574 τῷ
1066 1483 1197 1576 ἑβδόμῳ

198 1580 424 1669 τελευτήσειν·
445 1579 505 1651 τόν
525 1579 691 1651 δὲδεινὸν
711 1578 940 1668 ποιησάμενον
959 1585 1085 1669 πέμψαι
1106 1585 1139 1663 ἐς
1157 1580 1197 1651 τὰ
1271 1664 1272 1667 ¹

198 1678 404 1801 μαντήιον
373 1685 419 1747 τοῦ
433 1685 505 1771 θεῷ
521 1678 693 1768 ὀνείδισμα
707 1676 1015 1767 ἀντιμεμφόμενον,
1037 1679 1089 1750 ὅτι
1102 1680 1120 1751 ὅ
1135 1686 1199 1771 μέν

199 1775 303 1847 αὐτοῦ
318 1773 425 1865 πατήρ
440 1781 494 1847 καλ
508 1778 642 1863 πάτρως
652 1775 911 1863 ἀποκληίσαντες
921 1804 961 1844 τα
950 1774 1029 1860 ίρά
1041 1781 1096 1848 καὶ
1105 1787 1199 1851 θεῶν
1272 1776 1273 1797 ’

199 1903 240 1946 ου
229 1874 475 1965 ’μεμνημένοι,
497 1874 581 1947 άλλά
597 1880 653 1946 καλ
672 1873 751 1956 τοῦς
770 1871 975 1960 ἀνθρώπους
981 1883 1199 1997 φθείροντες,

200 1980 342 2064 ἐβίωσαν
357 1973 481 2060 χρόνον
500 1977 554 2046 ἐπὶ
569 1971 714 2075 πολλὸν,
728 1969 875 2053 αῦτῦςδ’
893 1970 1032 2064 εῦσεβής
1042 1973 1108 2055 έων
1118 1977 1200 2062 μέλ·
1273 2020 1274 2059 ι

198 2083 251 2143 λοι
279 2074 400 2159 ταχέως
424 2071 513 2142 οὕτω
538 2062 774 2160 τελευτήσειν.
767 2072 827 2139 ἐκ
852 2069 888 2167 δέ
912 2080 974 2141 τοῦ
997 2079 1200 2160 χρηστηρίου

198 2170 287 2261 αύτςο
273 2172 438 2257 δεύτερα
449 2175 562 2242 ἐλθεῖν
572 2177 712 2260 λέγοντα
726 2170 856 2239 τούτων
870 2173 997 2241 εἵνεκεν
1010 2174 1066 2241 καὶ
1076 2192 1200 2291 σηντα-

197 2272 314 2358 χύνειν
329 2268 419 2361 αὐτῷ
432 2269 493 2339 τὸν
507 2277 600 2360 βίον·
624 2267 665 2362 ού
681 2266 746 2358 γάρ
760 2274 900 2355 ποιῆσαί
911 2295 969 2356 μιν
982 2265 1019 2339 τῦ
1031 2266 1139 2357 χρεῦν
1153 2262 1198 2357 ήν

197 2370 340 2437 ποιέειν·
363 2370 435 2436 δεῖν
446 2367 512 2456 μὰρ
527 2379 702 2458 Αίμυπτον
716 2375 905 2437 κακοῦσθαι
921 2366 972 2438 ἐπ’
989 2377 1062 2439 ἐτεα
1076 2370 1201 2458 πεντή-

198 2464 301 2534 κοντά
317 2488 353 2532 τε
373 2466 428 2534 καὶ
455 2464 591 2554 ἐκατόν,
613 2469 668 2537 καὶ
681 2463 761 2547 τοῦς
775 2469 838 2553 μὲν
852 2466 914 2535 δύο
934 2464 1013 2547 τοῦς
1031 2465 1097 2555 πρὸ
1112 2469 1201 2537 ἐκεί-

197 2589 261 2630 νου
283 2567 486 2650 γενομένους
501 2567 658 2652 βασιλέας
670 2575 795 2652 μαθεῖν
807 2572 923 2652 τοῦτο,
944 2566 1074 2634 ἐκεῖνον
1094 2565 1130 2633 δέ
1146 2563 1198 2633 οῦ.

197 2666 301 2730 ταῦτα
321 2657 511 2730 ἀκούσαντα
531 2661 592 2732 τὸν
612 2671 825 2749 Μυκερῖνον,
848 2659 892 2742 ῦς
912 2666 1200 2750 κατακεκριμένων

195 2757 259 2845 ήδη
270 2763 305 2828 οί
312 2760 453 2847 τούτων,
471 2761 577 2848 λύχνα
590 2762 819 2850 ποιησάμενον
830 2754 954 2847 πολλὰ,
969 2759 1056 2842 ὅκως
1070 2770 1197 2848 γίνοιτο

196 2854 275 2942 νύξ,
302 2855 479 2942 άνάύαντα
504 2857 608 2949 αὐτὰ,
635 2866 747 2931 πίνειν
767 2887 803 2929 τε
824 2862 879 2928 καί
901 2856 1098 2947 εύπαθέειν,
1121 2858 1201 2929 οῦτε

195 2955 317 3044 ἡμέρης
328 2955 405 3028 οῦτε
419 2958 541 3042 νυκτὸς
557 2958 710 3048 άνιέντα,
728 2967 762 3042 ἐς
775 2987 810 3030 τε
826 2958 865 3029 τά
882 2962 957 3028 ἕλεα
971 2963 1026 3029 καί
1041 2957 1081 3029 τά
1097 2957 1200 3029 άλσεα

194 3051 431 3143 πλανεύμενον,
449 3060 504 3128 καὶ
519 3062 576 3127 ἵνα
591 3059 801 3129 πυνθάνοιτο
814 3055 899 3127 εἶναι
910 3057 1109 3148 ἐνηβητήρια
1126 3061 1200 3127 ἐπι-

195 3148 391 3239 τηδεάτατα.
407 3162 512 3223 ταῦτα
519 3156 556 3225 δέ
563 3158 746 3244 ἐμηχανᾶτο
755 3157 883 3224 ἐθέλων
893 3153 930 3222 τό
942 3155 1103 3244 μαντήιον
1113 3169 1201 3238 ψευ-

196 3248 340 3335 δόμενον
360 3246 572 3369 άποδέξαι,“
556 3258 669 3323 ιναοί
653 3253 843 3323 ίδυύδεκα
863 3258 937 3320 ἐτεα
957 3249 1031 3321 ἀντὶ
1047 3256 1081 3334 ἐξ
1098 3253 1201 3323 ἐτέων

132 3376 179 3432 1³4
192 3350 344 3436 γένηται,
366 3352 403 3417 αί
420 3348 540 3429 νύκτες
565 3347 687 3438 ήμέραι
711 3350 917 3451 ποιεύμεναι.
959 3353 1138 3469 Πυραμίδα
1162 3351 1200 3420 δέ

194 3439 309 3523 καί
267 3470 365 3529 ουτος
379 3442 555 3524 ἀπελίπετο
570 3446 697 3529 πολλὸν
711 3449 840 3527 ἐλάσσω
853 3430 915 3518 τοῦ
928 3445 1069 3538 πατρὸς,
1092 3456 1199 3525 είκοσι
