2536 3934
322 247 409 307 Llss.
436 245 460 312 J.
494 243 589 302 CAP.
620 249 671 305 134
682 277 723 289 -·-
735 251 794 307 139.
1021 241 1063 306 75

89 401 157 492 σιρά
169 411 240 494 τῇσι
254 407 389 492 γνναιξί
399 409 532 474 ’δίαιταν
549 409 623 491 ἔχει.
656 409 755 473 τοῦδε
770 405 807 474 δὲ
821 409 947 475 εἵνεκεν
961 410 1061 474 τοῦτο

86 500 155 575 οὕτω
169 507 332 592 ποιέεται,
354 508 411 572 ἵνα
423 498 469 592 ήν
485 501 645 593 ἀποθάνχ
661 503 884 592 τρεφόμενος,
897 508 1062 592 μηδεμίαν

85 599 154 686 ἀσην
173 609 217 694 τῷ
239 604 342 691 πατρί
366 601 549 690 προσβάλῃ.
591 603 704 671 Αἰνέω
724 604 787 688 μέν
806 628 872 671 ννν
890 602 990 673 τόνδε
1003 600 1065 671 τόν
1082 613 1129 669 137

83 695 186 789 νόμον,
213 705 314 769 αἰνέω
340 701 377 769 δὲ
393 703 448 769 καί
461 700 577 788 τόνδε,
603 697 640 769 τό
664 696 709 786 μή
723 707 801 787 μιῆς
815 707 920 788 αἰτίης
935 705 1063 770 εἵνεκεν

83 798 148 885 μήτε
169 797 271 869 αὐτόν
291 797 353 869 τόν
373 803 511 888 βασιλέα
530 802 658 886 μηδένα
683 799 861 886 φονεύειν,
887 797 969 887 μήτε
995 808 1063 868 τῶν

83 893 175 965 ἀλλων
192 901 353 985 Περσέων
374 892 499 985 μηδένα
520 905 589 966 τῶν
609 900 736 966 έωντοῦ
756 901 911 968 οἰκετέων
933 901 986 970 έπί
1005 903 1063 989 μιῇ

84 1002 152 1085 αἰτίη
174 995 361 1086 ἀνήκεστον
385 998 496 1078 πόθος
512 999 640 1084 ἕρδειν·
683 994 767 1066 ἀλλά
786 997 1006 1084 λογισάμενος
1018 993 1062 1085 ἢν

84 1092 199 1186 εὖρίσκη
224 1101 316 1167 πλέω
344 1123 380 1165 τε
407 1099 462 1166 καί
487 1101 571 1183 μέζω
594 1093 635 1164 τά
661 1093 847 1185 ἀδικήματα
872 1096 970 1169 ἐόντα
993 1105 1062 1166 τάν

83 1190 350 1284 ὑπουργημάτων,
372 1193 461 1264 οὕτω
481 1202 528 1286 τῷ
548 1201 649 1286 θυμῷ
663 1203 788 1284 χρᾶται.
819 1194 1011 1268 ἀποκτείναι
1025 1198 1062 1268 δὲ

83 1290 184 1361 οὐδένα
207 1321 256 1362 κω
281 1299 420 1381 λέγουσι
444 1291 660 1370 τόνέωντοῦ
678 1299 804 1381 πατέρα
827 1293 906 1364 οὐδὲ
925 1299 1060 1385 μητέρα,

82 1387 148 1459 ἀλλά
165 1389 267 1462 ὁκόσα
281 1391 348 1482 ήδη
366 1399 505 1462 τοιαῦτα
520 1395 665 1481 ἐγένετο,
687 1400 799 1463 πᾶσαν
814 1392 967 1482 ἀνάγκην
979 1397 1061 1482 φασί
1135 1427 1138 1431 ·

82 1486 305 1581 ἀναζητεόμενα
333 1499 438 1561 ταῦτα
462 1488 507 1561 ἀν
532 1491 716 1581 εδρεδήνοιι
739 1493 813 1582 ήτοι
838 1493 1061 1582 ὑποβολιμαῖα

82 1588 160 1659 ἰόντα
181 1589 202 1681 ἢ
226 1596 392 1680 μοιχίδια·
432 1590 473 1660 οὐ
493 1589 559 1681 γάρ
580 1592 623 1679 δή
637 1612 720 1678 φασι
744 1590 835 1674 οἰκός
849 1592 935 1662 εἰναι
948 1592 1008 1662 τόν
1022 1620 1060 1680 γε

82 1683 211 1775 ἀληθέως
229 1694 333 1760 τοκέα
353 1688 422 1759 ὑπό
441 1698 503 1760 τοῦ
523 1692 652 1760 ἑωυτοῦ
676 1689 796 1773 παιδός
819 1691 1059 1784 ἀποθνήσκειν.

78 1781 159 1853 Ἄσσα
172 1790 210 1856 δέ
220 1811 286 1877 σφι
300 1793 427 1858 ποιέειν
440 1787 503 1858 οὐκ
518 1792 639 1877 ἔξεστι,
659 1796 763 1860 ταῦτα
786 1788 865 1861 οὐδὲ
885 1797 996 1881 λέγειν
1010 1797 1063 1874 ἐξ·
1080 1810 1129 1865 138

83 1902 143 1954 εστι.
181 1898 355 1977 αἴσχιστον
376 1892 413 1957 δὲ
441 1886 570 1957 αὐτοῖσι
590 1885 628 1955 τό
650 1889 837 1971 ψεόδεοδαι
857 1890 1060 1980 νενόμισται,

83 1984 198 2072 δεότερα
218 1990 255 2057 δὲ
278 1984 317 2056 τό
339 1985 488 2075 ὀφείλειν
506 1988 618 2077 χρέος,
641 1994 777 2056 πολλῶν
796 1989 859 2074 μὲν
878 1993 934 2059 καί
950 1987 1062 2058 ἀλλων

83 2085 198 2173 εἵνεκεν,
213 2088 360 2175 μάλιστα
373 2087 410 2155 δὲ
424 2084 609 2173 ἀναγκαίην
617 2089 699 2173 φασί
712 2084 798 2154 εἰναι
809 2086 871 2155 τόν
885 2085 1062 2174 ὀφείλοντα

84 2189 127 2250 καί
142 2210 171 2251 τι
193 2190 321 2267 ψεῦδος
345 2185 463 2271 λέγειν.
504 2182 541 2264 ὂς
561 2180 605 2252 δν
625 2184 662 2253 δὲ
682 2190 750 2252 τῶν
770 2180 881 2253 ἀστῶν
900 2175 1062 2273 λέπρηνή

82 2282 184 2371 λεύκην
205 2291 281 2372 ἔχη,
305 2286 339 2364 ές
358 2285 459 2353 πόλιν
479 2277 577 2364 οὗτος
598 2280 641 2352 οὐ
655 2287 861 2372 κατέρχεται,
882 2279 962 2354 οὐδὲ
975 2308 1062 2371 ονμ-

81 2388 209 2468 μίσγεται
228 2399 318 2453 τοῖσι
339 2383 469 2453 ἀλλοισι
491 2387 649 2473 Πέρσησι.
695 2385 776 2470 φασί
800 2384 841 2452 δέ
861 2409 920 2471 μιν
944 2385 977 2463 ές
1000 2380 1061 2453 τόν

81 2475 159 2565 ήλιον
178 2480 371 2573 ἁμαρτόντα
390 2508 422 2551 τι
440 2489 545 2550 ταῦτα
559 2487 655 2568 ἔχειν.
702 2484 813 2562 ξεῖνον
827 2481 863 2550 δὲ
877 2479 987 2552 πάντα
1000 2479 1061 2550 τόν

81 2584 320 2672 λαμβανόμενον
340 2578 407 2650 δπδ
426 2581 557 2650 τούτων
579 2578 793 2662 ἐξελαύνουσι
814 2582 850 2647 έκ
870 2587 927 2666 τῆς
939 2577 1059 2668 χόρης,

81 2687 179 2752 πολλοὶ
197 2687 255 2752 καὶ
274 2680 334 2762 τάς
353 2678 475 2761 λενκάς
504 2677 716 2770 περιστερός,
742 2677 805 2767 τήν
823 2678 932 2769 ἀὐτὴν
951 2686 1061 2768 αἰτίην

82 2777 285 2866 ἐσφέροντες.
322 2783 355 2860 ές
378 2778 528 2867 ποταμόν
550 2781 586 2848 δέ
601 2778 678 2846 οὔτε
695 2781 889 2866 ένονρέονσι
910 2779 987 2849 οὔτε
1002 2777 1061 2868 έμ-

80 2875 222 2968 ιιιόονσι,
246 2876 288 2946 οὐ
300 2892 411 2968 χεῖρας
428 2876 693 2966 ἐναπονίζονται,
716 2875 795 2947 οὐδὲ
814 2876 918 2948 ἀλλον
939 2877 1062 2950 οὐδένα

80 2978 291 3065 περιορέονσι,
316 2973 401 3053 ἀλλά
427 2979 581 3066 σέβονται
606 2973 776 3063 ποταμοὺς
802 2975 952 3062 μάλιστα.
995 2980 1062 3050 Καί
1078 2992 1128 3047 139

81 3070 143 3140 τόδε
162 3073 242 3144 ἀλλο
263 3094 325 3162 σφι
349 3065 415 3143 οἶδε
435 3078 654 3163 συμπέπτωκε
672 3081 845 3165 γίνεσθαι,
871 3072 909 3146 τὸ
928 3078 1061 3166 Πέρσας

81 3173 130 3254 μέν
145 3173 266 3256 αὐτοδς
279 3179 419 3263 λέληθε,
434 3173 537 3263 ἡμέας
551 3177 664 3261 μέντοι
679 3172 729 3243 οὔ.
757 3171 797 3243 τά
812 3172 983 3262 οὐνόματά
999 3194 1061 3261 σφι

81 3264 165 3341 ἐόντα
179 3271 276 3363 ὁμοία
296 3288 382 3343 τοῖσι
396 3275 525 3362 σοόμασι
541 3278 596 3343 καί
611 3280 652 3365 τῇ
666 3280 931 3363 μεγαλοπρεπείῃ
946 3281 1061 3342 πελεν-

82 3372 177 3443 τέονσι
192 3375 300 3446 πάνσα
324 3379 358 3457 ές
381 3370 488 3445 τόντδ
504 3375 657 3465 γράμμα,
686 3374 724 3443 τό
744 3375 888 3463 Δωριέες
912 3372 974 3458 μὲν
1001 3367 1064 3433 σόν

83 3476 233 3566 καλέουσι,
242 3476 357 3559 Ἴωνες
374 3477 413 3546 δέ
427 3482 538 3565 σίγμα·
573 3479 605 3556 ές
618 3480 717 3544 τοῦτο
731 3473 897 3559 διζήμενος
911 3463 1063 3551 εὑρήσεις
