2606 3930
218 170 282 241 624
595 176 846 237 HERODOTI

174 328 243 410 λθ
307 324 417 427 Ταφαλ
438 332 475 408 δὲ
497 343 566 406 τῦν
589 335 755 425 βασιλέων
777 337 814 406 έν
830 338 985 428 Γέρροισι
1002 340 1082 426 είσδ,
1133 341 1166 424 ές
1179 343 1222 414 ’τό

217 440 436 527 Βορυσθένης
446 439 514 508 ἐστὶ
524 435 750 527 προσπλωτός.
773 437 934 525 ἐνθαῦτα,
949 438 1053 507 ἐπεάν
1063 457 1125 525 σφι
1135 434 1223 506 άπο-

218 536 312 628 θάυη
328 534 347 609 6
364 536 539 628 βασιλεύς,
560 534 692 624 ὄρυγμα
712 540 773 623 γῆς
795 537 880 623 μέγα
900 532 1085 622 ὀρύσσουσι
1101 536 1222 624 τετρά-

219 660 348 725 γωνον,
375 637 507 725 έτοεμον
533 636 571 705 δέ
594 641 694 705 τοῦτο
717 633 917 722 ποιήσαντες
942 631 1222 724 ἀναλαμβάνουσι

216 731 278 805 τδν
286 731 427 824 νεκρὸν,
444 733 763 824 κατακεκηρωμένον
777 733 840 819 μέν
852 728 890 800 τδ
908 738 1020 822 σῶμα,
1035 730 1098 821 τήν
1109 734 1146 803 δὲ
1157 761 1222 821 νη-

218 830 284 904 δύν
308 831 570 922 ἀνασχισθεῖσαν
589 835 645 902 καί
664 839 913 920 καθαρθεῖσαν,
941 834 1048 918 πλέην
1068 832 1226 919 κυπέρου.

216 937 426 1024 κεκομμένου
441 939 497 1005 καί
510 934 722 1023 θυμιήματος
737 933 794 1001 καλ
808 936 943 1000 σελίνου
963 930 1150 1021 σπέρματος
1164 933 1220 999 καὶ

217 1029 364 1123 άνήσον,
379 1034 657 1126 συνερραμμένην
667 1029 790 1119 ὀπίσω,
803 1031 860 1100 καὶ
869 1034 1041 1118 κομίζουσι
1055 1032 1093 1099 έν
1107 1028 1219 1117 ἁμάξῃ

216 1135 251 1215 ές
267 1130 348 1204 ἄλλο
363 1138 473 1214 ῦθνος.
496 1140 532 1204 οθ
549 1130 581 1201 δ’
602 1128 648 1202 ἄν
666 1133 917 1223 παραδέξωνται
930 1132 1137 1218 κομισθέντα
1155 1126 1217 1197 τὸν

215 1230 356 1323 νεκρδυ,
377 1242 510 1305 ποιεῦσι
530 1232 636 1322 τάπερ
657 1238 693 1303 οί
702 1231 871 1323 βασιλήιοι
880 1232 1035 1301 Σκύθαι·
1057 1238 1119 1301 τοῦ
1133 1229 1218 1311 ύτός

216 1329 481 1423 ἆποτάμνονται,
502 1340 615 1423 τρίχας
633 1339 895 1423 περικείρονται,
918 1337 1097 1421 βραχίονας
1119 1357 1217 1422 περι-

215 1429 415 1521 τάμνονται,
435 1434 589 1521 μέτωπον
604 1435 660 1504 καὶ
679 1437 756 1520 (λίνα
776 1430 1060 1520 καταμύσσονται,
1088 1429 1144 1502 διά
1159 1439 1217 1519 τῆς

210 1532 384 1626 αριστερης
392 1529 643 1621 χειροςολστους
652 1533 892 1621 διαβυνέονται
906 1534 1066 1602 ένθεντευ
1076 1530 1219 1621 δὲκομί

210 1631 303 1720 ζουσι
316 1636 354 1703 έν
365 1660 407 1724 τη
393 1630 577 1722 ’άμάξη
541 1659 602 1702 τον
614 1632 719 1702 νέκυν
734 1660 794 1703 του
781 1634 1000 1722 ’βασιλέος
977 1661 1009 1713 ες
1023 1631 1104 1702 αλλο
1118 1639 1293 1716 ἔθνος
1292 1696 1293 1731 η

211 1730 316 1802 τῦν”
292 1752 450 1822 αρχουσι·
471 1739 507 1806 οί
521 1736 562 1806 δέ
573 1754 635 1826 σφι
649 1736 802 1825 ἕπονται,
823 1737 858 1814 ές
873 1732 953 1814 τούς
968 1728 1173 1824 πρότερον
1148 1745 1215 1824 ηλ-
1292 1734 1293 1741 '

210 1841 288 1902 θον.
311 1833 414 1905 έπεαν
425 1836 462 1906 δὲ
472 1836 600 1917 παντας
610 1831 858 1925 περιέλθωσι
823 1859 884 1904 τον
897 1836 1001 1903 νέκυν
1011 1840 1213 1923 κομίζοντες,

211 1933 250 2000 έν
268 1935 424 2023 Γέρροισι
450 1941 569 2025 ἔσχατα
591 1937 862 2025 κατοικημένοισί
885 1940 948 2004 είσι
972 1939 1041 2002 τάν
1067 1933 1212 2022 έθυέων,
1291 1992 1292 2009 .

209 2035 279 2100 τῶν
292 2029 450 2124 άρχουσι,
470 2039 528 2107 καί
547 2039 586 2108 έν
603 2044 679 2128 τῇσι
699 2042 832 2127 ταφῇσι.
863 2036 921 2104 καὶ
940 2039 1085 2124 ἔπειτεν,
1107 2031 1212 2105 έπεάν

208 2130 315 2199 θέωσι
330 2130 393 2202 τδν
401 2135 506 2206 νέκυν
520 2139 558 2206 έν
570 2145 645 2229 τῇσι
659 2138 785 2229 θήκησι
800 2137 853 2207 ἐπὶ
866 2135 1038 2225 στιβάδος,
1053 2135 1212 2227 παραπή-

209 2233 374 2310 {mel
337 2259 358 2300 α
369 2231 454 2321 χμᾶς
475 2242 588 2307 ένθεν
599 2240 655 2307 καὶ
674 2243 778 2307 ένθεν
791 2242 853 2305 τοῦ
866 2258 990 2327 νεκρου
976 2233 1121 2317 ξύλα*
1102 2261 1211 2322 οπερ

207 2336 355 2401 τείνουσι
365 2338 421 2404 καὶ
432 2340 561 2406 ἔπειτεν
571 2341 644 2429 ῥινί
653 2335 947 2426 καταστεχαζουσι
959 2336 1048 2405 ένδὲ
1057 2362 1097 2427 τη
1082 2342 1210 2428 λοιπη

209 2423 450 2522 τῦραχωρίη
410 2459 468 2521 της
483 2433 594 2524 θήκης
614 2443 684 2506 τάν
697 2438 895 2508 παλλακέων
909 2462 945 2507 τε
964 2433 1081 2524 μίαν’
1060 2443 1210 2505 αποπνί-

208 2531 323 2611 ξαντες
334 2531 506 2605 θάπτουσι
520 2534 627 2607 καὶ
591 2564 653 2607 τον
666 2538 821 2625 οἰνοχόου
834 2541 890 2607 καλ
903 2534 1065 2626 μάγειρον
1080 2538 1136 2604 καλ
1149 2540 1209 2605 ί

207 2627 360 2718 ποκάμου
373 2634 429 2703 καλ
445 2635 606 2724 διήκονον
616 2640 672 2709 καὶ
683 2634 931 2728 άνχελιηφάρον
943 2637 1027 2707 καλ”
1012 2658 1134 2716 ιππους
1149 2641 1207 2706 καλ

206 2738 275 2802 νῦν
288 2729 400 2804 ἄλλων
414 2732 579 2809 ἁπάντων
588 2736 738 2830 ἀπαρχάς
751 2741 807 2809 καὶ
821 2740 944 2828 φιάλας
957 2738 1113 2827 χρυσέας·
1142 2733 1208 2827 άρ-

205 2831 300 2924 χύρςο
311 2832 348 2904 δέ
358 2833 459 2906 οῦδὲν
472 2837 552 2910 οὐδὲ
564 2849 676 2933 χαλκῷ
685 2841 856 2931 χρέονται·
877 2846 981 2910 ταῦτα
992 2843 1030 2909 δὲ
1039 2838 1206 2929 ποιήσαν

204 2949 259 3009 τες
273 2935 369 3017 χοῦσι
383 2936 505 3019 πάντες
517 2945 612 3028 χῦμα
625 2944 727 3029 μέγα,
751 2937 984 3030 ἆμιλλεάμενοι
998 2943 1054 3011 καὶ
1069 2950 1206 3031 προθυ-
1262 2978 1278 3009 ι

161 3038 195 3106 λλ
203 3028 396 3120 μεόμενοι
374 3061 419 3116 ως
429 3036 586 3126 μέγιστον
598 3047 743 3130 ποιησαι
784 3038 958 3111 ’θνιαντοῦ
972 3041 1009 3110 δέ
1021 3064 1205 3132 περιφερο-

201 3136 308 3224 μένον
333 3129 428 3217 αὖτις
451 3145 584 3211 ποιεῦσι
612 3140 762 3213 τοιάνδε·
796 3140 956 3231 λαβόντες
979 3146 1048 3211 τοῦν
1074 3147 1204 3212 λοιπων

199 3233 431 3362 θεραπόντων
443 3237 521 3320 τούς
541 3242 820 3332 ἐπιτηδεοτάτους
844 3249 895 3335 (οἱ
914 3245 955 3313 δέ
979 3249 1043 3313 είσι
1062 3241 1203 3313 Σκύθαι

200 3334 365 3424 ἐγγενέες
388 3327 483 3409 ούτοι
500 3335 567 3433 γάρ
587 3340 629 3432 δή
649 3344 882 3434 θεραπεύσων
897 3341 979 3424 τούς
997 3339 1107 3414 εἶν’
1064 3338 1202 3423 αυτδςὸ
1289 3348 1290 3351 ’

198 3431 569 3540 βασιλιῦοκιλιύση,’
548 3444 783 3543 αρνυράνητοι
797 3439 894 3516 δθ’
854 3468 918 3516 ουκ
938 3448 1005 3522 είσί
1015 3462 1077 3537 σφι
1092 3441 1206 3541 θερά
