2588 3926
365 246 450 299 LlB.
483 245 528 299 IX.
561 243 659 301 CAP.
691 252 833 306 48—51.
1038 243 1100 305 313

12 440 14 491 γ
95 396 245 468 Ἀσωποῦ
259 399 349 469 οὕτω
363 396 404 486 δῆ
417 400 470 467 ἐπὶ
479 400 541 484 τῆν
554 398 684 485 κρήνην
698 403 867 485 ἐφοίτεον·
888 403 954 472 άπὸ
965 410 1026 474 τοῦ
1036 429 1101 472 πο-

12 524 13 533 *
98 504 205 584 ταμοῦ
218 496 357 585 γάρσφι
368 494 432 566 ούκ
443 499 521 582 ἐξῆν
530 493 624 582 ὕδωρ
639 500 823 582 φορέεσθαι
837 497 906 567 ὑπό
918 526 954 568 τε
964 508 1033 569 τῶν
1043 507 1099 572 ίπ-

98 595 493 681 πέωνκαλτοξευμάτωυ.
1077 656 1092 681 ‚

186 696 316 763 Τούτου
345 694 383 762 δέ
405 691 562 762 τοιούτου
582 696 764 779 γινομένου
791 697 825 762 οί
844 701 913 762 τῶν
930 691 1099 781 Ἑλλήνων
1108 720 1143 771 50

98 797 290 883 στρατηγοί,
310 792 368 862 άτε
382 799 444 861 τοῦ
460 819 495 860 τε
509 791 632 872 ὕδατος
645 799 861 880 στερηθείσης
875 800 933 880 τῆς
945 803 1100 884 στρατιῆς

98 895 152 961 καὶ
163 890 229 960 ὑπὸ
240 899 298 980 τῆς
308 894 415 960 ἵππου
424 893 681 979 ταρασσομένης,
689 897 939 980 συνελέχθησαν
949 896 1026 981 περὶ
1035 892 1098 963 αύ-

97 997 165 1059 τῶν
177 1015 213 1058 τε
226 990 357 1057 τούτων
367 993 423 1058 καί
433 987 555 1074 ἄλλων,
567 989 726 1069 ἐλθόντες
736 988 826 1076 παρά
837 997 1036 1079 Παυσανίην
1047 994 1098 1061 ἐπὶ

96 1085 133 1155 τὸ
146 1083 257 1167 δεξιὸν
267 1086 374 1172 κέρας.
390 1085 475 1154 άλλα
486 1085 550 1173 γάρ
561 1086 691 1154 τούτων
702 1086 865 1154 τοιούτων
876 1086 1002 1157 ἐόντων
1012 1094 1098 1174 μάλ-

98 1184 158 1255 λύν
172 1205 276 1271 σφεας
290 1185 425 1253 ἐλύπεε·
448 1181 601 1271 οὔτεγὰρ
612 1190 700 1252 σιτία
712 1181 801 1270 εἶχον
811 1186 876 1271 ἐτι,
892 1188 928 1253 οἵ
938 1188 977 1255 τέ
983 1205 1098 1273 σφεων

99 1285 233 1365 ύπέονες
247 1283 524 1374 ἀποπεμφθέντες
539 1288 572 1365 ές
581 1284 844 1372 Πελοπόννησον
859 1283 904 1365 ὡς
919 1285 1099 1355 ἐπισιτιεύ-

97 1410 192 1455 νενοι
204 1381 426 1453 άποκεκλέατο
442 1381 508 1451 ὑπὸ
522 1390 580 1470 τῆς
593 1385 711 1469 ἵππου,
727 1378 768 1451 ού
783 1382 967 1468 δυνάμενοι
980 1379 1098 1450 άπικέ-

97 1493 178 1553 σθαι
193 1486 227 1563 ἐς
239 1481 276 1552 τὸ
292 1482 525 1571 στρατόπεδον.
545 1481 826 1568 Βουλευομένοισι
846 1480 883 1547 δέ
896 1493 982 1549 τοῖσι
995 1499 1097 1566 στραη
1106 1501 1137 1556 51

95 1597 224 1669 τηγοίσι
240 1586 348 1670 ἐδοξε,
371 1578 415 1671 ῆν
429 1579 686 1671 ὑπερβάλωνται
701 1583 833 1669 έκείυην
845 1579 908 1668 τῆν
923 1577 1050 1670 ἡμέρην
1064 1585 1098 1649 οί

95 1686 222 1770 Πέρσαι
236 1681 410 1772 συμβολῆν
422 1680 468 1771 μῆ
483 1683 696 1769 ποιεύμενοι,
711 1684 744 1760 ἐς
756 1679 818 1769 τῆν
835 1689 941 1771 νῆσον
957 1685 1052 1753 ίέναι.
1073 1680 1095 1770 ῆ

96 1785 135 1852 δέ
149 1785 217 1851 ἐστι
232 1780 297 1850 άπὸ
313 1789 374 1850 τοῦ
386 1781 536 1850 ’Λσωπού
546 1786 602 1850 καί
615 1788 673 1868 τῆς
683 1779 810 1868 κρῆνης
822 1786 881 1868 τῆς
890 1789 1096 1871 Γαργαφίης,

8 1892 11 1945 .³
96 1876 147 1948 ἐπ’
164 1871 186 1969 ῆ
201 1880 521 1963 ἐστρατοπεδεύοντο
538 1878 630 1966 τότε,
653 1882 732 1947 δέκα
747 1882 903 1959 σταδίους
916 1878 1094 1979 ἀπέχουσα,

8 1976 10 2033 Ῑ
96 1977 159 2066 πρὸ
171 1981 429 2064 τῆςΠλαταιέων
439 1979 563 2058 πόλιος.
580 1985 682 2067 νῆσος
692 1979 729 2047 δέ
740 1976 830 2047 οὕτω
840 1975 884 2047 άν
895 1976 1099 2067 είηένῆπεί-

95 2103 158 2167 ρῳ·
186 2075 376 2163 σχιζόμενος
393 2075 411 2145 ὁ
433 2075 581 2164 ποταμὸς
589 2076 734 2147 ,ἄνωθεν
752 2081 790 2146 ἐκ
808 2084 869 2146 τοῦ
883 2084 1098 2167 Κιθαιρῶνος

94 2179 161 2265 ῥέει
179 2174 268 2244 κάτω
284 2179 317 2254 ές
331 2172 368 2243 τὸ
386 2180 519 2263 πεδίον,
541 2178 659 2263 διέχων
674 2172 734 2243 ἀπ’
749 2173 904 2263 άλλῆλων
919 2173 959 2244 τά
974 2179 1099 2265 ῥέεθρα

94 2271 177 2342 ὅσον
192 2296 255 2359 περ
269 2279 344 2359 τρία
357 2274 494 2362 στάδια,
516 2277 572 2342 καὶ
587 2280 716 2343 ἔπειτεν
729 2280 907 2361 συμμίσγει
927 2275 961 2352 ἐς
972 2270 1097 2341 τύυτύ·

93 2369 224 2460 οὕνομα
237 2373 277 2440 δέ
288 2376 324 2442 οί
332 2370 462 2468 Ὠερόη.
483 2376 657 2460 θυγατέρα
672 2374 708 2441 δὲ
722 2372 848 2458 ταύτην
861 2374 996 2458 λέγουσι
1013 2368 1098 2438 εἶναι

90 2467 241 2538 Ἀσωποῦ
256 2476 290 2540 οί
301 2471 483 2558 ἐπιχάριοι.
508 2473 541 2550 ές
554 2478 676 2539 τοῦτον
691 2469 732 2558 δὴ
746 2469 807 2539 τὸν
816 2476 928 2557 χῶρον
938 2469 1099 2559 ἐβουλεύ-

93 2587 194 2636 σαντο
205 2576 460 2656 μεταναστῆναι,
477 2573 534 2637 ἵνα
544 2573 600 2637 καί
610 2567 709 2637 ὕδατι
719 2574 816 2654 ἔχωσι
826 2574 973 2653 χρᾶσθαι
983 2564 1090 2654 άφθά4

92 2691 158 2757 νφ,
173 2666 273 2734 καλοί
283 2669 398 2745 ίππέες
413 2668 518 2752 σφέας
528 2662 573 2752 μῆ
585 2672 745 2749 σινοίατο,
761 2662 873 2750 ὥσπερ
885 2664 1008 2733 κατιθὺ
1021 2665 1097 2732 έόν-

8 2770 9 2853 J
92 2788 169 2830 των.
190 2766 447 2848 μετακινέεσθαί
459 2789 496 2831 τε
511 2765 625 2832 ἐδόκεε
639 2762 731 2849 τότε,
752 2759 856 2831 ἐπεάν
868 2768 927 2849 τῆς
941 2760 1061 2841 νυκτὸς
1075 2754 1097 2850 ᾖ

8 2878 9 2909 ³
92 2863 230 2946 δευτέρη
245 2856 397 2947 φυλακῆ,
418 2858 464 2940 ὥς
480 2857 525 2929 άν
540 2860 586 2948 μῆ
606 2866 732 2930 ίδοίατο
754 2863 789 2929 οί
802 2862 928 2945 Πέρσαι
942 2863 1091 2947 έξορμεο·

92 2958 215 3045 μένους
227 2962 287 3024 καί
299 2977 405 3043 σφεας
418 2960 576 3046 ἑπόμενοι
591 2962 790 3048 ταράσσοιεν
804 2962 838 3027 οί
850 2958 994 3028 ἱππόται.
1018 2957 1098 3027 άπι-

91 3058 244 3141 κομένων
260 3055 298 3122 δέ
312 3057 346 3133 ἐς
359 3053 420 3124 τὸν
433 3063 545 3145 χωρον
559 3065 696 3146 τούτου,
711 3056 772 3127 τὸν
786 3056 827 3145 δῆ
838 3055 859 3145 ῆ
871 3055 1009 3136 Ἀσωπὶς
1021 3053 1097 3123 Ὠε-

92 3153 155 3241 ρύη
176 3158 391 3238 περισχίζεται
410 3158 534 3243 ρέουσα
553 3160 590 3226 ἐκ
609 3165 670 3225 τοῦ
690 3163 923 3243 Κιθαιρῶνος,
948 3153 1014 3224 ὑπὸ
1034 3152 1096 3241 τῆν

91 3251 198 3321 νύκτα
207 3249 454 3338 ταύτηυέδάκεε
464 3252 687 3343 τοάςῆμίσεας
697 3251 913 3324 ἀποστέλλειν
922 3260 983 3322 τού
993 3273 1096 3337 στραυ

91 3352 233 3420 τοπέδου
244 3348 328 3435 πρὸς
338 3347 399 3418 τὸν
412 3359 622 3440 Κιθαιρῶνα,
638 3350 684 3431 ὡς
693 3349 896 3441 ἀναλάβοιεν
907 3348 986 3428 τούς
995 3345 1094 3417 ύπέο-

90 3472 151 3526 νας
170 3446 247 3526 τούς
266 3447 319 3516 ἐπί
333 3446 373 3516 τά
395 3456 482 3518 σιτία
497 3452 708 3538 οίηομένους·
737 3443 825 3538 ῆσαν
839 3447 905 3535 γάρ
920 3450 957 3516 ἐν
969 3452 1015 3535 τῷ
1029 3450 1095 3512 Κι-
