2622 3928
203 252 246 314 40
584 251 838 308 HERODOTI

205 411 290 499 πρὸς
301 410 341 480 τά
359 407 549 497 ἀγάλματα,
567 406 609 478 οὐ
621 411 833 495 δυναμένους
845 408 881 476 δὲ
896 403 1089 475 άνασπάσαι
1101 409 1137 475 έκ
1148 413 1218 476 τῶν

207 512 351 600 βάθρων
371 507 456 577 αὐτὰ
478 507 567 577 οὕτω
585 504 626 593 δὴ
642 509 929 596 περιβαλομένους
944 512 1074 592 σχοινία
1095 508 1219 591 ἕλκειν,

208 611 241 688 ές
260 605 281 675 δ
300 606 463 693 ἑλκόμενα
482 603 523 673 τά
545 602 719 692 ἀγάλματα
740 603 915 691 ἀμφότερα
936 600 1045 672 τώυτὸ
1068 610 1219 690 ποιῆσαι,

208 710 279 796 ἐμοὶ
291 708 353 794 μὲν
363 703 405 774 οὐ
415 701 515 773 πιστά
527 705 690 790 λέγοντες,
702 701 792 795 άλληι
803 705 842 772 δέ
850 727 930 793 τεῳ·
946 704 980 781 ές
990 700 1140 789 γούνατα
1150 702 1218 789 γάρ

209 830 271 893 σφι
285 801 370 873 αὐτὰ
386 817 517 888 πεσεῖν,
535 805 590 870 καί
604 800 664 870 τδν
680 799 745 870 ἀπὸ
757 801 882 870 τούτου
894 799 1021 888 χρόνον
1035 802 1220 870 διατελέειν

211 905 299 976 οὕτω
315 910 440 991 ἔχοντα.
478 900 679 988 Ἀθηναίους
691 901 754 988 μέν
769 898 810 989 δὴ
827 907 932 968 ταῦτα
948 901 1091 986 ποιέειν,
1111 902 1218 986 σφέας

210 1006 246 1073 δὲ
263 1008 441 1090 Αἰγινῆται
461 1005 597 1087 λέγουσι
618 1004 837 1088 πυθομένους
856 998 935 1079 τοδς
949 998 1150 1087 Ἀθηναίους
1172 997 1218 1079 ὡς

210 1108 363 1193 μέλλοιεν
384 1103 437 1169 ἐπὶ
461 1103 565 1187 σφέας
586 1099 845 1188 στρατεύεσθαι,
873 1099 1024 1185 ἑτοίμους
1047 1097 1218 1188 Ἀργείους

209 1201 394 1268 ποιέεσθαι.
414 1198 494 1277 τούς
502 1223 538 1265 τε
549 1195 589 1283 δὴ
601 1195 801 1284 Ἀθηναίους
816 1193 1024 1284 ἀποβεβάναι
1038 1200 1071 1278 ές
1085 1197 1217 1285 τὴνΑί-

209 1304 361 1386 γιναίην,
386 1298 442 1365 καὶ
460 1309 615 1383 παρεῖναι
633 1294 841 1383 βοηθέοντας
858 1314 919 1381 σφι
941 1293 1020 1374 τοδς
1035 1293 1216 1388 Ἀργείους,

209 1399 263 1465 καὶ
279 1403 399 1465 λαθείν
415 1420 451 1462 τε
464 1397 497 1475 ἐξ
508 1391 711 1480 Ἐπιδαύρου
724 1393 904 1479 διαβάντας
919 1395 952 1473 ές
965 1389 1028 1480 τὴν
1042 1401 1148 1482 νῆσον
1160 1395 1213 1465 καί

209 1495 251 1563 οὐ
265 1493 494 1581 προακηκοόσι
504 1507 591 1562 τοῖσι
600 1491 810 1580 Ἀθηναίοισι
824 1496 992 1562 ἐπιπεσεῖν
1003 1490 1215 1579 ὑποταμομέ-

209 1617 292 1669 νους
306 1587 343 1658 τδ
359 1586 425 1657 άπὸ
440 1595 509 1656 τῶν
523 1594 627 1675 νεῶν,
643 1586 712 1675 άμα
722 1616 758 1658 τε
769 1593 807 1659 έν
819 1591 927 1682 τούτῳ
941 1589 1003 1679 τὴν
1017 1591 1165 1680 βροντήν
1180 1617 1216 1658 τε

166 1713 201 1769 87
210 1692 369 1778 γενέσθαι
385 1689 440 1755 καὶ
454 1685 515 1755 τδν
528 1684 667 1773 σεισμὸν
684 1686 822 1758 αὐτοῖσι.
846 1692 985 1776 Λέγεται
998 1694 1060 1777 μέν
1075 1715 1140 1758 νυν
1151 1685 1210 1757 ὑπ’

206 1788 365 1875 Ἀργείων
373 1812 409 1855 τε
420 1788 476 1854 καὶ
486 1789 693 1874 Αἰγινητέων
704 1787 795 1874 τάδε,
807 1785 1019 1874 ὁμολογέεται
1034 1790 1070 1857 δὲ
1083 1790 1140 1857 καὶ
1153 1785 1213 1856 ὑπ’
1293 1804 1294 1861 J

206 1885 397 1974 Ἀθηναίων
417 1886 477 1954 ένα
497 1892 627 1972 μοῦνον
647 1883 708 1955 τόν
728 1883 949 1954 ἀποσωθέντα
968 1885 1081 1956 αὐτῶν
1103 1889 1136 1966 ές
1151 1884 1214 1972 τὴν
1293 1898 1294 1901 ’

206 1983 358 2072 Ἀττικὴν
371 1988 546 2071 γενέσθαι·
567 1982 656 2073 πλὴν
666 1982 808 2072 Ἀργεῑοι
821 1984 882 2070 μὲν
898 1986 1033 2072 λέγουσι
1048 1982 1160 2053 αὐτῶν
1176 1982 1214 2052 τδ

207 2083 356 2153 Ἀττικόν
378 2083 604 2172 στρατόπεδον
629 2084 903 2172 διαφθειράντων
928 2082 989 2152 τδν
1012 2086 1072 2152 ἕνα
1093 2091 1216 2152 τοῦτον

210 2186 458 2269 περιγενέσθαι,
468 2179 641 2268 Ἀθηναῖοι
654 2184 690 2250 δὲ
700 2189 760 2251 τοῦ
772 2186 964 2269 δαιμονίου·
977 2185 1216 2270 περιγενέσθαι

211 2283 325 2367 μέντοι
336 2278 415 2346 οὐδὲ
427 2286 549 2347 τοῦτον
562 2276 622 2346 τδν
636 2282 713 2365 ἕνα,
731 2275 805 2347 ἀλλ’
819 2276 1005 2348 άπολέσθαι
1015 2281 1128 2371 τρόπω
1143 2307 1215 2350 τοι·

212 2380 292 2465 ῷδε·
314 2377 487 2461 κομισθείς
497 2372 562 2462 γάρ
577 2379 610 2456 ἐς
621 2374 680 2456 τάς
691 2374 836 2463 Ἀθήνας
847 2375 1073 2466 άπήγγειλετδ
1084 2381 1214 2463 πάθος·

210 2475 407 2558 πυθομένας
421 2473 457 2541 δέ
467 2470 526 2553 τάς
536 2489 697 2561 γυναῖκας
707 2482 775 2543 τῶν
787 2474 839 2544 ἐπ’
853 2486 998 2564 Αίγιναν
1009 2497 1215 2568 στρατευσα·

210 2575 323 2659 μένων
336 2568 489 2659 ἀνδρῶν,
510 2575 624 2645 δεινόν
642 2603 675 2645 τι
695 2583 919 2665 ποιησαμένας
939 2582 1070 2650 ἐκείνου
1082 2591 1215 2670 μοῦνον

210 2673 243 2752 ἐξ
258 2666 418 2738 ἁπάντων
432 2678 602 2759 σωθῆναι,
622 2676 716 2758 πέριξ
735 2672 796 2741 τδν
812 2671 998 2762 άνθρωπον
1016 2684 1138 2747 τοῦτον
1152 2690 1213 2750 λα-

209 2774 335 2860 βούσας
350 2774 405 2842 καὶ
419 2774 599 2855 κεντεύσας
613 2782 688 2865 τῇσι
703 2775 865 2864 περόνησι
878 2783 947 2846 τάν
962 2782 1102 2865 ίματίων
1115 2787 1213 2868 είρω-

208 2877 272 2938 τᾶν
286 2874 428 2957 ἑκάστην
441 2868 587 2958 αὐτέων,
599 2871 662 2962 ὅκη
674 2882 724 2960 είη
737 2870 755 2941 ὁ
768 2875 893 2961 ἑωυτῆς
903 2871 1000 2962 άνήρ.
1022 2878 1078 2945 καὶ
1090 2884 1212 2946 τοῦτον

209 2971 272 3055 μὲν
287 2966 375 3036 οὕτω
391 2973 638 3057 διαφθαρῆναι,
657 2968 865 3058 Ἀθηναίοισι
881 2971 918 3041 δὲ
939 2979 986 3042 έτι
1005 2980 1068 3041 τοῦ
1083 2975 1213 3055 πάθεος

209 3067 402 3154 δεινότερόν
416 3094 447 3135 τι
462 3068 556 3149 δόξαι
571 3066 655 3137 εἶναι
668 3067 706 3139 τὸ
717 3076 969 3157 τάνγνναικῶν
984 3077 1093 3158 ἔργον.
1121 3070 1213 3165 ἄλλῳ
1289 3066 1290 3073 ¹

208 3167 271 3254 μέν
287 3162 327 3252 δὴ
344 3162 407 3233 οὐκ
422 3170 508 3250 ἔχειν
523 3163 605 3255 δτεμ
620 3168 808 3254 ζημιώσωσι
826 3166 885 3247 τάς
901 3182 1080 3256 γυναῖκας,
1097 3168 1160 3257 τὴν
1175 3175 1214 3241 δὲ

208 3267 335 3351 ἐσθῆτα
350 3266 532 3349 μετέβαλον
546 3261 676 3333 αὐτέων
693 3269 726 3346 ἐς
739 3263 802 3353 την
811 3265 915 3339 Ἰάδα·
934 3268 1078 3356 ἐφόρεον
1090 3267 1154 3357 γάρ
1170 3269 1211 3357 δη

208 3359 272 3449 πρδ
289 3368 350 3428 τοῦ
366 3365 403 3429 αί
416 3367 484 3428 τῶν
495 3359 685 3449 Ἀθηναίων
699 3381 856 3452 γυναῖκες
870 3369 995 3452 ἐσθῆτα
1005 3372 1156 3455 Δωρίδα,
1171 3377 1212 3458 τῇ

211 3466 377 3546 Κορινθίῃ
396 3462 736 3549 παραπλησιωτάτην·
761 3466 943 3551 μετέβαλον
965 3457 1014 3531 άν
1030 3466 1062 3542 ές
1079 3462 1139 3533 τδν
1162 3475 1210 3536 λί-
