2536 3934
320 272 409 329 LIB.
440 270 462 326 ι.
495 270 593 327 οΑε.
626 271 801 329 εει-σεε.
1022 261 1064 330 87

71 428 117 519 ιήν
128 426 310 519 στρατιήν,
327 432 363 497 οί
373 427 540 506 Φωκαιέες
554 423 711 514 ἐντούτῳ
724 421 1064 506 κατασπάσαντεςτάς

67 525 554 616 τενεηκοντέρονς,’έσδέμενοι
565 525 666 592 τέκνα
676 524 731 590 καὶ
745 538 905 608 γυναῖκας
921 526 977 593 καλ
991 528 1064 592 ἔπι-

65 637 122 698 πλα
142 627 273 714 πάντα,
296 623 381 713 πρός
398 627 434 694 δὲ
453 629 509 694 καί
529 622 569 693 τά
590 621 763 710 ἀγάλματα
777 620 818 690 τά
836 625 872 692 έκ
891 629 958 691 τῶν
981 628 1064 710 ίρῶν

65 723 172 795 καὶτὰ
193 723 282 794 ἀλλα
298 722 516 811 ἀναθήματα,
536 724 636 810 χωρὶς
659 719 726 789 ὅτι
746 714 905 807 χαλκόςή
925 724 1022 799 λίθος
1041 713 1063 806 ή

64 822 170 914 γραφή
184 816 249 912 ἦν,
264 820 305 891 τά
323 823 359 891 δέ
375 821 459 892 ἀλλα
472 822 583 890 πάντα
597 823 751 899 ἐσθέντες
765 822 820 889 καί
833 815 928 887 αὐτοὶ
943 817 1065 906 έσβάν-

63 950 111 1003 τες
124 929 259 992 ἔπλωον
273 923 327 990 ἐπὶ
337 927 442 990 Χίον·
462 918 525 1008 τήν
535 919 572 988 δὲ
583 918 744 987 Φύκαιαν
759 920 990 1007 έρημωδεῐσαν
1003 912 1066 985 ἀν-

64 1026 150 1107 δρῶν
163 1025 264 1106 έσχον
275 1022 310 1087 οί
317 1023 453 1107 Πέρσαι.
489 1023 533 1086 Οί
545 1016 581 1085 δὲ
595 1019 779 1104 Φωκαιέες,
795 1019 868 1087 έπεί
874 1018 913 1086 τέ
920 1036 981 1103 σφι
990 1022 1067 1088 Χῖοι
1083 1034 1132 1092 163

63 1118 118 1199 κάς
139 1117 267 1206 νήσους
288 1114 347 1198 τάς
364 1117 552 1196 Οἰνούσσας
576 1120 778 1203 καλεομένας
799 1113 862 1187 οὐκ
884 1115 1064 1206 ἐβούλοντο

14 1210 16 1297 Ξ
66 1217 283 1306 ὠνεομένοισι
297 1219 440 1287 πωλέειν
454 1222 697 1304 δειμαίνοντες,
713 1214 757 1305 μή
776 1222 813 1287 αί
826 1215 888 1304 μέν
903 1217 1064 1306 ἐμπόριον

14 1350 16 1379 ι
64 1311 269 1404 φένωνται,ή
285 1315 321 1383 δὲ
332 1312 445 1383 αὐτῶν
456 1323 557 1403 νῆσος
568 1312 779 1404 ἀποκληισθῇ
789 1315 912 1384 τούτου
925 1319 1064 1401 εἵνεκεν,

64 1412 143 1501 πρός
162 1420 270 1483 ταῦτα
285 1418 320 1482 οί
332 1418 499 1495 Φωκαιέες
514 1416 705 1483 ἐστέλλοντο
723 1416 756 1493 ές
769 1414 917 1504 Κύρνον.
946 1415 983 1483 έν
998 1410 1064 1501 γὰρ

63 1513 238 1603 τήΚύρνφ
254 1521 358 1581 είκοσι
374 1518 460 1582 ἔτεσι
476 1512 643 1601 πρότερον
657 1513 788 1582 τούτων
803 1516 839 1583 έκ
852 1520 1063 1603 θεοπροπίου

64 1608 286 1700 ἀνεστήσαντο
304 1612 421 1700 πόλιν,
436 1619 477 1702 τῇ
492 1610 622 1698 ούνομα
637 1604 683 1700 ήν
695 1610 835 1700 Ἀλαλίη.
868 1611 1065 1703 Ἁρμανδύ·

62 1737 128 1792 νιος
138 1711 178 1780 δὲ
188 1719 373 1798 τηνικαῦτα
391 1710 451 1801 ήδη
466 1712 718 1799 ἐτετελευτήκεε.
741 1713 952 1802 στελλόμενοι
963 1717 1000 1783 δὲ
1011 1715 1064 1783 έκλ

61 1809 116 1899 τήν
136 1810 284 1897 Κύρνον
306 1819 421 1901 πρῶτα
443 1813 718 1891 καταπλώσαντες
742 1814 775 1892 ές
805 1811 867 1902 τήν
892 1813 1063 1901 Φύκαιαυ,

60 1907 315 1997 κατεφόνευσαν
328 1917 397 1979 τύν
409 1914 569 2000 Περσέων
588 1907 652 1998 τήν
669 1908 841 1999 φυλακήν,
861 1909 885 2000 ή
901 1912 1064 2000 ἐφρούρεε

60 2012 313 2098 παραδεξαμένη
333 2009 424 2099 παρά
442 2009 614 2099 Ἀρπάηον
628 2006 692 2096 τήν
706 2009 824 2097 πόλιν,
845 2009 926 2098 μετά
943 2011 997 2100 δὲ,
1020 2008 1064 2090 ὡς

60 2108 155 2177 τοῦτό
179 2127 245 2194 σφι
267 2110 458 2197 ἐξέργαστο,
481 2110 679 2196 ἐποιήσαντο
697 2104 834 2194 ίσχνράς
855 2108 999 2195 κατάρας
1018 2115 1064 2198 τῷ

59 2204 315 2299 ἀπολειπομένῳ
329 2211 463 2277 ἑωυτῶν
477 2215 539 2277 τοῦ
552 2208 684 2277 στόλον.
707 2204 791 2294 πρὸς
808 2205 845 2274 δδ
859 2207 996 2296 ταύτησι
1010 2209 1065 2275 καὶ

58 2305 190 2393 μύδρον
210 2305 371 2393 σιδήρεον
392 2307 667 2393 κατεπόντωσαν,
689 2308 744 2374 καλ
763 2303 898 2393 ὤμοσαν
919 2302 963 2393 μή
984 2306 1064 2390 πρὶν

58 2404 87 2481 ές
98 2406 261 2475 Φώκαιαν
268 2405 368 2493 ἥξειν,
383 2400 564 2493 πρλνήτόν
571 2405 702 2495 μύδρον
711 2411 830 2474 τοῦτον
840 2402 1061 2491 ἀναφανῆναι.

58 2503 291 2587 στελλομένων
311 2499 348 2570 δέ
367 2498 480 2570 αὐτῶν
501 2503 554 2571 ἐπὶ
578 2499 641 2589 τήν
660 2500 800 2588 Κύρνον
820 2497 904 2587 ὑπὲρ
929 2497 1063 2587 ἡμίσεας

56 2608 120 2668 τόν
130 2599 250 2670 ἀστῶν
262 2605 360 2689 ἔλαβε
373 2602 483 2682 πόθος
492 2629 528 2671 τε
539 2607 594 2671 καλ
608 2600 716 2681 οίκτος
728 2607 786 2688 τῆς
800 2599 915 2680 πόλιος
925 2601 980 2668 καλ
993 2606 1063 2668 τοῖν

56 2696 168 2787 ήδέων
188 2708 250 2789 τῆς
269 2702 395 2791 χόρης,
416 2703 613 2791 ψευδόρκιοι
634 2702 671 2771 δέ
690 2701 867 2788 γενόμενοι
886 2699 1063 2770 ἀπέπλωον

57 2795 160 2869 όιιίσω
179 2803 215 2880 ές
227 2797 292 2888 τήν
306 2800 475 2871 Φωκαιαν.
500 2809 535 2871 οἳ
546 2802 583 2871 δὲ
598 2801 711 2871 αὐτῶν
725 2800 763 2871 τό
781 2799 899 2890 ὅρκιον
915 2800 1063 2888 ἐφύλασ-

56 2916 130 2985 σον,
147 2897 332 2985 ἀερθέντες
347 2902 384 2967 έκ
398 2907 466 2967 τῶν
479 2904 693 2970 Οἰνουσσέων
705 2904 844 2969 ἔπλωον.
877 2896 1001 2969 Ἐπείτε
1026 2899 1062 2970 δὲ
1080 2913 1130 2969 166

55 2996 85 3073 ές
99 2994 166 3083 τήν
182 2996 325 3082 Κύρνον
338 2994 516 3085 ἀπίκοντο,
540 3007 652 3067 οίκεον
671 3005 770 3089 κοινή
790 2995 872 3086 μετά
891 3005 959 3067 τῶν
976 2996 1064 3086 πρό-

53 3116 151 3178 τερον
167 3090 385 3181 ἀπικομένων
400 3093 453 3163 ἐπ’
470 3100 544 3164 έτεα
558 3100 673 3184 πέντε,
688 3099 743 3166 καὶ
760 3095 816 3185 ίρά
832 3096 1060 3184 ἐνιδρύσαντο.

53 3192 106 3259 καλ
121 3185 214 3279 ήγον
229 3189 297 3279 γάρ
318 3190 359 3279 δή
380 3196 435 3262 καλ
455 3200 578 3282 ἔφερον
591 3193 671 3274 τούς
691 3203 883 3284 περιοίκους
901 3194 1060 3282 ἅπαντας,

55 3288 297 3374 στρατεύονται
322 3283 371 3358 τόν
395 3288 448 3359 ἀπ’
475 3290 600 3372 αύτούς
619 3302 722 3387 κοινῷ
749 3294 838 3385 λόγῳ
860 3293 1062 3380 χρησάμενοι

58 3390 229 3473 Τυρσηνοί
243 3389 301 3456 καλ
314 3389 539 3478 Καρχηδόνιοι
554 3394 654 3478 νηυσὶ
672 3392 819 3479 ε’κάτεροι
835 3391 1001 3477 ἑξήκοντα.
1031 3388 1064 3451 οί

56 3482 91 3551 δλ
110 3485 286 3566 Φωκαιέες
309 3489 544 3579 πληρώσαντες
566 3491 622 3559 καὶ
643 3486 739 3557 αὐτοὶ
760 3485 800 3554 τά
823 3493 939 3563 πλοῖα,
967 3477 1063 3544 ἐόντα
