2606 3920
214 214 278 278 252
593 222 844 282 HERODOTI

215 385 307 447 πτιοί
324 405 360 448 τε
380 381 435 447 καὶ
455 379 604 467 Κύπριοι
625 383 680 448 καὶ
701 387 835 461 Κίλικες
856 384 911 451 καὶ
930 385 1133 472 Πάμφυλοι,
1159 391 1238 453 τῶν·

167 495 202 548 69
218 475 340 565 ὄφελός
359 482 427 547 ἐστι
444 472 583 548 οὐδένᾶ
593 485 705 548 Ταῦτα
726 482 888 569 λεγούσης
907 481 991 570 πρός
1008 486 1234 574 Μαρδόνιον,
1271 544 1276 553 .

215 574 289 644 ὅσοι
300 577 366 662 μὲν
380 568 468 665 ἦσαν
483 576 598 645 εὔνοοι
611 585 651 667 τῇ
662 575 859 669 Ἀρτεμισίη,
874 581 1054 671 συμφορήν
1065 586 1231 652 ἐποιεῦν·
1279 668 1280 671 ¹

215 706 251 748 το
267 678 346 758 τούς
362 679 484 766 λόγους
505 677 550 759 ὡς
566 680 678 747 κακόν.
686 706 718 747 τι
739 682 937 769 πεισομένης
954 681 1038 770 πρὸς
1057 687 1230 772 βασιλέος,
1279 674 1280 699 ³

215 774 266 844 ὅτι
280 773 344 844 οὐκ
362 778 400 868 ἐᾷ
413 783 602 865 ναυμαχίην
612 780 803 864 ποιέεσθαι,
822 782 857 847 οί
866 781 902 847 δὲ
913 777 1113 868 ἀγαιόμενοί
1119 808 1160 850 τε
1172 782 1228 850 καί
1279 794 1280 799 ’

215 876 422 960 φθονέοντες
433 874 533 965 αὐτῇ,
549 874 607 943 ἀτε
619 879 656 944 ἐν
666 877 827 964 πρότοισι
838 881 1054 966 τετιμημένης
1065 877 1122 947 διά
1133 880 1230 947 πάν-

215 998 283 1040 των
297 980 365 1040 τῶν
380 973 581 1061 συμμάχων,
598 978 773 1061 ἐτέρποντο
785 982 825 1064 τῇ
839 982 927 1061 κρίσι
939 975 984 1056 ὡς
995 975 1231 1067 ἀπολεομένης

215 1068 334 1157 αύτήςί
348 1074 417 1141 ἐπεὶ
427 1075 465 1141 δὲ
476 1068 725 1160 ἀνηνείχθησαν
736 1078 773 1140 αί
781 1080 911 1159 γνῶμαι
922 1077 955 1153 ἐς
965 1078 1097 1163 Ξέρξεα,
1114 1076 1227 1163 κάρτμ

213 1197 249 1240 τε
264 1168 357 1259 ήσθη
372 1179 412 1260 τῇ
424 1173 541 1261 γνύμη
555 1179 612 1260 τῆς
623 1170 836 1261 Ἀρτεμισίης,
852 1176 907 1243 καί
918 1180 1062 1262 νομίζων
1075 1180 1123 1243 ἐτι
1135 1176 1227 1262 πρό-

140 1294 146 1313 *
214 1295 314 1354 τερον
329 1266 517 1357 σπουδαίην
535 1269 620 1338 εἶναι
636 1270 710 1338 τότε
725 1276 838 1361 πολλῷ
853 1277 982 1356 μᾶλλον
1001 1281 1100 1340 αίυεε.
1131 1271 1227 1358 ὅμως

192 1390 194 1393 ·
214 1368 250 1436 δὲ
261 1383 346 1438 τοῖσι
361 1373 476 1438 πλέοσι
491 1377 671 1438 πείθεσθαι
682 1371 823 1456 ἐκέλευε,
838 1371 917 1438 τόδε
928 1373 1120 1459 καταδόξας,
1136 1371 1221 1459 πρὸς

135 1538 140 1546 ,
213 1472 275 1556 μὲν
286 1468 413 1558 Εὐβοίῃ
425 1471 529 1555 σφέας
543 1472 775 1538 ἐθελοκακέειν
787 1467 832 1548 ὡς
849 1467 891 1537 ού
905 1471 1088 1556 παρεόντος
1099 1470 1221 1560 αὐτοῦ,

213 1567 286 1636 τότε
302 1570 338 1636 δέ
352 1566 453 1647 αάτός
468 1568 716 1655 παρεσκεύαστο
728 1568 925 1655 θηήσασθαι
939 1573 1199 1657 ναυμαχέοντας.

165 1673 199 1730 70
295 1663 425 1752 Ἐπειδή
435 1667 473 1733 δέ
482 1663 925 1754 παρήγγελλονάναπλύειν,
934 1664 1061 1754 ἀνήγου
1072 1666 1130 1747 τάς
1141 1673 1220 1746 νέας

213 1766 265 1835 ἐπὶ
277 1762 341 1852 τήν
351 1765 544 1853 Σαλαμῖνα,
559 1768 614 1833 καί
624 1772 878 1852 παρεκρίθησαν
895 1769 1127 1851 διαταχθέντες
1142 1764 1218 1835 κατ’
1279 1760 1280 1823 Ῑ

212 1863 363 1953 ἡσυχίην,
384 1863 460 1933 τότε
469 1865 532 1951 μέν
545 1890 612 1931 νυν
627 1861 690 1932 ούκ
701 1866 854 1951 ἐξέχρησέ
862 1883 923 1950 σφι
933 1861 954 1951 ἡ
965 1862 1072 1952 ἡμέρη
1086 1891 1219 1950 ναυμα-

213 1968 288 2049 χίην
305 1962 527 2048 ποιήσασθαι,
543 1959 605 2042 νύξ
620 1958 685 2048 γάρ
703 1963 892 2048 ἐπεγένετο,
911 1967 945 2029 οί
957 1966 992 2031 δὲ
1007 1961 1218 2046 παρεσκευά-

213 2068 307 2143 ζοντο
323 2062 356 2137 ε’ς
367 2058 429 2147 τήν
440 2058 629 2146 ὑστεραίην.
649 2058 729 2138 τούς
740 2057 943 2145 δὲ”Ελληυας
956 2058 1020 2146 εἶχε
1033 2065 1106 2138 δέος
1117 2086 1152 2126 τε
1163 2062 1217 2126 καλ
1279 2116 1280 2157 3

183 2221 186 2227 .
213 2155 372 2243 ἀρρωδίη,
388 2155 451 2225 ούκ
465 2157 582 2244 ἥκιστα
595 2156 630 2226 δὲ
641 2154 720 2236 τούς
732 2155 797 2227 ἀπό
808 2157 1080 2245 Πελοποννήσου.
1105 2154 1218 2242 ἀρρύ-

214 2260 292 2323 δεον
308 2254 361 2341 δέ,
377 2252 428 2323 ότι
443 2253 538 2323 αὐτοὶ
553 2257 615 2342 μέν
629 2258 666 2322 ἐν
681 2265 849 2343 Σαλαμῖνι
864 2256 1041 2343 κατήμενοι
1056 2253 1142 2342 ὑπὲρ
1157 2260 1217 2341 γής

212 2360 269 2440 της
285 2350 476 2438 Ἀθηναίων
495 2354 696 2439 ναυμαχέειν
716 2358 885 2440 μέλλοιεν,
908 2357 1103 2440 νικηθέντες
1123 2378 1159 2421 τε
1180 2353 1217 2419 έν

212 2449 304 2541 νήσφ
315 2448 593 2536 ἀπολαμφθέντες
603 2453 893 2540 πολιορκήσονται,
909 2451 1047 2531 ἀπέντες
1057 2448 1119 2538 τήν
1131 2453 1216 2520 έωυ-

163 2560 193 2616 71
213 2557 280 2618 τῶν
291 2545 497 2637 ἀφύλακτον.
512 2557 589 2618 Τῶν
600 2555 636 2619 δὲ
647 2549 859 2640 βαρβύρωνό
872 2548 967 2633 πεζὸς
978 2547 1044 2618 ὑπό
1055 2549 1117 2637 τήν
1128 2575 1216 2638 παρ-

213 2655 336 2718 εοῦσαν
351 2648 457 2716 νύκτα
472 2648 649 2736 ἐπορεύετο
667 2650 719 2717 ἐπὶ
734 2647 796 2735 τήν
806 2649 1085 2734 Πελοπόννησον·
1107 2652 1213 2714 καίτοι

210 2745 251 2815 τά
272 2744 399 2815 δυνατά
420 2745 530 2825 πάντα
550 2748 794 2835 ἐμεμηχάνητο,
816 2746 903 2826 ὅπως
919 2745 993 2816 κατ’
1010 2746 1150 2835 ήπειρον
1168 2745 1213 2833 μή

210 2845 385 2932 ἐσβάλοιεν
399 2850 433 2913 οί
441 2845 615 2933 βάρβαροι.
641 2843 685 2925 ὡς
697 2843 763 2935 γάρ
775 2847 944 2915 ἐπύθοντο
959 2847 1095 2933 τάχιστα
1106 2853 1213 2914 Πελο·

209 2943 387 3032 πουνήσιοι
400 2941 480 3023 τούς
490 2942 576 3031 ἀμφὶ
582 2952 757 3034 Λεωνίδην
768 2950 805 3015 ἐν
816 2945 1053 3034 Θερμοπύλῃσι
1063 2936 1212 3013 τετελευ-

208 3044 360 3130 τηκέναι,
382 3042 630 3127 συνδραμόντες
652 3047 689 3112 ἐκ
710 3051 778 3112 τῶν
799 3048 926 3113 πολίων
947 3045 980 3122 ές
999 3042 1059 3111 τόν
1080 3039 1213 3129 Ἰσθμὸν
1279 3088 1280 3091 =

207 3144 327 3225 ἵζοντο,
345 3144 404 3206 καί
415 3157 476 3225 σφι
490 3141 574 3227 ἐπήν
585 3139 768 3229 στρατηγός
778 3142 1013 3230 Κλεόμβροτος
1024 3139 1042 3209 ὁ
1055 3140 1212 3222 Ἀναξαν-

209 3241 345 3320 δρίδεω,
368 3241 545 3305 Λεωνίδεω
566 3239 603 3307 δὲ
617 3237 788 3327 ἀδελφεός.
819 3240 966 3327 ίζόμενοι
983 3240 1020 3309 δὲ
1035 3245 1131 3331 ἐντῷ
1150 3237 1212 3308 Ἰσ-

207 3340 284 3421 θμῷ
292 3334 346 3400 καὶ
354 3331 585 3418 συγχύσαντες
592 3335 655 3423 τήν
661 3342 855 3425 Σκιρωνίδα
863 3335 956 3424 ὁδόν,
964 3337 1046 3426 μετά
1057 3346 1154 3407 τοῦτο
1166 3336 1212 3418 ὦς

75 3523 79 3529 ¹
207 3449 268 3513 σφι
285 3433 377 3508 ἐδοξε
394 3436 686 3521 βουλευομένοισι,
710 3435 908 3521 οίκοδόμεον
923 3434 979 3505 διά
998 3443 1059 3503 τοῦ
1076 3433 1210 3519 Ἰσθμοῦ
