<?xml version="1.0" encoding="UTF-8"?>
<!DOCTYPE html PUBLIC "-//W3C//DTD XHTML 1.0 Transitional//EN"
    "http://www.w3.org/TR/xhtml1/DTD/xhtml1-transitional.dtd">
<html xmlns="http://www.w3.org/1999/xhtml" xml:lang="en" lang="en">
 <head>
  <title>
</title>
<meta http-equiv="Content-Type" content="text/html;charset=utf-8" />
  <meta name='ocr-system' content='tesseract 3.04.00' />
  <meta name='ocr-capabilities' content='ocr_page ocr_carea ocr_par ocr_line ocrx_word'/>
</head>
<body>
  <div class='ocr_page' id='page_1' title='image "./historiarumlibr03herogoog_0159.png"; bbox 0 0 2566 3934; ppageno 0'>
   <div class='ocr_carea' id='block_1_1' title="bbox 192 233 916 322">
    <p class='ocr_par' dir='ltr' id='par_1_1' title="bbox 192 233 916 322">
     <span class='ocr_line' id='line_1_1' title="bbox 192 233 916 322; baseline 0.001 -9"><span class='ocrx_word' id='word_1_1' title='bbox 192 233 254 322; x_wconf 79' lang='lat'><strong><em>148</em></strong></span> <span class='ocrx_word' id='word_1_2' title='bbox 498 236 822 315; x_wconf 68' lang='lat'><em>111111&#39;011‘011</em></span> <span class='ocrx_word' id='word_1_3' title='bbox 912 270 916 279; x_wconf 73' lang='lat'><em>,</em></span> 
     </span>
    </p>
   </div>
   <div class='ocr_carea' id='block_1_2' title="bbox 144 395 1278 3569">
    <p class='ocr_par' dir='ltr' id='par_1_2' title="bbox 144 395 1278 3562">
     <span class='ocr_line' id='line_1_2' title="bbox 190 395 1195 539; baseline 0.001 -48"><span class='ocrx_word' id='word_1_4' title='bbox 190 429 293 492; x_wconf 88' lang='grc' dir='ltr'><strong><em>λοντα</em></strong></span> <span class='ocrx_word' id='word_1_5' title='bbox 304 447 343 510; x_wconf 84' lang='grc' dir='ltr'><strong><em>τη</em></strong></span> <span class='ocrx_word' id='word_1_6' title='bbox 329 420 452 509; x_wconf 78' lang='grc' dir='ltr'><strong><em>μητρὶ</em></strong></span> <span class='ocrx_word' id='word_1_7' title='bbox 463 395 627 507; x_wconf 82' lang='grc' dir='ltr'><strong><em>συμμῖξαι,</em></strong></span> <span class='ocrx_word' id='word_1_8' title='bbox 633 419 689 487; x_wconf 84' lang='grc' dir='ltr'><strong><em>καὶ</em></strong></span> <span class='ocrx_word' id='word_1_9' title='bbox 696 442 776 497; x_wconf 85' lang='grc' dir='ltr'><strong><em>τους</em></strong></span> <span class='ocrx_word' id='word_1_10' title='bbox 787 415 1027 539; x_wconf 76' lang='grc' dir='ltr'><strong><em>προπόλους</em></strong></span> <span class='ocrx_word' id='word_1_11' title='bbox 987 446 1045 518; x_wconf 86' lang='grc' dir='ltr'><strong><em>της</em></strong></span> <span class='ocrx_word' id='word_1_12' title='bbox 1059 418 1195 512; x_wconf 88' lang='grc' dir='ltr'><strong><em>μητρός,</em></strong></span> 
     </span>
     <span class='ocr_line' id='line_1_3' title="bbox 192 514 1196 643; baseline 0.001 -54"><span class='ocrx_word' id='word_1_13' title='bbox 192 516 245 617; x_wconf 81' lang='grc' dir='ltr'><strong><em>οἷα</em></strong></span> <span class='ocrx_word' id='word_1_14' title='bbox 260 519 323 589; x_wconf 83' lang='grc' dir='ltr'><strong><em>οὐκ</em></strong></span> <span class='ocrx_word' id='word_1_15' title='bbox 337 517 513 616; x_wconf 77' lang='grc' dir='ltr'><strong><em>ὀπωπότας</em></strong></span> <span class='ocrx_word' id='word_1_16' title='bbox 528 514 632 586; x_wconf 82' lang='grc' dir='ltr'><strong><em>αὐτόν</em></strong></span> <span class='ocrx_word' id='word_1_17' title='bbox 647 514 887 603; x_wconf 86' lang='grc' dir='ltr'><strong><em>πρότερον,οά</em></strong></span> <span class='ocrx_word' id='word_1_18' title='bbox 900 525 1062 608; x_wconf 79' lang='grc' dir='ltr'><strong><em>περιορᾶν</em></strong></span> <span class='ocrx_word' id='word_1_19' title='bbox 1076 522 1196 643; x_wconf 82' lang='grc' dir='ltr'><strong><em>παριέ</em></strong></span> 
     </span>
     <span class='ocr_line' id='line_1_4' title="bbox 192 612 1196 708; baseline -0.001 -19"><span class='ocrx_word' id='word_1_20' title='bbox 192 647 264 706; x_wconf 91' lang='grc' dir='ltr'><strong><em>ναι,</em></strong></span> <span class='ocrx_word' id='word_1_21' title='bbox 289 616 362 689; x_wconf 87' lang='grc' dir='ltr'><strong><em>ἀλλ’</em></strong></span> <span class='ocrx_word' id='word_1_22' title='bbox 382 617 580 708; x_wconf 89' lang='grc' dir='ltr'><strong><em>ἀπερύκειν,</em></strong></span> <span class='ocrx_word' id='word_1_23' title='bbox 602 612 662 684; x_wconf 85' lang='grc' dir='ltr'><strong><em>τόν</em></strong></span> <span class='ocrx_word' id='word_1_24' title='bbox 684 612 715 683; x_wconf 88' lang='grc' dir='ltr'><strong><em>δ’</em></strong></span> <span class='ocrx_word' id='word_1_25' title='bbox 736 613 884 703; x_wconf 83' lang='grc' dir='ltr'><strong><em>ἐξάλλης</em></strong></span> <span class='ocrx_word' id='word_1_26' title='bbox 898 614 1047 697; x_wconf 86' lang='grc' dir='ltr'><strong><em>πόλιος’</em></strong></span> <span class='ocrx_word' id='word_1_27' title='bbox 1027 618 1196 707; x_wconf 85' lang='grc' dir='ltr'><strong><em>αγαγόμε-</em></strong></span> 
     </span>
     <span class='ocr_line' id='line_1_5' title="bbox 191 708 1195 841; baseline -0.004 -52"><span class='ocrx_word' id='word_1_28' title='bbox 191 749 254 790; x_wconf 91' lang='grc' dir='ltr'><strong><em>νον</em></strong></span> <span class='ocrx_word' id='word_1_29' title='bbox 275 718 480 808; x_wconf 76' lang='grc' dir='ltr'><strong><em>ἀνθρώπους</em></strong></span> <span class='ocrx_word' id='word_1_30' title='bbox 499 717 579 841; x_wconf 82' lang='grc' dir='ltr'><strong><em>τρύς</em></strong></span> <span class='ocrx_word' id='word_1_31' title='bbox 599 744 635 785; x_wconf 91' lang='grc' dir='ltr'><strong><em>τε</em></strong></span> <span class='ocrx_word' id='word_1_32' title='bbox 654 708 848 803; x_wconf 82' lang='grc' dir='ltr'><strong><em>προπόλους</em></strong></span> <span class='ocrx_word' id='word_1_33' title='bbox 864 717 1007 804; x_wconf 81' lang='grc' dir='ltr'><strong><em>τρηχέως</em></strong></span> <span class='ocrx_word' id='word_1_34' title='bbox 1021 733 1195 801; x_wconf 79' lang='grc' dir='ltr'><strong><em>περισπεῖν</em></strong></span> 
     </span>
     <span class='ocr_line' id='line_1_6' title="bbox 176 811 1197 907; baseline -0.004 -17"><span class='ocrx_word' id='word_1_35' title='bbox 176 825 248 897; x_wconf 77' lang='grc' dir='ltr'><strong><em>,καί</em></strong></span> <span class='ocrx_word' id='word_1_36' title='bbox 272 825 422 891; x_wconf 86' lang='grc' dir='ltr'><strong><em>έσελθεῖν</em></strong></span> <span class='ocrx_word' id='word_1_37' title='bbox 447 817 537 907; x_wconf 85' lang='grc' dir='ltr'><strong><em>παρά</em></strong></span> <span class='ocrx_word' id='word_1_38' title='bbox 561 816 624 906; x_wconf 77' lang='grc' dir='ltr'><strong><em>τὴν</em></strong></span> <span class='ocrx_word' id='word_1_39' title='bbox 644 812 832 905; x_wconf 87' lang='grc' dir='ltr'><strong><em>μητέρα.’</em></strong></span> <span class='ocrx_word' id='word_1_40' title='bbox 813 811 878 883; x_wconf 87' lang='grc' dir='ltr'><strong><em>ακό</em></strong></span> <span class='ocrx_word' id='word_1_41' title='bbox 899 815 1022 885; x_wconf 87' lang='grc' dir='ltr'><strong><em>τούτου</em></strong></span> <span class='ocrx_word' id='word_1_42' title='bbox 1041 843 1087 907; x_wconf 89' lang='grc' dir='ltr'><strong><em>τφ</em></strong></span> <span class='ocrx_word' id='word_1_43' title='bbox 1102 816 1197 903; x_wconf 75' lang='grc' dir='ltr'><strong><em>’Ἀρεῖ</em></strong></span> 
     </span>
     <span class='ocr_line' id='line_1_7' title="bbox 192 912 1194 1008; baseline -0.005 -21"><span class='ocrx_word' id='word_1_44' title='bbox 192 919 317 1007; x_wconf 86' lang='grc' dir='ltr'><strong><em>ταύτην</em></strong></span> <span class='ocrx_word' id='word_1_45' title='bbox 331 918 393 1008; x_wconf 78' lang='grc' dir='ltr'><strong><em>τὴν</em></strong></span> <span class='ocrx_word' id='word_1_46' title='bbox 407 915 538 1006; x_wconf 79' lang='grc' dir='ltr'><strong><em>πληγὴν</em></strong></span> <span class='ocrx_word' id='word_1_47' title='bbox 552 919 589 984; x_wconf 81' lang='grc' dir='ltr'><strong><em>έν</em></strong></span> <span class='ocrx_word' id='word_1_48' title='bbox 602 922 643 1005; x_wconf 77' lang='grc' dir='ltr'><strong><em>τῇ</em></strong></span> <span class='ocrx_word' id='word_1_49' title='bbox 653 912 735 1003; x_wconf 78' lang='grc' dir='ltr'><strong><em>ὁρτῇ</em></strong></span> <span class='ocrx_word' id='word_1_50' title='bbox 749 916 960 1000; x_wconf 81' lang='grc' dir='ltr'><strong><em>νενομικέναι</em></strong></span> <span class='ocrx_word' id='word_1_51' title='bbox 975 920 1065 1000; x_wconf 90' lang='grc' dir='ltr'><strong><em>φασί.</em></strong></span> <span class='ocrx_word' id='word_1_52' title='bbox 1077 916 1143 982; x_wconf 78' lang='grc' dir='ltr'><strong><em>Καὶ</em></strong></span> <span class='ocrx_word' id='word_1_53' title='bbox 1155 913 1194 982; x_wconf 87' lang='grc' dir='ltr'><strong><em>τό</em></strong></span> 
     </span>
     <span class='ocr_line' id='line_1_8' title="bbox 191 1008 1196 1104; baseline -0.007 -16"><span class='ocrx_word' id='word_1_54' title='bbox 191 1015 236 1104; x_wconf 77' lang='grc' dir='ltr'><strong><em>μὴ</em></strong></span> <span class='ocrx_word' id='word_1_55' title='bbox 252 1026 431 1104; x_wconf 76' lang='grc' dir='ltr'><strong><em>μίσγεσθαι</em></strong></span> <span class='ocrx_word' id='word_1_56' title='bbox 447 1018 580 1104; x_wconf 81' lang='grc' dir='ltr'><strong><em>γυναιξὶ</em></strong></span> <span class='ocrx_word' id='word_1_57' title='bbox 600 1018 637 1083; x_wconf 90' lang='grc' dir='ltr'><strong><em>έν</em></strong></span> <span class='ocrx_word' id='word_1_58' title='bbox 654 1018 755 1099; x_wconf 82' lang='grc' dir='ltr'><strong><em>ίροίσι</em></strong></span> <span class='ocrx_word' id='word_1_59' title='bbox 776 1014 858 1101; x_wconf 78' lang='grc' dir='ltr'><strong><em>μηδὲ</em></strong></span> <span class='ocrx_word' id='word_1_60' title='bbox 873 1010 1036 1094; x_wconf 87' lang='grc' dir='ltr'><strong><em>ἀλούτους</em></strong></span> <span class='ocrx_word' id='word_1_61' title='bbox 1051 1011 1116 1084; x_wconf 86' lang='grc' dir='ltr'><strong><em>ἀπό</em></strong></span> <span class='ocrx_word' id='word_1_62' title='bbox 1130 1008 1196 1102; x_wconf 55' lang='grc' dir='ltr'><strong><em>γνὲ</em></strong></span> 
     </span>
     <span class='ocr_line' id='line_1_9' title="bbox 191 1108 1196 1204; baseline -0.005 -17"><span class='ocrx_word' id='word_1_63' title='bbox 191 1127 319 1188; x_wconf 82' lang='grc' dir='ltr'><strong><em>ναικιόν</em></strong></span> <span class='ocrx_word' id='word_1_64' title='bbox 335 1122 368 1197; x_wconf 87' lang='grc' dir='ltr'><strong><em>ές</em></strong></span> <span class='ocrx_word' id='word_1_65' title='bbox 378 1116 434 1204; x_wconf 85' lang='grc' dir='ltr'><strong><em>ίρά</em></strong></span> <span class='ocrx_word' id='word_1_66' title='bbox 450 1121 573 1187; x_wconf 82' lang='grc' dir='ltr'><strong><em>ἐσιέναι</em></strong></span> <span class='ocrx_word' id='word_1_67' title='bbox 587 1108 685 1184; x_wconf 82' lang='grc' dir='ltr'><strong><em>ούτοί</em></strong></span> <span class='ocrx_word' id='word_1_68' title='bbox 697 1120 759 1183; x_wconf 87' lang='grc' dir='ltr'><strong><em>είσι</em></strong></span> <span class='ocrx_word' id='word_1_69' title='bbox 774 1118 809 1182; x_wconf 88' lang='grc' dir='ltr'><strong><em>οί</em></strong></span> <span class='ocrx_word' id='word_1_70' title='bbox 820 1121 945 1201; x_wconf 82' lang='grc' dir='ltr'><strong><em>πρῶτοι</em></strong></span> <span class='ocrx_word' id='word_1_71' title='bbox 958 1116 1196 1204; x_wconf 89' lang='grc' dir='ltr'><strong><em>θρησκεύσαν-</em></strong></span> 
     </span>
     <span class='ocr_line' id='line_1_10' title="bbox 191 1210 1195 1304; baseline -0.003 -17"><span class='ocrx_word' id='word_1_72' title='bbox 191 1243 252 1296; x_wconf 86' lang='grc' dir='ltr'><strong><em>τες.</em></strong></span> <span class='ocrx_word' id='word_1_73' title='bbox 284 1220 318 1285; x_wconf 91' lang='grc' dir='ltr'><strong><em>οί</em></strong></span> <span class='ocrx_word' id='word_1_74' title='bbox 329 1218 391 1303; x_wconf 79' lang='grc' dir='ltr'><strong><em>μέν</em></strong></span> <span class='ocrx_word' id='word_1_75' title='bbox 405 1213 476 1303; x_wconf 84' lang='grc' dir='ltr'><strong><em>γάρ</em></strong></span> <span class='ocrx_word' id='word_1_76' title='bbox 497 1214 593 1285; x_wconf 88' lang='grc' dir='ltr'><strong><em>ἀλλοι</em></strong></span> <span class='ocrx_word' id='word_1_77' title='bbox 613 1210 733 1301; x_wconf 86' lang='grc' dir='ltr'><strong><em>σχεδόν</em></strong></span> <span class='ocrx_word' id='word_1_78' title='bbox 750 1212 872 1292; x_wconf 80' lang='grc' dir='ltr'><strong><em>πάντες</em></strong></span> <span class='ocrx_word' id='word_1_79' title='bbox 892 1212 1085 1304; x_wconf 76' lang='grc' dir='ltr'><strong><em>ἅνθρωποι,</em></strong></span> <span class='ocrx_word' id='word_1_80' title='bbox 1106 1214 1195 1304; x_wconf 84' lang='grc' dir='ltr'><strong><em>πλὴν</em></strong></span> 
     </span>
     <span class='ocr_line' id='line_1_11' title="bbox 179 1310 1193 1404; baseline -0.01 -13"><span class='ocrx_word' id='word_1_81' title='bbox 179 1324 386 1404; x_wconf 79' lang='grc' dir='ltr'><strong><em>,Αἰγυπτίων</em></strong></span> <span class='ocrx_word' id='word_1_82' title='bbox 400 1319 455 1385; x_wconf 79' lang='grc' dir='ltr'><strong><em>καί</em></strong></span> <span class='ocrx_word' id='word_1_83' title='bbox 470 1314 656 1402; x_wconf 81' lang='grc' dir='ltr'><strong><em>Ἑλλήνων,</em></strong></span> <span class='ocrx_word' id='word_1_84' title='bbox 678 1319 853 1400; x_wconf 81' lang='grc' dir='ltr'><strong><em>μίσγονται</em></strong></span> <span class='ocrx_word' id='word_1_85' title='bbox 874 1315 911 1381; x_wconf 90' lang='grc' dir='ltr'><strong><em>έν</em></strong></span> <span class='ocrx_word' id='word_1_86' title='bbox 931 1317 1032 1403; x_wconf 83' lang='grc' dir='ltr'><strong><em>ίροῖσι</em></strong></span> <span class='ocrx_word' id='word_1_87' title='bbox 1051 1316 1106 1382; x_wconf 83' lang='grc' dir='ltr'><strong><em>καὶ</em></strong></span> <span class='ocrx_word' id='word_1_88' title='bbox 1126 1310 1193 1382; x_wconf 83' lang='grc' dir='ltr'><strong><em>ἀπὸ</em></strong></span> 
     </span>
     <span class='ocr_line' id='line_1_12' title="bbox 190 1407 1194 1505; baseline -0.006 -21"><span class='ocrx_word' id='word_1_89' title='bbox 190 1421 362 1505; x_wconf 77' lang='grc' dir='ltr'><strong><em>γυναικῶν</em></strong></span> <span class='ocrx_word' id='word_1_90' title='bbox 377 1411 591 1501; x_wconf 76' lang='grc' dir='ltr'><strong><em>ἀνιστάμενοι</em></strong></span> <span class='ocrx_word' id='word_1_91' title='bbox 606 1409 744 1480; x_wconf 85' lang='grc' dir='ltr'><strong><em>ἀλουτοι</em></strong></span> <span class='ocrx_word' id='word_1_92' title='bbox 766 1411 956 1498; x_wconf 82' lang='grc' dir='ltr'><strong><em>ἐσέρχονται</em></strong></span> <span class='ocrx_word' id='word_1_93' title='bbox 970 1414 1003 1489; x_wconf 84' lang='grc' dir='ltr'><strong><em>ές</em></strong></span> <span class='ocrx_word' id='word_1_94' title='bbox 1019 1407 1111 1499; x_wconf 86' lang='grc' dir='ltr'><strong><em>ίρόν,</em></strong></span> <span class='ocrx_word' id='word_1_95' title='bbox 1132 1436 1194 1478; x_wconf 92' lang='grc' dir='ltr'><strong><em>νο-</em></strong></span> 
     </span>
     <span class='ocr_line' id='line_1_13' title="bbox 191 1506 1192 1602; baseline -0.003 -20"><span class='ocrx_word' id='word_1_96' title='bbox 191 1519 338 1602; x_wconf 76' lang='grc' dir='ltr'><strong><em>μίζοντες</em></strong></span> <span class='ocrx_word' id='word_1_97' title='bbox 359 1510 563 1598; x_wconf 71' lang='grc' dir='ltr'><strong><em>ἀνθρώπους</em></strong></span> <span class='ocrx_word' id='word_1_98' title='bbox 584 1507 668 1577; x_wconf 86' lang='grc' dir='ltr'><strong><em>εἶναι</em></strong></span> <span class='ocrx_word' id='word_1_99' title='bbox 703 1508 849 1599; x_wconf 78' lang='grc' dir='ltr'><strong><em>κατάπερ</em></strong></span> <span class='ocrx_word' id='word_1_100' title='bbox 879 1509 920 1578; x_wconf 87' lang='grc' dir='ltr'><strong><em>τά</em></strong></span> <span class='ocrx_word' id='word_1_101' title='bbox 954 1507 1037 1577; x_wconf 88' lang='grc' dir='ltr'><strong><em>ἀλλα</em></strong></span> <span class='ocrx_word' id='word_1_102' title='bbox 1060 1506 1192 1600; x_wconf 78' lang='grc' dir='ltr'><strong><em>κτήνεα.</em></strong></span> 
     </span>
     <span class='ocr_line' id='line_1_14' title="bbox 192 1606 1222 1706; baseline 0.001 -26"><span class='ocrx_word' id='word_1_103' title='bbox 192 1614 247 1680; x_wconf 79' lang='grc' dir='ltr'><strong><em>καί</em></strong></span> <span class='ocrx_word' id='word_1_104' title='bbox 261 1609 325 1697; x_wconf 85' lang='grc' dir='ltr'><strong><em>γάρ</em></strong></span> <span class='ocrx_word' id='word_1_105' title='bbox 343 1609 383 1679; x_wconf 84' lang='grc' dir='ltr'><strong><em>τά</em></strong></span> <span class='ocrx_word' id='word_1_106' title='bbox 399 1609 483 1681; x_wconf 89' lang='grc' dir='ltr'><strong><em>ἀλλα</em></strong></span> <span class='ocrx_word' id='word_1_107' title='bbox 496 1608 618 1698; x_wconf 81' lang='grc' dir='ltr'><strong><em>κτήνεα</em></strong></span> <span class='ocrx_word' id='word_1_108' title='bbox 633 1606 719 1696; x_wconf 82' lang='grc' dir='ltr'><strong><em>ὁρᾶν</em></strong></span> <span class='ocrx_word' id='word_1_109' title='bbox 733 1611 787 1676; x_wconf 81' lang='grc' dir='ltr'><strong><em>καί</em></strong></span> <span class='ocrx_word' id='word_1_110' title='bbox 801 1606 951 1693; x_wconf 83' lang='grc' dir='ltr'><strong><em>ὀρνίθων</em></strong></span> <span class='ocrx_word' id='word_1_111' title='bbox 964 1609 1063 1699; x_wconf 82' lang='grc' dir='ltr'><strong><em>γένεα</em></strong></span> <span class='ocrx_word' id='word_1_112' title='bbox 1076 1608 1195 1698; x_wconf 87' lang='grc' dir='ltr'><strong><em>ὀχενό-</em></strong></span> <span class='ocrx_word' id='word_1_113' title='bbox 1219 1701 1222 1706; x_wconf 21' lang='lat'><em>¹</em></span> 
     </span>
     <span class='ocr_line' id='line_1_15' title="bbox 191 1710 1191 1797; baseline 0.002 -20"><span class='ocrx_word' id='word_1_114' title='bbox 191 1736 276 1797; x_wconf 86' lang='grc' dir='ltr'><strong><em>μενα</em></strong></span> <span class='ocrx_word' id='word_1_115' title='bbox 297 1715 334 1777; x_wconf 84' lang='grc' dir='ltr'><strong><em>έν</em></strong></span> <span class='ocrx_word' id='word_1_116' title='bbox 350 1736 385 1777; x_wconf 90' lang='grc' dir='ltr'><strong><em>τε</em></strong></span> <span class='ocrx_word' id='word_1_117' title='bbox 398 1724 484 1779; x_wconf 89' lang='grc' dir='ltr'><strong><em>τοῖσι</em></strong></span> <span class='ocrx_word' id='word_1_118' title='bbox 497 1723 608 1796; x_wconf 89' lang='grc' dir='ltr'><strong><em>νηοῖσι</em></strong></span> <span class='ocrx_word' id='word_1_119' title='bbox 622 1713 798 1776; x_wconf 72' lang='grc' dir='ltr'><strong><em>σύνθεσίν</em></strong></span> <span class='ocrx_word' id='word_1_120' title='bbox 816 1710 871 1777; x_wconf 79' lang='grc' dir='ltr'><strong><em>καί</em></strong></span> <span class='ocrx_word' id='word_1_121' title='bbox 885 1710 922 1776; x_wconf 88' lang='grc' dir='ltr'><strong><em>έν</em></strong></span> <span class='ocrx_word' id='word_1_122' title='bbox 935 1723 1019 1777; x_wconf 84' lang='grc' dir='ltr'><strong><em>τοῖσι</em></strong></span> <span class='ocrx_word' id='word_1_123' title='bbox 1033 1712 1191 1796; x_wconf 79' lang='grc' dir='ltr'><strong><em>τεμένεσι.</em></strong></span> 
     </span>
     <span class='ocr_line' id='line_1_16' title="bbox 192 1800 1191 1898; baseline 0.001 -23"><span class='ocrx_word' id='word_1_124' title='bbox 192 1814 223 1876; x_wconf 86' lang='grc' dir='ltr'><strong><em>εί</em></strong></span> <span class='ocrx_word' id='word_1_125' title='bbox 243 1800 396 1877; x_wconf 78' lang='grc' dir='ltr'><strong><em>ἀνεῖναι</em></strong></span> <span class='ocrx_word' id='word_1_126' title='bbox 419 1816 465 1898; x_wconf 76' lang='grc' dir='ltr'><strong><em>τῷ</em></strong></span> <span class='ocrx_word' id='word_1_127' title='bbox 488 1815 560 1898; x_wconf 73' lang='grc' dir='ltr'><strong><em>θεῷ</em></strong></span> <span class='ocrx_word' id='word_1_128' title='bbox 580 1813 679 1876; x_wconf 80' lang='grc' dir='ltr'><strong><em>τοῦτο</em></strong></span> <span class='ocrx_word' id='word_1_129' title='bbox 702 1803 746 1893; x_wconf 81' lang='grc' dir='ltr'><strong><em>μη</em></strong></span> <span class='ocrx_word' id='word_1_130' title='bbox 768 1811 883 1893; x_wconf 83' lang='grc' dir='ltr'><strong><em>φίλον,</em></strong></span> <span class='ocrx_word' id='word_1_131' title='bbox 907 1803 969 1876; x_wconf 82' lang='grc' dir='ltr'><strong><em>οὐκ</em></strong></span> <span class='ocrx_word' id='word_1_132' title='bbox 988 1802 1033 1875; x_wconf 88' lang='grc' dir='ltr'><strong><em>ἀν</em></strong></span> <span class='ocrx_word' id='word_1_133' title='bbox 1054 1804 1132 1876; x_wconf 70' lang='grc' dir='ltr'><strong><em>οὐδὲ</em></strong></span> <span class='ocrx_word' id='word_1_134' title='bbox 1152 1805 1191 1876; x_wconf 86' lang='grc' dir='ltr'><strong><em>ιά</em></strong></span> 
     </span>
     <span class='ocr_line' id='line_1_17' title="bbox 191 1898 1195 1994; baseline 0 -21"><span class='ocrx_word' id='word_1_135' title='bbox 191 1904 313 1994; x_wconf 83' lang='grc' dir='ltr'><strong><em>κτήνεα</em></strong></span> <span class='ocrx_word' id='word_1_136' title='bbox 337 1909 472 1975; x_wconf 82' lang='grc' dir='ltr'><strong><em>ποιέειν.</em></strong></span> <span class='ocrx_word' id='word_1_137' title='bbox 513 1898 607 1975; x_wconf 77' lang='grc' dir='ltr'><strong><em>οὗτοι</em></strong></span> <span class='ocrx_word' id='word_1_138' title='bbox 632 1908 694 1991; x_wconf 87' lang='grc' dir='ltr'><strong><em>μέν</em></strong></span> <span class='ocrx_word' id='word_1_139' title='bbox 725 1930 791 1971; x_wconf 91' lang='grc' dir='ltr'><strong><em>νυν</em></strong></span> <span class='ocrx_word' id='word_1_140' title='bbox 820 1911 956 1975; x_wconf 82' lang='grc' dir='ltr'><strong><em>τοιαῦτα</em></strong></span> <span class='ocrx_word' id='word_1_141' title='bbox 989 1906 1195 1993; x_wconf 76' lang='grc' dir='ltr'><strong><em>ἐπιλέγοντες</em></strong></span> 
     </span>
     <span class='ocr_line' id='line_1_18' title="bbox 144 2003 1194 2093; baseline 0.001 -20"><span class='ocrx_word' id='word_1_142' title='bbox 144 2025 178 2083; x_wconf 69' lang='lat'><strong><em>35</em></strong></span> <span class='ocrx_word' id='word_1_143' title='bbox 193 2013 325 2074; x_wconf 85' lang='grc' dir='ltr'><strong><em>ποιεῦσι</em></strong></span> <span class='ocrx_word' id='word_1_144' title='bbox 338 2012 449 2093; x_wconf 77' lang='grc' dir='ltr'><strong><em>ἔμοιγε</em></strong></span> <span class='ocrx_word' id='word_1_145' title='bbox 463 2004 526 2075; x_wconf 86' lang='grc' dir='ltr'><strong><em>οὐκ</em></strong></span> <span class='ocrx_word' id='word_1_146' title='bbox 540 2003 679 2093; x_wconf 68' lang='grc' dir='ltr'><strong><em>ἀρεστοί*</em></strong></span> <span class='ocrx_word' id='word_1_147' title='bbox 713 2004 892 2091; x_wconf 79' lang='grc' dir='ltr'><strong><em>Αἰγύπτιοι</em></strong></span> <span class='ocrx_word' id='word_1_148' title='bbox 914 2004 949 2072; x_wconf 79' lang='lat'><strong><em>66</em></strong></span> <span class='ocrx_word' id='word_1_149' title='bbox 963 2005 1194 2093; x_wconf 84' lang='grc' dir='ltr'><strong><em>θρησκεύουσι</em></strong></span> 
     </span>
     <span class='ocr_line' id='line_1_19' title="bbox 193 2099 1084 2191; baseline -0.001 -20"><span class='ocrx_word' id='word_1_150' title='bbox 193 2109 356 2191; x_wconf 76' lang='grc' dir='ltr'><strong><em>περισσῶς</em></strong></span> <span class='ocrx_word' id='word_1_151' title='bbox 370 2103 412 2172; x_wconf 82' lang='grc' dir='ltr'><strong><em>τό</em></strong></span> <span class='ocrx_word' id='word_1_152' title='bbox 428 2130 464 2172; x_wconf 86' lang='grc' dir='ltr'><strong><em>τε</em></strong></span> <span class='ocrx_word' id='word_1_153' title='bbox 478 2100 561 2172; x_wconf 87' lang='grc' dir='ltr'><strong><em>ἀλλα</em></strong></span> <span class='ocrx_word' id='word_1_154' title='bbox 578 2105 653 2190; x_wconf 77' lang='grc' dir='ltr'><strong><em>περὶ</em></strong></span> <span class='ocrx_word' id='word_1_155' title='bbox 670 2099 710 2170; x_wconf 81' lang='grc' dir='ltr'><strong><em>κά</em></strong></span> <span class='ocrx_word' id='word_1_156' title='bbox 728 2099 784 2189; x_wconf 85' lang='grc' dir='ltr'><strong><em>ίρά</em></strong></span> <span class='ocrx_word' id='word_1_157' title='bbox 800 2106 854 2170; x_wconf 83' lang='grc' dir='ltr'><strong><em>καὶ</em></strong></span> <span class='ocrx_word' id='word_1_158' title='bbox 872 2100 911 2190; x_wconf 79' lang='grc' dir='ltr'><strong><em>δὴ</em></strong></span> <span class='ocrx_word' id='word_1_159' title='bbox 928 2105 982 2170; x_wconf 83' lang='grc' dir='ltr'><strong><em>καὶ</em></strong></span> <span class='ocrx_word' id='word_1_160' title='bbox 997 2102 1084 2172; x_wconf 83' lang='grc' dir='ltr'><strong><em>τόδε.</em></strong></span> 
     </span>
     <span class='ocr_line' id='line_1_20' title="bbox 272 2197 1278 2291; baseline -0.001 -21"><span class='ocrx_word' id='word_1_161' title='bbox 272 2200 391 2271; x_wconf 85' lang='grc' dir='ltr'><strong><em>Ἐοῦσα</em></strong></span> <span class='ocrx_word' id='word_1_162' title='bbox 410 2198 431 2287; x_wconf 81' lang='grc' dir='ltr'><em>ἡ</em></span> <span class='ocrx_word' id='word_1_163' title='bbox 454 2209 625 2287; x_wconf 81' lang='grc' dir='ltr'><strong><em>Αίγυπτος</em></strong></span> <span class='ocrx_word' id='word_1_164' title='bbox 636 2198 782 2288; x_wconf 83' lang='grc' dir='ltr'><strong><em>ὅμουρος</em></strong></span> <span class='ocrx_word' id='word_1_165' title='bbox 792 2206 832 2290; x_wconf 74' lang='grc' dir='ltr'><strong><em>τῇ</em></strong></span> <span class='ocrx_word' id='word_1_166' title='bbox 842 2201 953 2289; x_wconf 82' lang='grc' dir='ltr'><strong><em>Λιβύη</em></strong></span> <span class='ocrx_word' id='word_1_167' title='bbox 969 2197 1011 2270; x_wconf 86' lang='grc' dir='ltr'><strong><em>ού</em></strong></span> <span class='ocrx_word' id='word_1_168' title='bbox 1025 2202 1113 2289; x_wconf 89' lang='grc' dir='ltr'><strong><em>μάλα</em></strong></span> <span class='ocrx_word' id='word_1_169' title='bbox 1125 2215 1194 2291; x_wconf 82' lang='grc' dir='ltr'><strong><em>θη-</em></strong></span> <span class='ocrx_word' id='word_1_170' title='bbox 1277 2266 1278 2269; x_wconf 74' lang='grc'>,</span> 
     </span>
     <span class='ocr_line' id='line_1_21' title="bbox 192 2295 1230 2388; baseline 0.001 -19"><span class='ocrx_word' id='word_1_171' title='bbox 192 2301 315 2388; x_wconf 81' lang='grc' dir='ltr'><strong><em>ριοόδης</em></strong></span> <span class='ocrx_word' id='word_1_172' title='bbox 328 2302 404 2367; x_wconf 89' lang='grc' dir='ltr'><strong><em>έστί.</em></strong></span> <span class='ocrx_word' id='word_1_173' title='bbox 438 2297 478 2367; x_wconf 78' lang='grc' dir='ltr'><strong><em>τὰ</em></strong></span> <span class='ocrx_word' id='word_1_174' title='bbox 497 2298 532 2366; x_wconf 69' lang='grc' dir='ltr'><strong><em>δέ</em></strong></span> <span class='ocrx_word' id='word_1_175' title='bbox 558 2298 656 2367; x_wconf 88' lang='grc' dir='ltr'><strong><em>έόντκ</em></strong></span> <span class='ocrx_word' id='word_1_176' title='bbox 677 2317 739 2384; x_wconf 87' lang='grc' dir='ltr'><strong><em>σφι</em></strong></span> <span class='ocrx_word' id='word_1_177' title='bbox 762 2295 892 2366; x_wconf 79' lang='grc' dir='ltr'><strong><em>ἅπαντα</em></strong></span> <span class='ocrx_word' id='word_1_178' title='bbox 913 2295 969 2387; x_wconf 85' lang='grc' dir='ltr'><strong><em>ίρά</em></strong></span> <span class='ocrx_word' id='word_1_179' title='bbox 988 2299 1193 2387; x_wconf 83' lang='grc' dir='ltr'><strong><em>νενόμισται,</em></strong></span> <span class='ocrx_word' id='word_1_180' title='bbox 1227 2324 1230 2331; x_wconf 83' lang='grc'><strong>’</strong></span> 
     </span>
     <span class='ocr_line' id='line_1_22' title="bbox 191 2394 1195 2486; baseline 0 -19"><span class='ocrx_word' id='word_1_181' title='bbox 191 2395 301 2467; x_wconf 78' lang='grc' dir='ltr'><strong><em>καὶτὰ</em></strong></span> <span class='ocrx_word' id='word_1_182' title='bbox 317 2396 379 2483; x_wconf 76' lang='grc' dir='ltr'><strong><em>μέν</em></strong></span> <span class='ocrx_word' id='word_1_183' title='bbox 390 2397 564 2485; x_wconf 85' lang='grc' dir='ltr'><strong><em>σύντροφα</em></strong></span> <span class='ocrx_word' id='word_1_184' title='bbox 582 2394 712 2465; x_wconf 79' lang='grc' dir='ltr'><strong><em>αὐτοῖσι</em></strong></span> <span class='ocrx_word' id='word_1_185' title='bbox 727 2404 835 2483; x_wconf 84' lang='grc' dir='ltr'><strong><em>[τοῖσι]</em></strong></span> <span class='ocrx_word' id='word_1_186' title='bbox 853 2394 1080 2486; x_wconf 73' lang='grc' dir='ltr'><strong><em>ἀνθρώποισι,</em></strong></span> <span class='ocrx_word' id='word_1_187' title='bbox 1101 2396 1140 2466; x_wconf 85' lang='grc' dir='ltr'><strong><em>ιά</em></strong></span> <span class='ocrx_word' id='word_1_188' title='bbox 1156 2398 1195 2467; x_wconf 74' lang='lat'><strong><em>66</em></strong></span> 
     </span>
     <span class='ocr_line' id='line_1_23' title="bbox 191 2491 1195 2583; baseline -0.002 -19"><span class='ocrx_word' id='word_1_189' title='bbox 191 2495 241 2564; x_wconf 85' lang='grc' dir='ltr'><strong><em>ού.</em></strong></span> <span class='ocrx_word' id='word_1_190' title='bbox 264 2499 333 2561; x_wconf 74' lang='grc' dir='ltr'><strong><em>τόν</em></strong></span> <span class='ocrx_word' id='word_1_191' title='bbox 347 2493 383 2561; x_wconf 73' lang='grc' dir='ltr'><strong><em>δὲ</em></strong></span> <span class='ocrx_word' id='word_1_192' title='bbox 399 2497 526 2562; x_wconf 78' lang='grc' dir='ltr'><strong><em>εἵνεκεν</em></strong></span> <span class='ocrx_word' id='word_1_193' title='bbox 538 2492 664 2563; x_wconf 75' lang='grc' dir='ltr'><strong><em>ἀνεῖται</em></strong></span> <span class='ocrx_word' id='word_1_194' title='bbox 678 2491 719 2562; x_wconf 88' lang='grc' dir='ltr'><strong><em>τά</em></strong></span> <span class='ocrx_word' id='word_1_195' title='bbox 734 2491 790 2582; x_wconf 83' lang='grc' dir='ltr'><strong><em>ίρά</em></strong></span> <span class='ocrx_word' id='word_1_196' title='bbox 806 2499 836 2563; x_wconf 87' lang='grc' dir='ltr'><strong><em>εί</em></strong></span> <span class='ocrx_word' id='word_1_197' title='bbox 849 2496 994 2583; x_wconf 87' lang='grc' dir='ltr'><strong><em>λέγοιμι,</em></strong></span> <span class='ocrx_word' id='word_1_198' title='bbox 1010 2501 1195 2583; x_wconf 84' lang='grc' dir='ltr'><strong><em>καταβαίην</em></strong></span> 
     </span>
     <span class='ocr_line' id='line_1_24' title="bbox 190 2588 1195 2684; baseline 0 -23"><span class='ocrx_word' id='word_1_199' title='bbox 190 2590 234 2661; x_wconf 85' lang='grc' dir='ltr'><strong><em>ἀν</em></strong></span> <span class='ocrx_word' id='word_1_200' title='bbox 247 2598 293 2684; x_wconf 75' lang='grc' dir='ltr'><strong><em>τῷ</em></strong></span> <span class='ocrx_word' id='word_1_201' title='bbox 313 2590 403 2682; x_wconf 78' lang='grc' dir='ltr'><strong><em>λόγῳ</em></strong></span> <span class='ocrx_word' id='word_1_202' title='bbox 425 2594 457 2671; x_wconf 86' lang='grc' dir='ltr'><strong><em>ές</em></strong></span> <span class='ocrx_word' id='word_1_203' title='bbox 470 2590 510 2660; x_wconf 85' lang='grc' dir='ltr'><strong><em>τά</em></strong></span> <span class='ocrx_word' id='word_1_204' title='bbox 528 2603 606 2662; x_wconf 83' lang='grc' dir='ltr'><strong><em>θεῖα</em></strong></span> <span class='ocrx_word' id='word_1_205' title='bbox 627 2592 822 2679; x_wconf 80' lang='grc' dir='ltr'><strong><em>πρήγματα,</em></strong></span> <span class='ocrx_word' id='word_1_206' title='bbox 843 2589 883 2658; x_wconf 89' lang='grc' dir='ltr'><strong><em>ιά</em></strong></span> <span class='ocrx_word' id='word_1_207' title='bbox 904 2588 968 2677; x_wconf 71' lang='grc' dir='ltr'><strong><em>έγοδ</em></strong></span> <span class='ocrx_word' id='word_1_208' title='bbox 991 2591 1106 2679; x_wconf 84' lang='grc' dir='ltr'><strong><em>φεύγω</em></strong></span> <span class='ocrx_word' id='word_1_209' title='bbox 1126 2593 1195 2678; x_wconf 86' lang='grc' dir='ltr'><strong><em>μά-</em></strong></span> 
     </span>
     <span class='ocr_line' id='line_1_25' title="bbox 189 2660 1194 2780; baseline -0.001 -19"><span class='ocrx_word' id='word_1_210' title='bbox 189 2660 284 2762; x_wconf 85' lang='grc' dir='ltr'><strong><em>λιστόι</em></strong></span> <span class='ocrx_word' id='word_1_211' title='bbox 300 2687 585 2780; x_wconf 87' lang='grc' dir='ltr'><strong><em>ἀπηγέεσθαι.τά</em></strong></span> <span class='ocrx_word' id='word_1_212' title='bbox 606 2695 712 2761; x_wconf 77' lang='grc' dir='ltr'><strong><em>δὲκαὶ</em></strong></span> <span class='ocrx_word' id='word_1_213' title='bbox 735 2701 850 2778; x_wconf 85' lang='grc' dir='ltr'><strong><em>είρηκα</em></strong></span> <span class='ocrx_word' id='word_1_214' title='bbox 870 2689 982 2760; x_wconf 89' lang='grc' dir='ltr'><strong><em>αύτων</em></strong></span> <span class='ocrx_word' id='word_1_215' title='bbox 997 2692 1194 2780; x_wconf 72' lang='grc' dir='ltr'><strong><em>ἐπιψαύσας,</em></strong></span> 
     </span>
     <span class='ocr_line' id='line_1_26' title="bbox 189 2786 1196 2882; baseline 0.008 -27"><span class='ocrx_word' id='word_1_216' title='bbox 189 2786 354 2877; x_wconf 85' lang='grc' dir='ltr'><strong><em>ἀναγκαίη</em></strong></span> <span class='ocrx_word' id='word_1_217' title='bbox 375 2791 712 2876; x_wconf 84' lang='grc' dir='ltr'><strong><em>καταλαμβανόμενος</em></strong></span> <span class='ocrx_word' id='word_1_218' title='bbox 728 2789 830 2859; x_wconf 77' lang='grc' dir='ltr'><strong><em>εἶπον.</em></strong></span> <span class='ocrx_word' id='word_1_219' title='bbox 862 2790 966 2878; x_wconf 89' lang='grc' dir='ltr'><strong><em>νόμος</em></strong></span> <span class='ocrx_word' id='word_1_220' title='bbox 980 2795 1020 2861; x_wconf 87' lang='grc' dir='ltr'><strong><em>δέ</em></strong></span> <span class='ocrx_word' id='word_1_221' title='bbox 1036 2795 1103 2862; x_wconf 90' lang='grc' dir='ltr'><strong><em>έστι</em></strong></span> <span class='ocrx_word' id='word_1_222' title='bbox 1117 2796 1196 2882; x_wconf 80' lang='grc' dir='ltr'><strong><em>περὶ</em></strong></span> 
     </span>
     <span class='ocr_line' id='line_1_27' title="bbox 188 2878 1196 2981; baseline 0.009 -28"><span class='ocrx_word' id='word_1_223' title='bbox 188 2911 258 2953; x_wconf 89' lang='grc' dir='ltr'><strong><em>των</em></strong></span> <span class='ocrx_word' id='word_1_224' title='bbox 267 2891 400 2972; x_wconf 83' lang='grc' dir='ltr'><strong><em>θηρίων</em></strong></span> <span class='ocrx_word' id='word_1_225' title='bbox 412 2878 477 2955; x_wconf 74' lang='grc' dir='ltr'><strong><em>ὦδε</em></strong></span> <span class='ocrx_word' id='word_1_226' title='bbox 489 2891 582 2974; x_wconf 75' lang='grc' dir='ltr'><strong><em>έχων.</em></strong></span> <span class='ocrx_word' id='word_1_227' title='bbox 605 2891 787 2975; x_wconf 72' lang='grc' dir='ltr'><strong><em>μελεδωνοὶ</em></strong></span> <span class='ocrx_word' id='word_1_228' title='bbox 797 2886 1083 2977; x_wconf 74' lang='grc' dir='ltr'><strong><em>ἀποδεδέχαται</em></strong></span> <span class='ocrx_word' id='word_1_229' title='bbox 1043 2917 1100 2979; x_wconf 90' lang='grc' dir='ltr'><strong><em>της</em></strong></span> <span class='ocrx_word' id='word_1_230' title='bbox 1114 2918 1196 2981; x_wconf 88' lang='grc' dir='ltr'><strong><em>τρο-</em></strong></span> 
     </span>
     <span class='ocr_line' id='line_1_28' title="bbox 189 2983 1275 3075; baseline 0.009 -28"><span class='ocrx_word' id='word_1_231' title='bbox 189 2988 254 3069; x_wconf 82' lang='grc' dir='ltr'><strong><em>φῆς</em></strong></span> <span class='ocrx_word' id='word_1_232' title='bbox 267 2983 365 3067; x_wconf 81' lang='grc' dir='ltr'><strong><em>χωρίς</em></strong></span> <span class='ocrx_word' id='word_1_233' title='bbox 386 2983 550 3071; x_wconf 79' lang='grc' dir='ltr'><strong><em>ἑκάστων,</em></strong></span> <span class='ocrx_word' id='word_1_234' title='bbox 571 2988 626 3053; x_wconf 80' lang='grc' dir='ltr'><strong><em>καί</em></strong></span> <span class='ocrx_word' id='word_1_235' title='bbox 641 2991 773 3074; x_wconf 86' lang='grc' dir='ltr'><strong><em>έρσενες</em></strong></span> <span class='ocrx_word' id='word_1_236' title='bbox 786 2989 841 3054; x_wconf 79' lang='grc' dir='ltr'><strong><em>καί</em></strong></span> <span class='ocrx_word' id='word_1_237' title='bbox 860 2985 982 3074; x_wconf 82' lang='grc' dir='ltr'><strong><em>θήλεαι</em></strong></span> <span class='ocrx_word' id='word_1_238' title='bbox 1002 3013 1071 3055; x_wconf 90' lang='grc' dir='ltr'><strong><em>των</em></strong></span> <span class='ocrx_word' id='word_1_239' title='bbox 1083 2993 1129 3057; x_wconf 73' lang='lat' dir='ltr'><strong><em>Ac</em></strong></span> <span class='ocrx_word' id='word_1_240' title='bbox 1128 3015 1196 3075; x_wconf 92' lang='grc' dir='ltr'><strong><em>γυ-</em></strong></span> <span class='ocrx_word' id='word_1_241' title='bbox 1274 3018 1275 3021; x_wconf 62' lang='grc'>’</span> 
     </span>
     <span class='ocr_line' id='line_1_29' title="bbox 187 3080 1197 3205; baseline 0.007 -57"><span class='ocrx_word' id='word_1_242' title='bbox 187 3085 309 3165; x_wconf 88' lang='grc' dir='ltr'><strong><em>πτίων,</em></strong></span> <span class='ocrx_word' id='word_1_243' title='bbox 329 3104 398 3147; x_wconf 87' lang='grc' dir='ltr'><strong><em>των</em></strong></span> <span class='ocrx_word' id='word_1_244' title='bbox 418 3095 495 3162; x_wconf 84' lang='grc' dir='ltr'><strong><em>παῖς</em></strong></span> <span class='ocrx_word' id='word_1_245' title='bbox 510 3080 600 3171; x_wconf 86' lang='grc' dir='ltr'><strong><em>παρά</em></strong></span> <span class='ocrx_word' id='word_1_246' title='bbox 615 3082 740 3205; x_wconf 83' lang='grc' dir='ltr'><strong><em>πατρὸς</em></strong></span> <span class='ocrx_word' id='word_1_247' title='bbox 755 3080 977 3153; x_wconf 76' lang='grc' dir='ltr'><strong><em>ἐκδέκεται</em></strong></span> <span class='ocrx_word' id='word_1_248' title='bbox 940 3109 1003 3171; x_wconf 83' lang='grc' dir='ltr'><strong><em>την</em></strong></span> <span class='ocrx_word' id='word_1_249' title='bbox 1018 3085 1126 3173; x_wconf 82' lang='grc' dir='ltr'><strong><em>τιμήν.</em></strong></span> <span class='ocrx_word' id='word_1_250' title='bbox 1161 3093 1197 3155; x_wconf 86' lang='grc' dir='ltr'><strong><em>οί</em></strong></span> 
     </span>
     <span class='ocr_line' id='line_1_30' title="bbox 188 3176 1195 3303; baseline 0 -56"><span class='ocrx_word' id='word_1_251' title='bbox 188 3177 225 3247; x_wconf 79' lang='lat'><strong><em>66</em></strong></span> <span class='ocrx_word' id='word_1_252' title='bbox 239 3178 276 3244; x_wconf 90' lang='grc' dir='ltr'><strong><em>έν</em></strong></span> <span class='ocrx_word' id='word_1_253' title='bbox 292 3181 367 3264; x_wconf 89' lang='grc' dir='ltr'><strong><em>τησι</em></strong></span> <span class='ocrx_word' id='word_1_254' title='bbox 382 3177 531 3247; x_wconf 79' lang='grc' dir='ltr'><strong><em>πόλισι”</em></strong></span> <span class='ocrx_word' id='word_1_255' title='bbox 511 3200 643 3250; x_wconf 86' lang='grc' dir='ltr'><strong><em>εκασιοι</em></strong></span> <span class='ocrx_word' id='word_1_256' title='bbox 659 3178 756 3303; x_wconf 82' lang='grc' dir='ltr'><strong><em>εύχάς</em></strong></span> <span class='ocrx_word' id='word_1_257' title='bbox 770 3179 870 3251; x_wconf 84' lang='grc' dir='ltr'><strong><em>τάσδε</em></strong></span> <span class='ocrx_word' id='word_1_258' title='bbox 885 3198 946 3266; x_wconf 87' lang='grc' dir='ltr'><strong><em>σφι</em></strong></span> <span class='ocrx_word' id='word_1_259' title='bbox 960 3176 1195 3249; x_wconf 66' lang='grc' dir='ltr'><strong><em>ἀποτελέουσι·</em></strong></span> 
     </span>
     <span class='ocr_line' id='line_1_31' title="bbox 188 3272 1197 3369; baseline 0 -23"><span class='ocrx_word' id='word_1_260' title='bbox 188 3273 409 3366; x_wconf 80' lang='grc' dir='ltr'><strong><em>εὐχόμενοι</em></strong></span> <span class='ocrx_word' id='word_1_261' title='bbox 378 3301 423 3343; x_wconf 89' lang='grc' dir='ltr'><strong><em>τω</em></strong></span> <span class='ocrx_word' id='word_1_262' title='bbox 440 3283 528 3368; x_wconf 77' lang='grc' dir='ltr'><strong><em>θεῷ,</em></strong></span> <span class='ocrx_word' id='word_1_263' title='bbox 543 3286 604 3348; x_wconf 86' lang='grc' dir='ltr'><strong><em>τοῦ</em></strong></span> <span class='ocrx_word' id='word_1_264' title='bbox 620 3275 664 3347; x_wconf 84' lang='grc' dir='ltr'><strong><em>ἀν</em></strong></span> <span class='ocrx_word' id='word_1_265' title='bbox 680 3272 702 3369; x_wconf 79' lang='grc' dir='ltr'><em>ᾗ</em></span> <span class='ocrx_word' id='word_1_266' title='bbox 718 3277 756 3347; x_wconf 87' lang='grc' dir='ltr'><strong><em>τό</em></strong></span> <span class='ocrx_word' id='word_1_267' title='bbox 773 3285 913 3367; x_wconf 88' lang='grc' dir='ltr'><strong><em>θηρίον,</em></strong></span> <span class='ocrx_word' id='word_1_268' title='bbox 936 3275 1108 3365; x_wconf 79' lang='grc' dir='ltr'><strong><em>ξνρέοντες</em></strong></span> <span class='ocrx_word' id='word_1_269' title='bbox 1124 3304 1197 3346; x_wconf 91' lang='grc' dir='ltr'><strong><em>των</em></strong></span> 
     </span>
     <span class='ocr_line' id='line_1_32' title="bbox 187 3367 1195 3495; baseline 0.002 -54"><span class='ocrx_word' id='word_1_270' title='bbox 187 3367 366 3458; x_wconf 89' lang='grc' dir='ltr'><strong><em>παιδίωνη</em></strong></span> <span class='ocrx_word' id='word_1_271' title='bbox 381 3378 493 3441; x_wconf 83' lang='grc' dir='ltr'><strong><em>πᾶσαν</em></strong></span> <span class='ocrx_word' id='word_1_272' title='bbox 512 3400 575 3463; x_wconf 90' lang='grc' dir='ltr'><strong><em>την</em></strong></span> <span class='ocrx_word' id='word_1_273' title='bbox 600 3372 752 3464; x_wconf 89' lang='grc' dir='ltr'><strong><em>κεφαλην</em></strong></span> <span class='ocrx_word' id='word_1_274' title='bbox 774 3403 795 3463; x_wconf 92' lang='grc' dir='ltr'><strong><em>η</em></strong></span> <span class='ocrx_word' id='word_1_275' title='bbox 811 3400 848 3443; x_wconf 90' lang='grc' dir='ltr'><strong><em>το</em></strong></span> <span class='ocrx_word' id='word_1_276' title='bbox 871 3369 1010 3495; x_wconf 82' lang='grc' dir='ltr'><strong><em>ηρισυη</em></strong></span> <span class='ocrx_word' id='word_1_277' title='bbox 1026 3370 1063 3443; x_wconf 84' lang='grc' dir='ltr'><strong><em>τό</em></strong></span> <span class='ocrx_word' id='word_1_278' title='bbox 1079 3380 1195 3463; x_wconf 87' lang='grc' dir='ltr'><strong><em>τρίτον</em></strong></span> 
     </span>
     <span class='ocr_line' id='line_1_33' title="bbox 186 3469 1197 3569; baseline 0.006 -31"><span class='ocrx_word' id='word_1_279' title='bbox 186 3474 338 3560; x_wconf 85' lang='grc' dir='ltr'><strong><em>μέρος</em></strong></span> <span class='ocrx_word' id='word_1_280' title='bbox 299 3494 356 3556; x_wconf 89' lang='grc' dir='ltr'><strong><em>της</em></strong></span> <span class='ocrx_word' id='word_1_281' title='bbox 376 3477 539 3562; x_wconf 80' lang='grc' dir='ltr'><strong><em>κεφαλῆς,</em></strong></span> <span class='ocrx_word' id='word_1_282' title='bbox 561 3478 669 3545; x_wconf 82' lang='grc' dir='ltr'><strong><em>ίστᾶσι</em></strong></span> <span class='ocrx_word' id='word_1_283' title='bbox 691 3480 829 3569; x_wconf 81' lang='grc' dir='ltr'><strong><em>σταθμφ</em></strong></span> <span class='ocrx_word' id='word_1_284' title='bbox 847 3470 931 3562; x_wconf 87' lang='grc' dir='ltr'><strong><em>πρός</em></strong></span> <span class='ocrx_word' id='word_1_285' title='bbox 949 3469 1114 3562; x_wconf 90' lang='grc' dir='ltr'><strong><em>ἀργύριον</em></strong></span> <span class='ocrx_word' id='word_1_286' title='bbox 1133 3472 1197 3557; x_wconf 87' lang='grc' dir='ltr'><strong><em>τάς</em></strong></span> 
     </span>
    </p>
   </div>
   <div class='ocr_carea' id='block_1_3' title="bbox 0 0 1288 3934">
    <p class='ocr_par' dir='ltr' id='par_1_3' title="bbox 0 0 1288 3934">
     <span class='ocr_line' id='line_1_34' title="bbox 0 0 1288 3934; baseline 0 1"><span class='ocrx_word' id='word_1_287' title='bbox 0 0 1288 3934; x_wconf 95' lang='lat' dir='ltr'><strong><em> </em></strong></span> 
     </span>
    </p>
   </div>
  </div>
 </body>
</html>
