2566 3934
329 262 418 320 ΗΒ.
450 264 469 319 1.
503 264 599 321 οΑΡ.
632 267 806 323 189--192¹
1008 253 1067 319 101

61 428 179 497 ἐσιέναι
194 427 306 515 ταύτη
329 428 363 503 ές
379 422 441 511 τήν
455 424 563 493 πόλιν.
596 419 685 489 οὕτω
701 446 736 488 τε
750 418 790 507 δή
805 420 903 502 τάξας
916 423 971 490 καί
985 417 1068 488 κατά

61 532 158 593 ταῦτα
179 528 394 613 παραινέσας
408 520 581 611 ἀπήλαυνε
603 518 704 601 αύτός
728 518 794 587 σύν
808 527 853 612 τῷ
869 519 992 612 ιἰχρηίω
1005 525 1067 588 τοῦ

61 629 213 708 στρατοῦ.
245 621 451 710 ἀπικόμενος
468 621 504 691 δέ
522 622 574 690 ἐπί
587 617 650 707 τήν
669 626 809 707 λίμνην,
838 618 942 706 τάπερ
959 617 1066 741 ήτῶν

61 727 293 809 Βαβυλωνίων
307 729 457 810 βασίλεια
472 724 607 807 ἐποίησε
619 720 703 788 κατά
717 745 753 788 τε
766 718 827 788 τὸν
841 717 993 807 ποταμόν
1012 719 1068 786 καὶ

61 848 140 888 κατα
166 818 235 907 τήν
259 827 399 942 λίμνην,
427 826 534 893 έποίεε
558 820 648 891 ααίό
668 825 817 910 Κῦρος”
797 849 893 940 ετμρα
912 827 1066 892 τοιαῦτα

60 914 116 989 τόν
125 943 196 1007 μαρ
217 918 372 1007 ποταμόν
388 922 526 1010 διώρυχι
541 917 716 1006 ἐσαγαγὼν
731 917 812 997 ἐς
778 945 849 1088 τηνῖ
853 927 975 1008 λίμνην
989 923 1068 989 έοῦ-

61 1042 121 1086 σαν
142 1021 239 1138 ἕλος,
272 1014 309 1086 τό
332 1016 470 1108 άρχαίον
485 1023 628 1110 ῥέεθρον
645 1016 849 1105 διαβατόνί
819 1045 835 1086 ε
847 1048 903 1090 ναι
924 1023 1068 1107 ἐποίησε,

62 1116 429 1207 ὕπονοστήσαντοςτοῦ
440 1124 599 1205 ποταμοῦ.
622 1119 807 1204 γενομένου
819 1119 854 1187 δὲ
865 1118 987 1188 τούτου
997 1143 1067 1186 τοι·

62 1215 182 1304 ούτου,
211 1222 248 1286 οί
266 1220 411 1307 Πέρσαι,
448 1221 543 1305 οίπερ
573 1216 744 1303 ἐτετάχατο
767 1213 818 1284 ἐπ’
846 1214 936 1308 αύτῷ
959 1214 1067 1306 τούτῳ

63 1309 142 1380 κατὰ
156 1310 197 1380 τό
216 1316 363 1403 ῥέεθρον
376 1322 439 1384 τοῦ
453 1314 655 1403 Εὐφρήτεω,
675 1320 826 1400 ποταμοῦ
841 1310 1068 1398 ὑπονενοστη-

64 1411 157 1492 ιιότος
172 1410 277 1502 ἀνδρί
291 1412 335 1495 ὡς
349 1419 382 1495 ἐς
395 1419 498 1503 μέσον
512 1412 623 1501 μηρόν
638 1414 782 1501 μάλιστά
797 1441 856 1504 κη,
871 1411 954 1483 κατὰ
968 1419 1067 1481 τοῦτο

67 1512 201 1599 ἐσήισαν
216 1513 253 1591 ές
265 1509 329 1601 τήν
347 1521 543 1602 Βαβυλῶνα.
574 1519 604 1581 εί
621 1514 684 1600 μέν
703 1539 770 1581 νυν
789 1512 1026 1602 προεπύθοπο
1046 1505 1069 1597 ή

68 1613 195 1693 ἔμαθον
210 1614 247 1678 οί
258 1611 471 1697 Βαβυλώνιοι
484 1609 522 1680 τό
541 1613 578 1679 ἐκ
592 1616 653 1679 τοῦ
668 1610 788 1696 Κύρου
803 1610 1021 1700 ποιεύμενον,
1038 1612 1072 1678 οί

69 1705 94 1773 d'
117 1704 162 1776 ἂν
182 1709 395 1797 περιιδόντες
413 1710 492 1792 τούς
505 1715 638 1799 Πέρσας
660 1714 811 1780 ἐσελθεῖν
834 1714 867 1799 ἐς
886 1709 949 1801 τήν
969 1711 1069 1781 πόλιν

69 1809 267 1897 διέφθειραν
281 1811 436 1881 κάκιστα·
459 1817 736 1899 κατακληίσαντες
751 1808 817 1899 γάρ
832 1806 876 1880 άν
890 1811 998 1892 πάσας
1011 1808 1070 1892 τάς

70 1904 170 1984 έςτόν
185 1908 340 1997 ποταμόν
355 1916 496 1992 πυλίδας
511 1912 651 1999 ἐχούσας
661 1912 717 1979 καί
727 1908 823 1979 αύτοί
837 1913 890 1981 ἐπί
900 1908 959 1991 τάς
969 1915 1069 1997 αίμα-

70 2001 137 2083 σαὶς
151 2003 343 2094 ἀναβάντες
356 2009 415 2090 τάς
428 2010 518 2097 παρὰ
533 2008 573 2078 τά
587 2016 696 2096 χείλεα
709 2015 771 2091 τοῦ
785 2017 937 2096 ποταμοῦ
951 2012 1071 2096 ἐληλα-

71 2109 181 2192 μένας,
197 2113 322 2195 ἔλαβον
336 2109 379 2178 άν
393 2131 497 2198 σφεας
515 2108 558 2191 ὡς
573 2114 610 2179 ἐν
625 2110 741 2197 κύρτη.
763 2114 830 2176 νῦν
843 2109 881 2177 σε
895 2110 928 2189 ἐξ
942 2105 1070 2195 άπροσ-

72 2204 210 2292 ίοκήτον
231 2224 294 2292 σφι
310 2212 521 2296 παρέστησαν
543 2213 577 2277 οί
591 2209 728 2295 Πέρσαι.
761 2201 829 2273 ὑπό
854 2204 891 2274 δέ
904 2205 1071 2293 μεγάθεος

71 2309 121 2388 τῆς
132 2304 272 2390 πόλιος,
294 2303 338 2386 ὡς
351 2310 481 2393 λέγεται
495 2304 562 2375 ὑπὸ
578 2312 647 2374 τεόν
659 2305 763 2394 παύση
775 2306 979 2393 οἰκημένων,
1001 2312 1070 2374 τῶν

72 2399 190 2487 περί
151 2429 194 2472 τα
210 2409 380 2489 ἔσχατα
340 2430 397 2492 της
412 2405 529 2485 πόλιος
542 2404 739 2474 ἑαλωκότων
751 2399 830 2482 τούς
844 2430 882 2472 το
872 2400 1004 2492 μέσον
1019 2410 1070 2472 οί-

72 2504 203 2582 νέοντας
232 2510 302 2570 τῶν
325 2509 555 2591 Βαβυλωνίων
585 2500 627 2571 ού
651 2501 842 2590 μανθάνειν
874 2501 1069 2590 ἑαλωκότας,
1165 2543 1167 2551 1

73 2597 165 2689 ἄλλα,
185 2618 301 2690 τυχεῖν
317 2603 382 2690 γάρ
403 2624 465 2692 σφι
485 2600 644 2674 ἐοῦσαν
629 2601 762 2692 ορτήν,
769 2601 923 2689 χορεύων
940 2630 984 2672 τε
989 2612 1070 2672 τοῦ·

72 2731 125 2772 τον
137 2703 200 2774 τὸν
213 2702 340 2792 χρόνον
356 2709 411 2774 καί
430 2707 468 2773 έν
482 2702 680 2794 εύπαθείησι
695 2702 797 2823 εἶναι,
815 2698 882 2781 ἐς“
862 2729 880 2770 ο
896 2700 936 2791 σή
958 2698 1067 2772 καί
1032 2731 1071 2773 το

73 2804 170 2891 κάρτα
185 2802 367 2871 ἐπύθοντο
400 2807 456 2873 καί
472 2802 640 2892 Βαβυλων
653 2798 779 2892 μέν”
736 2827 825 2869 ουτω
844 2801 920 2871 τότε
935 2811 1070 2893 πρωτον

73 2899 237 2992 α’ραίρητο.

153 3000 227 3091 Τήν
241 3002 280 3071 δέ
293 3003 440 3091 δύναμιν
453 3010 522 3072 τῶν
531 3009 761 3092 Βαβυλωνίων
774 3011 928 3072 πολλοῖσι
940 3006 1001 3091 μέν
1015 3004 1071 3072 καί
1084 3025 1133 3079 ιον

73 3098 199 3173 αλλοισι
213 3101 414 3191 δηλέσω,“
393 3124 456 3191 οση
472 3131 522 3183 τις
545 3106 629 3192 ἐστί,
651 3104 739 3173 ἐνσὲ
756 3100 796 3191 δή
812 3103 874 3172 καί
885 3108 978 3196 τῷδε.
1006 3112 1070 3192 βα-

74 3202 152 3270 σιλέι
168 3227 215 3269 τω
236 3201 385 3293 μεγάλω·
391 3203 425 3280 ές
440 3199 571 3291 τροφήν
588 3198 693 3269 αὐτοῦ
716 3225 753 3272 σε
771 3200 880 3267 καί
840 3224 898 3287 της
917 3206 1070 3288 στρατιῆς

78 3270 298 3421 διαραίρηται,
319 3299 423 3387 πάρεξ
444 3306 506 3367 τοῦ
526 3300 654 3387 φόρου,
674 3297 720 3385 μή
738 3291 843 3414 πᾶσα,
865 3294 961 3413 ὅσης
965 3296 1067 3380 ἄρχει

77 3387 261 3467 Mein
231 3423 282 3466 ων
296 3423 414 3485 μηνων
427 3397 555 3466 ἐόντων
569 3395 650 3477 ἐς
615 3423 677 3466 τον
691 3389 849 3465 ἐνιαυτόν
862 3388 949 3465 τούς
957 3390 1071 3454 τέσσε-

78 3516 130 3573 ρας
142 3505 248 3585 μῆνας
260 3498 376 3585 τρέφει
390 3522 449 3583 μιν
463 3523 484 3584 η
472 3493 696 3583 ’Βαβυλωνίη
711 3493 821 3579 χάρη,
841 3483 921 3559 τούς
934 3476 1001 3546 δέ
984 3496 1070 3543 ⁰W⁰

1070 3818 1097 3859 A
