<?xml version="1.0" encoding="UTF-8"?>
<!DOCTYPE html PUBLIC "-//W3C//DTD XHTML 1.0 Transitional//EN"
    "http://www.w3.org/TR/xhtml1/DTD/xhtml1-transitional.dtd">
<html xmlns="http://www.w3.org/1999/xhtml" xml:lang="en" lang="en">
 <head>
  <title>
</title>
<meta http-equiv="Content-Type" content="text/html;charset=utf-8" />
  <meta name='ocr-system' content='tesseract 3.04.00' />
  <meta name='ocr-capabilities' content='ocr_page ocr_carea ocr_par ocr_line ocrx_word'/>
</head>
<body>
  <div class='ocr_page' id='page_1' title='image "./historiarumlibr03herogoog_0017.png"; bbox 0 0 2536 3934; ppageno 0'>
   <div class='ocr_carea' id='block_1_1' title="bbox 202 224 826 290">
    <p class='ocr_par' dir='ltr' id='par_1_1' title="bbox 202 224 826 290">
     <span class='ocr_line' id='line_1_1' title="bbox 202 224 826 290; baseline -0.002 -4"><span class='ocrx_word' id='word_1_1' title='bbox 202 224 224 286; x_wconf 85' lang='lat'>8</span> <span class='ocrx_word' id='word_1_2' title='bbox 576 228 826 290; x_wconf 77' lang='lat' dir='ltr'><strong>HERODO&#39;I&#39;I</strong></span> 
     </span>
    </p>
   </div>
   <div class='ocr_carea' id='block_1_2' title="bbox 153 383 1253 3560">
    <p class='ocr_par' dir='ltr' id='par_1_2' title="bbox 202 383 1202 477">
     <span class='ocr_line' id='line_1_2' title="bbox 202 383 1202 477; baseline -0.001 -23"><span class='ocrx_word' id='word_1_3' title='bbox 202 383 349 474; x_wconf 77' lang='grc' dir='ltr'><strong><em>ἀνέθηκε</em></strong></span> <span class='ocrx_word' id='word_1_4' title='bbox 363 384 563 477; x_wconf 75' lang='grc' dir='ltr'><strong><em>ἀναθήματα</em></strong></span> <span class='ocrx_word' id='word_1_5' title='bbox 579 387 660 477; x_wconf 86' lang='grc' dir='ltr'><strong><em>μετά</em></strong></span> <span class='ocrx_word' id='word_1_6' title='bbox 676 395 793 476; x_wconf 92' lang='grc' dir='ltr'><strong><em>Μίδην</em></strong></span> <span class='ocrx_word' id='word_1_7' title='bbox 804 387 865 458; x_wconf 83' lang='grc' dir='ltr'><strong><em>τόν</em></strong></span> <span class='ocrx_word' id='word_1_8' title='bbox 874 391 1034 475; x_wconf 88' lang='grc' dir='ltr'><strong><em>Γορδίεω,</em></strong></span> <span class='ocrx_word' id='word_1_9' title='bbox 1050 391 1202 473; x_wconf 78' lang='grc' dir='ltr'><strong><em>Φρυγίης</em></strong></span> 
     </span>
    </p>

    <p class='ocr_par' dir='ltr' id='par_1_3' title="bbox 171 486 1252 1468">
     <span class='ocr_line' id='line_1_3' title="bbox 171 486 1202 576; baseline 0.001 -26"><span class='ocrx_word' id='word_1_10' title='bbox 171 554 177 561; x_wconf 75' lang='grc'><strong><em>,</em></strong></span> <span class='ocrx_word' id='word_1_11' title='bbox 201 488 347 571; x_wconf 76' lang='grc' dir='ltr'><em>βασιλέα.</em></span> <span class='ocrx_word' id='word_1_12' title='bbox 372 486 518 575; x_wconf 75' lang='grc' dir='ltr'><strong><em>ἀνέθηκε</em></strong></span> <span class='ocrx_word' id='word_1_13' title='bbox 532 487 598 576; x_wconf 81' lang='grc' dir='ltr'><strong><em>γάρ</em></strong></span> <span class='ocrx_word' id='word_1_14' title='bbox 614 487 654 576; x_wconf 87' lang='grc' dir='ltr'><strong><em>δή</em></strong></span> <span class='ocrx_word' id='word_1_15' title='bbox 667 494 721 557; x_wconf 79' lang='grc' dir='ltr'><strong><em>καί</em></strong></span> <span class='ocrx_word' id='word_1_16' title='bbox 732 493 847 575; x_wconf 89' lang='grc' dir='ltr'><strong><em>Μίδης</em></strong></span> <span class='ocrx_word' id='word_1_17' title='bbox 854 486 915 557; x_wconf 85' lang='grc' dir='ltr'><strong><em>τόν</em></strong></span> <span class='ocrx_word' id='word_1_18' title='bbox 926 486 1101 575; x_wconf 79' lang='grc' dir='ltr'><strong><em>βασιλήιον</em></strong></span> <span class='ocrx_word' id='word_1_19' title='bbox 1110 486 1202 571; x_wconf 73' lang='grc' dir='ltr'><strong><em>δρό-</em></strong></span> 
     </span>
     <span class='ocr_line' id='line_1_4' title="bbox 201 584 1200 675; baseline 0.002 -26"><span class='ocrx_word' id='word_1_20' title='bbox 201 609 281 670; x_wconf 92' lang='grc' dir='ltr'><strong><em>νον,</em></strong></span> <span class='ocrx_word' id='word_1_21' title='bbox 313 588 346 664; x_wconf 89' lang='grc' dir='ltr'><strong><em>ἐς</em></strong></span> <span class='ocrx_word' id='word_1_22' title='bbox 372 584 434 653; x_wconf 84' lang='grc' dir='ltr'><strong><em>τόν</em></strong></span> <span class='ocrx_word' id='word_1_23' title='bbox 457 594 664 675; x_wconf 79' lang='grc' dir='ltr'><strong><em>προκατίζων</em></strong></span> <span class='ocrx_word' id='word_1_24' title='bbox 687 591 829 673; x_wconf 80' lang='grc' dir='ltr'><strong><em>ἐδίκαζε,</em></strong></span> <span class='ocrx_word' id='word_1_25' title='bbox 861 587 959 656; x_wconf 85' lang='grc' dir='ltr'><strong><em>ἐόντα</em></strong></span> <span class='ocrx_word' id='word_1_26' title='bbox 984 584 1200 672; x_wconf 80' lang='grc' dir='ltr'><strong><em>ἀξιοθηητον·</em></strong></span> 
     </span>
     <span class='ocr_line' id='line_1_5' title="bbox 201 680 1203 773; baseline 0.002 -23"><span class='ocrx_word' id='word_1_27' title='bbox 201 687 309 751; x_wconf 79' lang='grc' dir='ltr'><strong><em>κέεται</em></strong></span> <span class='ocrx_word' id='word_1_28' title='bbox 329 685 366 752; x_wconf 71' lang='grc' dir='ltr'><strong><em>δὲ</em></strong></span> <span class='ocrx_word' id='word_1_29' title='bbox 387 682 405 754; x_wconf 89' lang='grc' dir='ltr'>ὁ</span> <span class='ocrx_word' id='word_1_30' title='bbox 420 686 548 773; x_wconf 75' lang='grc' dir='ltr'><strong><em>θρόνος</em></strong></span> <span class='ocrx_word' id='word_1_31' title='bbox 563 680 661 766; x_wconf 79' lang='grc' dir='ltr'><strong><em>οὗτος</em></strong></span> <span class='ocrx_word' id='word_1_32' title='bbox 678 693 830 772; x_wconf 73' lang='grc' dir='ltr'><strong><em>ἔνθαπερ</em></strong></span> <span class='ocrx_word' id='word_1_33' title='bbox 858 692 893 755; x_wconf 90' lang='grc' dir='ltr'><strong><em>οί</em></strong></span> <span class='ocrx_word' id='word_1_34' title='bbox 906 692 967 755; x_wconf 84' lang='grc' dir='ltr'><strong><em>τοῦ</em></strong></span> <span class='ocrx_word' id='word_1_35' title='bbox 980 687 1099 772; x_wconf 88' lang='grc' dir='ltr'><strong><em>Γύγεω</em></strong></span> <span class='ocrx_word' id='word_1_36' title='bbox 1116 711 1203 772; x_wconf 90' lang='grc' dir='ltr'><strong><em>κρη-</em></strong></span> 
     </span>
     <span class='ocr_line' id='line_1_6' title="bbox 200 778 1201 874; baseline 0.004 -26"><span class='ocrx_word' id='word_1_37' title='bbox 200 788 305 869; x_wconf 90' lang='grc' dir='ltr'><strong><em>τήρες.</em></strong></span> <span class='ocrx_word' id='word_1_38' title='bbox 336 779 354 851; x_wconf 88' lang='grc' dir='ltr'><strong><em>δ</em></strong></span> <span class='ocrx_word' id='word_1_39' title='bbox 373 783 409 851; x_wconf 70' lang='grc' dir='ltr'><strong><em>δὲ</em></strong></span> <span class='ocrx_word' id='word_1_40' title='bbox 428 781 552 871; x_wconf 80' lang='grc' dir='ltr'><strong><em>χρυσός</em></strong></span> <span class='ocrx_word' id='word_1_41' title='bbox 566 778 665 864; x_wconf 76' lang='grc' dir='ltr'><strong><em>οὗτος</em></strong></span> <span class='ocrx_word' id='word_1_42' title='bbox 681 791 736 854; x_wconf 80' lang='grc' dir='ltr'><strong><em>καί</em></strong></span> <span class='ocrx_word' id='word_1_43' title='bbox 753 784 771 854; x_wconf 86' lang='grc' dir='ltr'>ὁ</span> <span class='ocrx_word' id='word_1_44' title='bbox 790 784 953 874; x_wconf 86' lang='grc' dir='ltr'><strong><em>ἀργυρος,</em></strong></span> <span class='ocrx_word' id='word_1_45' title='bbox 977 782 1039 854; x_wconf 83' lang='grc' dir='ltr'><strong><em>τόν</em></strong></span> <span class='ocrx_word' id='word_1_46' title='bbox 1054 783 1072 852; x_wconf 88' lang='grc' dir='ltr'>ὁ</span> <span class='ocrx_word' id='word_1_47' title='bbox 1087 786 1201 871; x_wconf 87' lang='grc' dir='ltr'><strong><em>Γύγης</em></strong></span> 
     </span>
     <span class='ocr_line' id='line_1_7' title="bbox 201 877 1204 971; baseline 0.006 -26"><span class='ocrx_word' id='word_1_48' title='bbox 201 877 365 966; x_wconf 79' lang='grc' dir='ltr'><strong><em>ἀνέθηκε,</em></strong></span> <span class='ocrx_word' id='word_1_49' title='bbox 386 877 454 949; x_wconf 86' lang='grc' dir='ltr'><strong><em>ύπό</em></strong></span> <span class='ocrx_word' id='word_1_50' title='bbox 471 890 621 970; x_wconf 72' lang='grc' dir='ltr'><strong><em>Δελφῶν</em></strong></span> <span class='ocrx_word' id='word_1_51' title='bbox 634 888 786 953; x_wconf 78' lang='grc' dir='ltr'><strong><em>καλέεται</em></strong></span> <span class='ocrx_word' id='word_1_52' title='bbox 800 886 955 971; x_wconf 79' lang='grc' dir='ltr'><strong><em>Γυγάδας</em></strong></span> <span class='ocrx_word' id='word_1_53' title='bbox 972 887 1025 954; x_wconf 78' lang='grc' dir='ltr'><strong><em>ἐπὶ</em></strong></span> <span class='ocrx_word' id='word_1_54' title='bbox 1040 891 1101 953; x_wconf 82' lang='grc' dir='ltr'><strong><em>τοῦ</em></strong></span> <span class='ocrx_word' id='word_1_55' title='bbox 1115 882 1204 953; x_wconf 87' lang='grc' dir='ltr'><strong><em>ἀνα-</em></strong></span> 
     </span>
     <span class='ocr_line' id='line_1_8' title="bbox 200 976 1252 1073; baseline 0.008 -30"><span class='ocrx_word' id='word_1_56' title='bbox 200 980 321 1055; x_wconf 75' lang='grc' dir='ltr'><strong><em>θέντος</em></strong></span> <span class='ocrx_word' id='word_1_57' title='bbox 343 980 546 1067; x_wconf 79' lang='grc' dir='ltr'><strong><em>ἐπωνυμίην.</em></strong></span> <span class='ocrx_word' id='word_1_58' title='bbox 580 985 715 1071; x_wconf 78' lang='grc' dir='ltr'><strong><em>ἐσέβαλε</em></strong></span> <span class='ocrx_word' id='word_1_59' title='bbox 731 988 794 1069; x_wconf 89' lang='grc' dir='ltr'><strong><em>μέν</em></strong></span> <span class='ocrx_word' id='word_1_60' title='bbox 813 1011 879 1051; x_wconf 91' lang='grc' dir='ltr'><strong><em>νυν</em></strong></span> <span class='ocrx_word' id='word_1_61' title='bbox 893 983 1051 1071; x_wconf 86' lang='grc' dir='ltr'><strong><em>στρατιήν</em></strong></span> <span class='ocrx_word' id='word_1_62' title='bbox 1067 987 1122 1065; x_wconf 79' lang='grc' dir='ltr'><strong><em>καὶ</em></strong></span> <span class='ocrx_word' id='word_1_63' title='bbox 1137 976 1200 1051; x_wconf 80' lang='grc' dir='ltr'><strong><em>οὗ·</em></strong></span> <span class='ocrx_word' id='word_1_64' title='bbox 1251 1062 1252 1073; x_wconf 34' lang='grc'><strong><em>,</em></strong></span> 
     </span>
     <span class='ocr_line' id='line_1_9' title="bbox 199 1072 1202 1171; baseline 0.009 -28"><span class='ocrx_word' id='word_1_65' title='bbox 199 1104 272 1163; x_wconf 92' lang='grc' dir='ltr'><strong><em>τος,</em></strong></span> <span class='ocrx_word' id='word_1_66' title='bbox 297 1079 405 1146; x_wconf 79' lang='grc' dir='ltr'><strong><em>ἐπείτε</em></strong></span> <span class='ocrx_word' id='word_1_67' title='bbox 429 1072 526 1167; x_wconf 82' lang='grc' dir='ltr'><strong><em>ήρξε,</em></strong></span> <span class='ocrx_word' id='word_1_68' title='bbox 548 1088 581 1160; x_wconf 90' lang='grc' dir='ltr'><strong><em>ἐς</em></strong></span> <span class='ocrx_word' id='word_1_69' title='bbox 601 1108 638 1150; x_wconf 92' lang='grc' dir='ltr'><strong><em>τε</em></strong></span> <span class='ocrx_word' id='word_1_70' title='bbox 651 1089 807 1168; x_wconf 88' lang='grc' dir='ltr'><strong><em>Μίλητον</em></strong></span> <span class='ocrx_word' id='word_1_71' title='bbox 820 1084 876 1151; x_wconf 81' lang='grc' dir='ltr'><strong><em>καὶ</em></strong></span> <span class='ocrx_word' id='word_1_72' title='bbox 890 1085 923 1161; x_wconf 86' lang='grc' dir='ltr'><strong><em>ἐς</em></strong></span> <span class='ocrx_word' id='word_1_73' title='bbox 940 1084 1122 1171; x_wconf 90' lang='grc' dir='ltr'><strong><em>Σμύρνην,</em></strong></span> <span class='ocrx_word' id='word_1_74' title='bbox 1144 1086 1202 1151; x_wconf 80' lang='grc' dir='ltr'><strong><em>καὶ</em></strong></span> 
     </span>
     <span class='ocr_line' id='line_1_10' title="bbox 200 1175 1203 1270; baseline 0 -23"><span class='ocrx_word' id='word_1_75' title='bbox 200 1184 405 1264; x_wconf 77' lang='grc' dir='ltr'><strong><em>Κολοφῶνος</em></strong></span> <span class='ocrx_word' id='word_1_76' title='bbox 424 1179 462 1247; x_wconf 89' lang='grc' dir='ltr'>τὸ</span> <span class='ocrx_word' id='word_1_77' title='bbox 485 1178 569 1249; x_wconf 89' lang='grc' dir='ltr'><strong><em>ἀστν</em></strong></span> <span class='ocrx_word' id='word_1_78' title='bbox 590 1175 665 1250; x_wconf 84' lang='grc' dir='ltr'><strong><em>εἷλε.</em></strong></span> <span class='ocrx_word' id='word_1_79' title='bbox 695 1179 764 1250; x_wconf 80' lang='grc' dir='ltr'><strong><em>ἀλλ’</em></strong></span> <span class='ocrx_word' id='word_1_80' title='bbox 787 1180 887 1249; x_wconf 74' lang='grc' dir='ltr'><strong><em>οὐδὲν</em></strong></span> <span class='ocrx_word' id='word_1_81' title='bbox 907 1180 972 1270; x_wconf 86' lang='grc' dir='ltr'><strong><em>γάρ</em></strong></span> <span class='ocrx_word' id='word_1_82' title='bbox 995 1185 1078 1269; x_wconf 85' lang='grc' dir='ltr'><strong><em>μέγα</em></strong></span> <span class='ocrx_word' id='word_1_83' title='bbox 1099 1187 1203 1268; x_wconf 88' lang='grc' dir='ltr'><strong><em>ἐργον</em></strong></span> 
     </span>
     <span class='ocr_line' id='line_1_11' title="bbox 201 1274 1252 1369; baseline -0.001 -23"><span class='ocrx_word' id='word_1_84' title='bbox 201 1274 253 1346; x_wconf 88' lang='grc' dir='ltr'><strong><em>ἀπ’</em></strong></span> <span class='ocrx_word' id='word_1_85' title='bbox 266 1275 371 1347; x_wconf 82' lang='grc' dir='ltr'><strong><em>αὐτοῦ</em></strong></span> <span class='ocrx_word' id='word_1_86' title='bbox 380 1277 461 1348; x_wconf 85' lang='grc' dir='ltr'><strong><em>ἀλλο</em></strong></span> <span class='ocrx_word' id='word_1_87' title='bbox 472 1283 602 1366; x_wconf 84' lang='grc' dir='ltr'><strong><em>ἐγένετο</em></strong></span> <span class='ocrx_word' id='word_1_88' title='bbox 613 1282 874 1369; x_wconf 82' lang='grc' dir='ltr'><strong><em>βασιλεύσαντος</em></strong></span> <span class='ocrx_word' id='word_1_89' title='bbox 889 1286 981 1348; x_wconf 72' lang='grc' dir='ltr'><strong><em>δυῶν</em></strong></span> <span class='ocrx_word' id='word_1_90' title='bbox 992 1283 1109 1348; x_wconf 91' lang='grc' dir='ltr'><strong><em>δέοντα</em></strong></span> <span class='ocrx_word' id='word_1_91' title='bbox 1123 1298 1202 1346; x_wconf 84' lang='grc' dir='ltr'><strong><em>τεσ-</em></strong></span> <span class='ocrx_word' id='word_1_92' title='bbox 1251 1352 1252 1357; x_wconf 14' lang='lat'>1</span> 
     </span>
     <span class='ocr_line' id='line_1_12' title="bbox 201 1379 1203 1468; baseline -0.002 -23"><span class='ocrx_word' id='word_1_93' title='bbox 201 1379 385 1465; x_wconf 86' lang='grc' dir='ltr'><strong><em>οεράκοντα</em></strong></span> <span class='ocrx_word' id='word_1_94' title='bbox 407 1387 498 1466; x_wconf 87' lang='grc' dir='ltr'><strong><em>ἐτεα,</em></strong></span> <span class='ocrx_word' id='word_1_95' title='bbox 519 1389 641 1450; x_wconf 79' lang='grc' dir='ltr'><strong><em>τοῦτον</em></strong></span> <span class='ocrx_word' id='word_1_96' title='bbox 662 1382 725 1467; x_wconf 74' lang='grc' dir='ltr'><strong><em>μέν</em></strong></span> <span class='ocrx_word' id='word_1_97' title='bbox 744 1381 940 1468; x_wconf 83' lang='grc' dir='ltr'><strong><em>παρήσομεν</em></strong></span> <span class='ocrx_word' id='word_1_98' title='bbox 961 1385 1105 1447; x_wconf 79' lang='grc' dir='ltr'><strong><em>τοσαῦτα</em></strong></span> <span class='ocrx_word' id='word_1_99' title='bbox 1126 1379 1203 1444; x_wconf 87' lang='grc' dir='ltr'><strong><em>ἐπι·</em></strong></span> 
     </span>
    </p>

    <p class='ocr_par' dir='ltr' id='par_1_4' title="bbox 160 1479 1203 1668">
     <span class='ocr_line' id='line_1_13' title="bbox 160 1479 1202 1569; baseline -0.002 -22"><span class='ocrx_word' id='word_1_100' title='bbox 160 1484 414 1566; x_wconf 70' lang='grc' dir='ltr'><strong><em>Ιεμνησδέυτες.</em></strong></span> <span class='ocrx_word' id='word_1_101' title='bbox 436 1480 579 1569; x_wconf 62' lang='grc' dir='ltr'><strong><em>Ἄρδυος</em></strong></span> <span class='ocrx_word' id='word_1_102' title='bbox 601 1482 638 1550; x_wconf 76' lang='grc' dir='ltr'><strong><em>δέ</em></strong></span> <span class='ocrx_word' id='word_1_103' title='bbox 658 1489 720 1549; x_wconf 82' lang='grc' dir='ltr'><strong><em>τοῦ</em></strong></span> <span class='ocrx_word' id='word_1_104' title='bbox 733 1482 851 1568; x_wconf 88' lang='grc' dir='ltr'><strong><em>Γύγεω</em></strong></span> <span class='ocrx_word' id='word_1_105' title='bbox 873 1479 954 1569; x_wconf 84' lang='grc' dir='ltr'><strong><em>μετά</em></strong></span> <span class='ocrx_word' id='word_1_106' title='bbox 969 1481 1089 1569; x_wconf 80' lang='grc' dir='ltr'><strong><em>Γύγην</em></strong></span> <span class='ocrx_word' id='word_1_107' title='bbox 1102 1487 1202 1568; x_wconf 74' lang='grc' dir='ltr'><strong><em>βασι-</em></strong></span> 
     </span>
     <span class='ocr_line' id='line_1_14' title="bbox 200 1572 1203 1668; baseline -0.004 -20"><span class='ocrx_word' id='word_1_108' title='bbox 200 1580 382 1658; x_wconf 89' lang='grc' dir='ltr'><strong><em>λεύσαντος</em></strong></span> <span class='ocrx_word' id='word_1_109' title='bbox 407 1579 542 1668; x_wconf 82' lang='grc' dir='ltr'><strong><em>μνήμην</em></strong></span> <span class='ocrx_word' id='word_1_110' title='bbox 568 1583 759 1668; x_wconf 88' lang='grc' dir='ltr'><strong><em>ποιήσομαι.</em></strong></span> <span class='ocrx_word' id='word_1_111' title='bbox 799 1572 896 1659; x_wconf 80' lang='grc' dir='ltr'><strong><em>οὗτος</em></strong></span> <span class='ocrx_word' id='word_1_112' title='bbox 917 1583 954 1648; x_wconf 73' lang='grc' dir='ltr'><strong><em>δὲ</em></strong></span> <span class='ocrx_word' id='word_1_113' title='bbox 973 1581 1140 1667; x_wconf 89' lang='grc' dir='ltr'><strong><em>Πριηνέας</em></strong></span> <span class='ocrx_word' id='word_1_114' title='bbox 1164 1603 1203 1645; x_wconf 90' lang='grc' dir='ltr'><strong><em>τε</em></strong></span> 
     </span>
    </p>

    <p class='ocr_par' dir='ltr' id='par_1_5' title="bbox 153 1676 1253 2068">
     <span class='ocr_line' id='line_1_15' title="bbox 153 1676 1203 1770; baseline -0.007 -21"><span class='ocrx_word' id='word_1_115' title='bbox 153 1728 158 1735; x_wconf 50' lang='lat'>1</span> <span class='ocrx_word' id='word_1_116' title='bbox 201 1679 267 1751; x_wconf 84' lang='grc' dir='ltr'><strong><em>εἷλε</em></strong></span> <span class='ocrx_word' id='word_1_117' title='bbox 282 1685 315 1762; x_wconf 90' lang='grc' dir='ltr'><strong><em>ἐς</em></strong></span> <span class='ocrx_word' id='word_1_118' title='bbox 330 1684 486 1768; x_wconf 89' lang='grc' dir='ltr'><strong><em>Μίλητόν</em></strong></span> <span class='ocrx_word' id='word_1_119' title='bbox 498 1709 535 1751; x_wconf 86' lang='grc' dir='ltr'><strong><em>τε</em></strong></span> <span class='ocrx_word' id='word_1_120' title='bbox 549 1686 700 1770; x_wconf 82' lang='grc' dir='ltr'><strong><em>ἐσέβαλε,</em></strong></span> <span class='ocrx_word' id='word_1_121' title='bbox 710 1682 769 1749; x_wconf 81' lang='grc' dir='ltr'><strong><em>’ἐπί</em></strong></span> <span class='ocrx_word' id='word_1_122' title='bbox 782 1682 905 1748; x_wconf 90' lang='grc' dir='ltr'><strong><em>τούτου</em></strong></span> <span class='ocrx_word' id='word_1_123' title='bbox 920 1706 956 1748; x_wconf 92' lang='grc' dir='ltr'><strong><em>τε</em></strong></span> <span class='ocrx_word' id='word_1_124' title='bbox 970 1676 1203 1767; x_wconf 88' lang='grc' dir='ltr'><strong><em>τυραννεύον-</em></strong></span> 
     </span>
     <span class='ocr_line' id='line_1_16' title="bbox 199 1775 1204 1870; baseline -0.004 -23"><span class='ocrx_word' id='word_1_125' title='bbox 199 1806 255 1859; x_wconf 87' lang='grc' dir='ltr'><strong><em>τος</em></strong></span> <span class='ocrx_word' id='word_1_126' title='bbox 276 1785 434 1868; x_wconf 86' lang='grc' dir='ltr'><strong><em>Σαρδίων</em></strong></span> <span class='ocrx_word' id='word_1_127' title='bbox 454 1786 632 1870; x_wconf 85' lang='grc' dir='ltr'><strong><em>Κιμμέριοι</em></strong></span> <span class='ocrx_word' id='word_1_128' title='bbox 657 1775 690 1860; x_wconf 74' lang='grc' dir='ltr'><strong><em>έξ</em></strong></span> <span class='ocrx_word' id='word_1_129' title='bbox 713 1780 828 1867; x_wconf 77' lang='grc' dir='ltr'><strong><em>ήδέων</em></strong></span> <span class='ocrx_word' id='word_1_130' title='bbox 854 1777 920 1848; x_wconf 79' lang='grc' dir='ltr'><strong><em>ὑπὸ</em></strong></span> <span class='ocrx_word' id='word_1_131' title='bbox 943 1782 1111 1848; x_wconf 75' lang='grc' dir='ltr'><strong><em>Σκυθέων</em></strong></span> <span class='ocrx_word' id='word_1_132' title='bbox 1131 1783 1204 1844; x_wconf 81' lang='grc' dir='ltr'><strong><em>τῶν</em></strong></span> 
     </span>
     <span class='ocr_line' id='line_1_17' title="bbox 199 1874 1201 1966; baseline 0.001 -21"><span class='ocrx_word' id='word_1_133' title='bbox 199 1878 357 1965; x_wconf 89' lang='grc' dir='ltr'><strong><em>νομάδων</em></strong></span> <span class='ocrx_word' id='word_1_134' title='bbox 372 1880 608 1960; x_wconf 74' lang='grc' dir='ltr'><strong><em>ἐξαναστάντες</em></strong></span> <span class='ocrx_word' id='word_1_135' title='bbox 623 1879 782 1948; x_wconf 78' lang='grc' dir='ltr'><strong><em>ἀπίκοντο</em></strong></span> <span class='ocrx_word' id='word_1_136' title='bbox 798 1874 830 1959; x_wconf 82' lang='grc' dir='ltr'><strong><em>ἐς</em></strong></span> <span class='ocrx_word' id='word_1_137' title='bbox 843 1877 905 1966; x_wconf 87' lang='grc' dir='ltr'><strong><em>τήν</em></strong></span> <span class='ocrx_word' id='word_1_138' title='bbox 916 1877 1028 1966; x_wconf 81' lang='grc' dir='ltr'><strong><em>Ἀσίην</em></strong></span> <span class='ocrx_word' id='word_1_139' title='bbox 1039 1881 1095 1948; x_wconf 79' lang='grc' dir='ltr'><strong><em>καὶ</em></strong></span> <span class='ocrx_word' id='word_1_140' title='bbox 1104 1876 1201 1965; x_wconf 86' lang='grc' dir='ltr'><strong><em>Σάρ-</em></strong></span> 
     </span>
     <span class='ocr_line' id='line_1_18' title="bbox 200 1976 1253 2068; baseline 0.003 -23"><span class='ocrx_word' id='word_1_141' title='bbox 200 1983 250 2056; x_wconf 90' lang='grc' dir='ltr'><strong><em>δις</em></strong></span> <span class='ocrx_word' id='word_1_142' title='bbox 267 1976 355 2066; x_wconf 88' lang='grc' dir='ltr'><strong><em>πλήν</em></strong></span> <span class='ocrx_word' id='word_1_143' title='bbox 368 1985 425 2066; x_wconf 80' lang='grc' dir='ltr'><strong><em>τῆς</em></strong></span> <span class='ocrx_word' id='word_1_144' title='bbox 440 1977 640 2068; x_wconf 76' lang='grc' dir='ltr'><strong><em>ἀκροπόλιος</em></strong></span> <span class='ocrx_word' id='word_1_145' title='bbox 655 1976 754 2048; x_wconf 82' lang='grc' dir='ltr'><strong><em>εἷλον.</em></strong></span> <span class='ocrx_word' id='word_1_146' title='bbox 1108 2054 1111 2057; x_wconf 64' lang='grc'><strong><em>,</em></strong></span> <span class='ocrx_word' id='word_1_147' title='bbox 1252 2056 1253 2065; x_wconf 33' lang='grc'><strong><em>,</em></strong></span> 
     </span>
    </p>

    <p class='ocr_par' dir='ltr' id='par_1_6' title="bbox 156 2068 1253 2863">
     <span class='ocr_line' id='line_1_19' title="bbox 156 2068 1253 2175; baseline 0.003 -33"><span class='ocrx_word' id='word_1_148' title='bbox 156 2090 190 2143; x_wconf 88' lang='grc'><strong><em>16</em></strong></span> <span class='ocrx_word' id='word_1_149' title='bbox 275 2077 417 2175; x_wconf 80' lang='grc' dir='ltr'><strong><em>’Ἁρδυος</em></strong></span> <span class='ocrx_word' id='word_1_150' title='bbox 438 2083 475 2147; x_wconf 78' lang='grc' dir='ltr'><strong><em>δὲ</em></strong></span> <span class='ocrx_word' id='word_1_151' title='bbox 489 2080 749 2168; x_wconf 88' lang='grc' dir='ltr'><strong><em>βασιλεύσαντος</em></strong></span> <span class='ocrx_word' id='word_1_152' title='bbox 772 2079 846 2160; x_wconf 84' lang='grc' dir='ltr'><strong><em>ἑνὸς</em></strong></span> <span class='ocrx_word' id='word_1_153' title='bbox 861 2084 978 2150; x_wconf 84' lang='grc' dir='ltr'><strong><em>δέοντα</em></strong></span> <span class='ocrx_word' id='word_1_154' title='bbox 992 2081 1201 2170; x_wconf 89' lang='grc' dir='ltr'><strong><em>πεντήκοντα</em></strong></span> <span class='ocrx_word' id='word_1_155' title='bbox 1252 2068 1253 2145; x_wconf 61' lang='grc' dir='ltr'><strong><em>λ</em></strong></span> 
     </span>
     <span class='ocr_line' id='line_1_20' title="bbox 199 2177 1253 2268; baseline 0.007 -25"><span class='ocrx_word' id='word_1_156' title='bbox 199 2181 273 2243; x_wconf 85' lang='grc' dir='ltr'><strong><em>έτεα</em></strong></span> <span class='ocrx_word' id='word_1_157' title='bbox 297 2178 463 2256; x_wconf 84' lang='grc' dir='ltr'><strong><em>ἐξεδέξατο</em></strong></span> <span class='ocrx_word' id='word_1_158' title='bbox 485 2179 683 2265; x_wconf 73' lang='grc' dir='ltr'><strong><em>Σαδυάττης</em></strong></span> <span class='ocrx_word' id='word_1_159' title='bbox 706 2177 724 2247; x_wconf 85' lang='grc' dir='ltr'>ὁ</span> <span class='ocrx_word' id='word_1_160' title='bbox 746 2178 906 2268; x_wconf 66' lang='grc' dir='ltr'><strong><em>Ἄρδυος,</em></strong></span> <span class='ocrx_word' id='word_1_161' title='bbox 930 2184 985 2249; x_wconf 78' lang='grc' dir='ltr'><strong><em>καὶ</em></strong></span> <span class='ocrx_word' id='word_1_162' title='bbox 1005 2185 1203 2268; x_wconf 87' lang='grc' dir='ltr'><strong><em>ἐβασίλευσε</em></strong></span> <span class='ocrx_word' id='word_1_163' title='bbox 1252 2178 1253 2255; x_wconf 72' lang='grc' dir='ltr'><strong>Ῑ</strong></span> 
     </span>
     <span class='ocr_line' id='line_1_21' title="bbox 200 2269 1253 2363; baseline 0.001 -20"><span class='ocrx_word' id='word_1_164' title='bbox 200 2282 273 2343; x_wconf 82' lang='grc' dir='ltr'><strong><em>ἔτεα</em></strong></span> <span class='ocrx_word' id='word_1_165' title='bbox 289 2276 460 2361; x_wconf 71' lang='grc' dir='ltr'><strong><em>δυόδεκα,</em></strong></span> <span class='ocrx_word' id='word_1_166' title='bbox 474 2277 678 2344; x_wconf 75' lang='grc' dir='ltr'><strong><em>Σαδυάττεω</em></strong></span> <span class='ocrx_word' id='word_1_167' title='bbox 694 2277 730 2345; x_wconf 79' lang='grc' dir='ltr'><strong><em>δὲ</em></strong></span> <span class='ocrx_word' id='word_1_168' title='bbox 742 2275 928 2363; x_wconf 74' lang='grc' dir='ltr'><strong><em>Ἀλυάττης.</em></strong></span> <span class='ocrx_word' id='word_1_169' title='bbox 958 2269 1057 2355; x_wconf 81' lang='grc' dir='ltr'><strong><em>οὗτος</em></strong></span> <span class='ocrx_word' id='word_1_170' title='bbox 1073 2279 1110 2344; x_wconf 74' lang='grc' dir='ltr'><strong><em>δὲ</em></strong></span> <span class='ocrx_word' id='word_1_171' title='bbox 1123 2283 1202 2345; x_wconf 92' lang='grc' dir='ltr'><strong><em>Κυ-</em></strong></span> <span class='ocrx_word' id='word_1_172' title='bbox 1252 2354 1253 2361; x_wconf 28' lang='grc'><strong><em>,</em></strong></span> 
     </span>
     <span class='ocr_line' id='line_1_22' title="bbox 199 2368 1253 2468; baseline 0.004 -28"><span class='ocrx_word' id='word_1_173' title='bbox 199 2373 305 2461; x_wconf 82' lang='grc' dir='ltr'><strong><em>αξάρη</em></strong></span> <span class='ocrx_word' id='word_1_174' title='bbox 318 2397 354 2439; x_wconf 89' lang='grc' dir='ltr'><strong><em>τε</em></strong></span> <span class='ocrx_word' id='word_1_175' title='bbox 370 2379 417 2462; x_wconf 78' lang='grc' dir='ltr'><strong><em>τῷ</em></strong></span> <span class='ocrx_word' id='word_1_176' title='bbox 430 2374 586 2459; x_wconf 82' lang='grc' dir='ltr'><strong><em>Δηιόκεω</em></strong></span> <span class='ocrx_word' id='word_1_177' title='bbox 602 2373 759 2468; x_wconf 78' lang='grc' dir='ltr'><strong><em>ἀπογόνῳ</em></strong></span> <span class='ocrx_word' id='word_1_178' title='bbox 774 2381 954 2462; x_wconf 81' lang='grc' dir='ltr'><strong><em>ἐπολέμησε</em></strong></span> <span class='ocrx_word' id='word_1_179' title='bbox 970 2379 1026 2445; x_wconf 81' lang='grc' dir='ltr'><strong><em>καὶ</em></strong></span> <span class='ocrx_word' id='word_1_180' title='bbox 1036 2377 1202 2464; x_wconf 88' lang='grc' dir='ltr'><strong><em>Μήδοισι,</em></strong></span> <span class='ocrx_word' id='word_1_181' title='bbox 1252 2368 1253 2397; x_wconf 71' lang='lat'><em>³</em></span> 
     </span>
     <span class='ocr_line' id='line_1_23' title="bbox 198 2473 1202 2563; baseline 0.002 -23"><span class='ocrx_word' id='word_1_182' title='bbox 198 2475 404 2558; x_wconf 85' lang='grc' dir='ltr'><strong><em>Κιμμερίους</em></strong></span> <span class='ocrx_word' id='word_1_183' title='bbox 418 2496 454 2537; x_wconf 87' lang='grc' dir='ltr'><strong><em>τε</em></strong></span> <span class='ocrx_word' id='word_1_184' title='bbox 471 2473 507 2539; x_wconf 87' lang='grc' dir='ltr'><strong><em>έκ</em></strong></span> <span class='ocrx_word' id='word_1_185' title='bbox 522 2481 580 2559; x_wconf 82' lang='grc' dir='ltr'><strong><em>τῆς</em></strong></span> <span class='ocrx_word' id='word_1_186' title='bbox 592 2473 701 2561; x_wconf 85' lang='grc' dir='ltr'><strong><em>Ἀσίης</em></strong></span> <span class='ocrx_word' id='word_1_187' title='bbox 716 2476 872 2562; x_wconf 83' lang='grc' dir='ltr'><strong><em>ἐξήλασε,</em></strong></span> <span class='ocrx_word' id='word_1_188' title='bbox 892 2473 1060 2563; x_wconf 89' lang='grc' dir='ltr'><strong><em>Σμύρνην</em></strong></span> <span class='ocrx_word' id='word_1_189' title='bbox 1079 2501 1115 2543; x_wconf 88' lang='grc' dir='ltr'><strong><em>τε</em></strong></span> <span class='ocrx_word' id='word_1_190' title='bbox 1135 2473 1202 2560; x_wconf 88' lang='grc' dir='ltr'><strong><em>τήν</em></strong></span> 
     </span>
     <span class='ocr_line' id='line_1_24' title="bbox 199 2568 1203 2662; baseline 0.006 -25"><span class='ocrx_word' id='word_1_191' title='bbox 199 2568 264 2637; x_wconf 79' lang='grc' dir='ltr'><strong><em>ἀπὸ</em></strong></span> <span class='ocrx_word' id='word_1_192' title='bbox 276 2575 482 2655; x_wconf 76' lang='grc' dir='ltr'><strong><em>Κολοφῶνος</em></strong></span> <span class='ocrx_word' id='word_1_193' title='bbox 497 2584 692 2642; x_wconf 74' lang='grc' dir='ltr'><strong><em>κτισθεῖσαν</em></strong></span> <span class='ocrx_word' id='word_1_194' title='bbox 708 2570 790 2660; x_wconf 83' lang='grc' dir='ltr'><strong><em>εἷλε,</em></strong></span> <span class='ocrx_word' id='word_1_195' title='bbox 807 2577 841 2653; x_wconf 91' lang='grc' dir='ltr'><strong><em>ἐς</em></strong></span> <span class='ocrx_word' id='word_1_196' title='bbox 851 2577 1065 2662; x_wconf 82' lang='grc' dir='ltr'><strong><em>Κλαζομενάς</em></strong></span> <span class='ocrx_word' id='word_1_197' title='bbox 1079 2602 1115 2644; x_wconf 90' lang='grc' dir='ltr'><strong><em>τε</em></strong></span> <span class='ocrx_word' id='word_1_198' title='bbox 1125 2577 1203 2643; x_wconf 87' lang='grc' dir='ltr'><strong><em>ἐσέ-</em></strong></span> 
     </span>
     <span class='ocr_line' id='line_1_25' title="bbox 197 2665 1200 2763; baseline 0.005 -25"><span class='ocrx_word' id='word_1_199' title='bbox 197 2679 286 2760; x_wconf 87' lang='grc' dir='ltr'><strong><em>βαλε.</em></strong></span> <span class='ocrx_word' id='word_1_200' title='bbox 318 2665 383 2739; x_wconf 88' lang='grc' dir='ltr'><strong><em>ἀπδ</em></strong></span> <span class='ocrx_word' id='word_1_201' title='bbox 404 2674 467 2756; x_wconf 89' lang='grc' dir='ltr'><strong><em>μέν</em></strong></span> <span class='ocrx_word' id='word_1_202' title='bbox 481 2699 547 2739; x_wconf 87' lang='grc' dir='ltr'><strong><em>νυν</em></strong></span> <span class='ocrx_word' id='word_1_203' title='bbox 562 2675 692 2743; x_wconf 88' lang='grc' dir='ltr'><strong><em>τούτων</em></strong></span> <span class='ocrx_word' id='word_1_204' title='bbox 712 2670 793 2760; x_wconf 81' lang='grc' dir='ltr'><strong><em>ούκ,</em></strong></span> <span class='ocrx_word' id='word_1_205' title='bbox 815 2671 860 2752; x_wconf 78' lang='grc' dir='ltr'><strong><em>ὡς</em></strong></span> <span class='ocrx_word' id='word_1_206' title='bbox 879 2671 998 2763; x_wconf 79' lang='grc' dir='ltr'><strong><em>ήδελε,</em></strong></span> <span class='ocrx_word' id='word_1_207' title='bbox 1021 2672 1200 2763; x_wconf 80' lang='grc' dir='ltr'><strong><em>ἀπήλλαξε,</em></strong></span> 
     </span>
     <span class='ocr_line' id='line_1_26' title="bbox 197 2768 1199 2863; baseline 0 -24"><span class='ocrx_word' id='word_1_208' title='bbox 197 2768 281 2839; x_wconf 86' lang='grc' dir='ltr'><strong><em>ἀλλά</em></strong></span> <span class='ocrx_word' id='word_1_209' title='bbox 302 2778 526 2857; x_wconf 87' lang='grc' dir='ltr'><strong><em>προσπταίσας</em></strong></span> <span class='ocrx_word' id='word_1_210' title='bbox 547 2774 708 2860; x_wconf 85' lang='grc' dir='ltr'><strong><em>μεγάλως.</em></strong></span> <span class='ocrx_word' id='word_1_211' title='bbox 747 2769 831 2841; x_wconf 84' lang='grc' dir='ltr'><strong><em>ἀλλα</em></strong></span> <span class='ocrx_word' id='word_1_212' title='bbox 857 2774 893 2842; x_wconf 71' lang='grc' dir='ltr'><strong><em>δὲ</em></strong></span> <span class='ocrx_word' id='word_1_213' title='bbox 916 2779 996 2863; x_wconf 78' lang='grc' dir='ltr'><strong><em>ἔργα</em></strong></span> <span class='ocrx_word' id='word_1_214' title='bbox 1019 2772 1199 2852; x_wconf 82' lang='grc' dir='ltr'><strong><em>ἀπεδέξατο</em></strong></span> 
     </span>
    </p>

    <p class='ocr_par' dir='ltr' id='par_1_7' title="bbox 153 2866 1201 3560">
     <span class='ocr_line' id='line_1_27' title="bbox 153 2866 1201 2962; baseline 0.005 -25"><span class='ocrx_word' id='word_1_215' title='bbox 153 2882 185 2938; x_wconf 83' lang='grc'><strong><em>17</em></strong></span> <span class='ocrx_word' id='word_1_216' title='bbox 197 2868 262 2940; x_wconf 80' lang='grc' dir='ltr'><strong><em>ἐόνν</em></strong></span> <span class='ocrx_word' id='word_1_217' title='bbox 277 2872 315 2937; x_wconf 82' lang='grc' dir='ltr'><strong><em>ἐν</em></strong></span> <span class='ocrx_word' id='word_1_218' title='bbox 326 2876 368 2958; x_wconf 79' lang='grc' dir='ltr'><strong><em>τῇ</em></strong></span> <span class='ocrx_word' id='word_1_219' title='bbox 382 2866 466 2958; x_wconf 77' lang='grc' dir='ltr'><strong><em>ἀρχή</em></strong></span> <span class='ocrx_word' id='word_1_220' title='bbox 487 2870 774 2959; x_wconf 86' lang='grc' dir='ltr'><strong><em>ἀξιαπηγητότατα</em></strong></span> <span class='ocrx_word' id='word_1_221' title='bbox 796 2874 885 2943; x_wconf 83' lang='grc' dir='ltr'><strong><em>τάδε.</em></strong></span> <span class='ocrx_word' id='word_1_222' title='bbox 913 2873 1111 2962; x_wconf 83' lang='grc' dir='ltr'><strong><em>Ἐπολέμησε</em></strong></span> <span class='ocrx_word' id='word_1_223' title='bbox 1126 2881 1201 2942; x_wconf 90' lang='grc' dir='ltr'><strong><em>Μι-</em></strong></span> 
     </span>
     <span class='ocr_line' id='line_1_28' title="bbox 198 2967 1199 3060; baseline 0.002 -21"><span class='ocrx_word' id='word_1_224' title='bbox 198 2975 358 3056; x_wconf 89' lang='grc' dir='ltr'><strong><em>λησίοισι,</em></strong></span> <span class='ocrx_word' id='word_1_225' title='bbox 375 2971 644 3056; x_wconf 85' lang='grc' dir='ltr'><strong><em>παραδεξάμενος</em></strong></span> <span class='ocrx_word' id='word_1_226' title='bbox 653 2967 715 3038; x_wconf 84' lang='grc' dir='ltr'><strong><em>τόν</em></strong></span> <span class='ocrx_word' id='word_1_227' title='bbox 726 2973 875 3058; x_wconf 90' lang='grc' dir='ltr'><strong><em>πόλεμον</em></strong></span> <span class='ocrx_word' id='word_1_228' title='bbox 890 2970 980 3060; x_wconf 79' lang='grc' dir='ltr'><strong><em>παρὰ</em></strong></span> <span class='ocrx_word' id='word_1_229' title='bbox 991 2978 1053 3041; x_wconf 82' lang='grc' dir='ltr'><strong><em>τού</em></strong></span> <span class='ocrx_word' id='word_1_230' title='bbox 1062 2972 1199 3059; x_wconf 85' lang='grc' dir='ltr'><strong><em>πατρός.</em></strong></span> 
     </span>
     <span class='ocr_line' id='line_1_29' title="bbox 198 3066 1199 3161; baseline -0.002 -23"><span class='ocrx_word' id='word_1_231' title='bbox 198 3069 392 3138; x_wconf 84' lang='grc' dir='ltr'><strong><em>ἐπελαύνων</em></strong></span> <span class='ocrx_word' id='word_1_232' title='bbox 408 3066 473 3155; x_wconf 86' lang='grc' dir='ltr'><strong><em>γάρ</em></strong></span> <span class='ocrx_word' id='word_1_233' title='bbox 491 3071 683 3156; x_wconf 86' lang='grc' dir='ltr'><strong><em>ἐπολιόρκεε</em></strong></span> <span class='ocrx_word' id='word_1_234' title='bbox 699 3068 762 3156; x_wconf 84' lang='grc' dir='ltr'><strong><em>τήν</em></strong></span> <span class='ocrx_word' id='word_1_235' title='bbox 771 3078 926 3157; x_wconf 87' lang='grc' dir='ltr'><strong><em>Μίλητον</em></strong></span> <span class='ocrx_word' id='word_1_236' title='bbox 940 3070 1053 3161; x_wconf 78' lang='grc' dir='ltr'><strong><em>τρόπω</em></strong></span> <span class='ocrx_word' id='word_1_237' title='bbox 1063 3074 1199 3159; x_wconf 57' lang='grc' dir='ltr'><strong><em>τοιῷδεε</em></strong></span> 
     </span>
     <span class='ocr_line' id='line_1_30' title="bbox 198 3167 1201 3259; baseline -0.002 -20"><span class='ocrx_word' id='word_1_238' title='bbox 198 3171 284 3249; x_wconf 79' lang='grc' dir='ltr'><strong><em>ὅκως</em></strong></span> <span class='ocrx_word' id='word_1_239' title='bbox 307 3176 369 3257; x_wconf 78' lang='grc' dir='ltr'><strong><em>μὲν</em></strong></span> <span class='ocrx_word' id='word_1_240' title='bbox 390 3180 440 3257; x_wconf 88' lang='grc' dir='ltr'><strong><em>είη</em></strong></span> <span class='ocrx_word' id='word_1_241' title='bbox 464 3172 501 3238; x_wconf 86' lang='grc' dir='ltr'><strong><em>έν</em></strong></span> <span class='ocrx_word' id='word_1_242' title='bbox 522 3176 562 3259; x_wconf 75' lang='grc' dir='ltr'><strong><em>τῇ</em></strong></span> <span class='ocrx_word' id='word_1_243' title='bbox 583 3177 627 3259; x_wconf 80' lang='grc' dir='ltr'><strong><em>γῇ</em></strong></span> <span class='ocrx_word' id='word_1_244' title='bbox 642 3169 770 3257; x_wconf 82' lang='grc' dir='ltr'><strong><em>καρπός</em></strong></span> <span class='ocrx_word' id='word_1_245' title='bbox 784 3167 903 3259; x_wconf 85' lang='grc' dir='ltr'><strong><em>ἀδρδς,</em></strong></span> <span class='ocrx_word' id='word_1_246' title='bbox 923 3176 1105 3257; x_wconf 75' lang='grc' dir='ltr'><strong><em>τηνικαῦτα</em></strong></span> <span class='ocrx_word' id='word_1_247' title='bbox 1125 3172 1201 3237; x_wconf 82' lang='grc' dir='ltr'><strong><em>ἐσέ-</em></strong></span> 
     </span>
     <span class='ocr_line' id='line_1_31' title="bbox 196 3266 1199 3358; baseline -0.004 -20"><span class='ocrx_word' id='word_1_248' title='bbox 196 3278 299 3358; x_wconf 85' lang='grc' dir='ltr'><strong><em>βαλλε</em></strong></span> <span class='ocrx_word' id='word_1_249' title='bbox 319 3267 381 3356; x_wconf 86' lang='grc' dir='ltr'><strong><em>τήν</em></strong></span> <span class='ocrx_word' id='word_1_250' title='bbox 401 3269 577 3356; x_wconf 87' lang='grc' dir='ltr'><strong><em>στρατιήν·</em></strong></span> <span class='ocrx_word' id='word_1_251' title='bbox 610 3270 823 3357; x_wconf 87' lang='grc' dir='ltr'><strong><em>ἐστρατεύετο</em></strong></span> <span class='ocrx_word' id='word_1_252' title='bbox 845 3272 882 3337; x_wconf 73' lang='grc' dir='ltr'><strong><em>δὲ</em></strong></span> <span class='ocrx_word' id='word_1_253' title='bbox 895 3266 963 3336; x_wconf 81' lang='grc' dir='ltr'><strong><em>ὑπὸ</em></strong></span> <span class='ocrx_word' id='word_1_254' title='bbox 978 3274 1149 3356; x_wconf 87' lang='grc' dir='ltr'><strong><em>συρίγγων</em></strong></span> <span class='ocrx_word' id='word_1_255' title='bbox 1162 3293 1199 3335; x_wconf 90' lang='grc' dir='ltr'><strong><em>τε</em></strong></span> 
     </span>
     <span class='ocr_line' id='line_1_32' title="bbox 195 3362 1196 3456; baseline -0.004 -21"><span class='ocrx_word' id='word_1_256' title='bbox 195 3371 252 3436; x_wconf 79' lang='grc' dir='ltr'><strong><em>καὶ</em></strong></span> <span class='ocrx_word' id='word_1_257' title='bbox 272 3372 442 3456; x_wconf 89' lang='grc' dir='ltr'><strong><em>πηκτίδων</em></strong></span> <span class='ocrx_word' id='word_1_258' title='bbox 463 3373 517 3436; x_wconf 78' lang='grc' dir='ltr'><strong><em>καί</em></strong></span> <span class='ocrx_word' id='word_1_259' title='bbox 537 3366 646 3437; x_wconf 85' lang='grc' dir='ltr'><strong><em>αύλοῦ</em></strong></span> <span class='ocrx_word' id='word_1_260' title='bbox 666 3374 868 3456; x_wconf 89' lang='grc' dir='ltr'><strong><em>γυναικηίου</em></strong></span> <span class='ocrx_word' id='word_1_261' title='bbox 889 3394 925 3436; x_wconf 88' lang='grc' dir='ltr'><strong><em>τε</em></strong></span> <span class='ocrx_word' id='word_1_262' title='bbox 945 3368 1001 3435; x_wconf 81' lang='grc' dir='ltr'><strong><em>καὶ</em></strong></span> <span class='ocrx_word' id='word_1_263' title='bbox 1022 3362 1196 3450; x_wconf 89' lang='grc' dir='ltr'><strong><em>ἀνδρηίου.</em></strong></span> 
     </span>
     <span class='ocr_line' id='line_1_33' title="bbox 197 3460 1199 3560; baseline -0.005 -26"><span class='ocrx_word' id='word_1_264' title='bbox 197 3462 241 3560; x_wconf 73' lang='grc' dir='ltr'><strong><em>ἀς</em></strong></span> <span class='ocrx_word' id='word_1_265' title='bbox 264 3470 300 3535; x_wconf 78' lang='grc' dir='ltr'><strong><em>δέ</em></strong></span> <span class='ocrx_word' id='word_1_266' title='bbox 321 3468 354 3544; x_wconf 88' lang='grc' dir='ltr'><strong><em>ἐς</em></strong></span> <span class='ocrx_word' id='word_1_267' title='bbox 372 3470 435 3552; x_wconf 84' lang='grc' dir='ltr'><strong><em>τήν</em></strong></span> <span class='ocrx_word' id='word_1_268' title='bbox 451 3472 622 3553; x_wconf 88' lang='grc' dir='ltr'><strong><em>Μιλησίην</em></strong></span> <span class='ocrx_word' id='word_1_269' title='bbox 636 3464 807 3557; x_wconf 85' lang='grc' dir='ltr'><strong><em>ἀπίκοιτο,</em></strong></span> <span class='ocrx_word' id='word_1_270' title='bbox 829 3467 992 3556; x_wconf 77' lang='grc' dir='ltr'><strong><em>οἰκήματα</em></strong></span> <span class='ocrx_word' id='word_1_271' title='bbox 1013 3467 1074 3549; x_wconf 80' lang='grc' dir='ltr'><strong><em>μὲν</em></strong></span> <span class='ocrx_word' id='word_1_272' title='bbox 1087 3460 1128 3529; x_wconf 75' lang='grc' dir='ltr'><strong><em>τὰ</em></strong></span> <span class='ocrx_word' id='word_1_273' title='bbox 1144 3465 1199 3530; x_wconf 79' lang='grc' dir='ltr'><strong><em>ἐπὶ</em></strong></span> 
     </span>
    </p>
   </div>
   <div class='ocr_carea' id='block_1_3' title="bbox 0 0 1272 3934">
    <p class='ocr_par' dir='ltr' id='par_1_8' title="bbox 0 0 1272 3934">
     <span class='ocr_line' id='line_1_34' title="bbox 0 0 1272 3934; baseline 0 1"><span class='ocrx_word' id='word_1_274' title='bbox 0 0 1272 3934; x_wconf 95' lang='lat' dir='ltr'><strong><em> </em></strong></span> 
     </span>
    </p>
   </div>
  </div>
 </body>
</html>
