2566 3934
331 249 419 308 mn.
450 253 489 307 ιι·
518 249 616 309 ιιι).
639 258 790 334 ιε-ιι
1004 250 1065 321 ιιι

58 434 142 497 νομα
162 400 210 496 ήν
223 413 432 498 Προμένεια,
453 418 494 500 τῇ
516 413 553 480 δὲ
574 407 655 499 μετά
672 413 798 500 ταύτην
824 420 1003 507 Τιμαρέτη,
1024 427 1065 510 τῇ

38 598 39 603 ¹
59 508 259 597 δὲνεωτάτῃ
275 510 465 597 Νικάνδρη,
484 515 600 597 ἔλεγον
614 517 735 578 ταῦτα·
758 516 1014 604 συνωμολόγεον
1028 521 1068 588 δέ

57 630 117 698 σφι
133 613 191 678 καὶ
214 615 250 678 οί
270 607 366 678 ἀλλοι
382 613 581 680 Δωδωναῖοι
603 614 638 678 οί
655 613 731 696 περὶ
751 609 788 678 τό
804 613 896 697 ίρόν·
929 613 1010 702 ’Πγά
1029 615 1060 684 δ’
1073 626 1108 684 56

57 716 118 797 ἔχω
127 712 208 796 περὶ
223 707 353 778 αὐτέων
363 710 501 797 γνύμην
515 709 624 796 τήνδε.
650 716 680 778 εί
692 707 843 797 ἀληθέως
859 719 894 781 οί
908 722 1062 796 Φοίνικες

57 810 221 898 ἐξήγαγον
235 807 295 888 τάς
311 808 384 898 ίράς
397 812 559 898 γυναῖκας
578 813 634 878 καὶ
649 808 711 897 τήν
729 812 790 898 μὲν
807 811 936 882 αὐτέων
953 817 986 894 ἐς
999 824 1062 883 Λι-

55 909 162 997 βύην,
183 903 248 995 τήν
268 909 305 975 δὲ
325 911 358 987 ἐς
378 907 441 996 τήν
455 908 597 978 Ἑλλάδα
617 905 795 995 ἀπέδοντο,
818 914 925 982 δοκέει
943 914 1015 1000 ε’μολ
1038 908 1059 1000 ἡ

53 1002 142 1094 γυνή
160 1003 247 1093 αύτη
270 1012 328 1092 τής
350 1014 416 1074 νῦν
431 1007 605 1092 Ἑλλάδος,
633 1006 798 1094 πρότερον
821 1010 858 1076 δὲ
874 1017 1061 1098 Πελασγίης

51 1100 260 1191 καλευμένης
268 1103 327 1191 της
336 1099 578 1191 αύτηςταύτῃς,
592 1110 764 1194 πρηθήυαι
777 1108 810 1186 ἐς
820 1107 1058 1197 Θεσπρωτούς·

51 1211 181 1275 ἔπειτεν
199 1204 409 1274 δουλεύουσα
426 1201 548 1274 αύτόθι
566 1205 771 1297 ίδρύσασθαι
786 1205 855 1277 ύπό
874 1214 972 1301 φηγῷ
991 1213 1062 1280 ε’κεί

54 1313 229 1396 πεφυκυίῃ
243 1303 329 1385 Διὸς
342 1305 435 1395 ίρόν,
458 1306 569 1396 ὥσπερ
588 1300 634 1393 ήν
655 1305 746 1386 οἰκός
760 1305 1058 1394 ἀμφιπολεύουσαν

53 1411 88 1476 ἐν
102 1405 239 1493 Θήβῃσι
259 1403 335 1493 ίρὸν
354 1404 457 1493 Διός,
479 1412 564 1474 ἔνθα
581 1402 732 1492 ἀπίκετο,
756 1407 903 1473 ἐνθαῦτα
923 1406 1058 1495 μνήμην

54 1506 158 1578 αὐτοῦ
175 1510 273 1591 ἔχειν.
298 1507 334 1573 ἐκ
348 1505 384 1574 δὲ
399 1505 521 1574 τούτου
533 1503 734 1591 χρηστήριον
747 1503 963 1593 κατηγήσατο,
972 1506 1059 1574 ε’πεί-

54 1630 85 1673 τε
94 1606 264 1690 συνέλαβε
275 1599 337 1689 τήν
345 1601 486 1672 Ἑλλάδα
497 1609 661 1689 γλῶσσαν.
685 1602 791 1687 φάναι
801 1605 841 1669 δέ
849 1606 884 1670 οί
890 1598 1058 1690 ἀδελφεήν
1161 1614 1178 1630 ’“

55 1705 88 1770 ἐν
98 1698 216 1789 Λιβύῃ
232 1708 424 1787 τετμήσθω
437 1699 504 1768 ὑπὸ
520 1705 589 1768 τῶν
602 1697 715 1768 αὐτῶν
731 1707 916 1788 Φοινίκων,
931 1699 991 1770 ὑπ’
1009 1694 1058 1769 ἀν

54 1804 105 1868 καί
117 1794 208 1885 αὐτή
225 1797 366 1886 ἐπρήθη.
409 1799 589 1878 Πελειάδες
602 1802 642 1867 δέ
652 1825 709 1886 μοι
721 1802 876 1869 δοκέουσι
890 1807 1057 1888 τιληθήναι
1069 1816 1104 1874 οἳ

54 1894 135 1982 πρὸς
144 1899 367 1966 Δωδωναίων
381 1898 434 1966 ἐπὶ
443 1903 543 1966 τοῦδε
556 1903 593 1966 αἱ
603 1890 775 1985 γυναῖκες,
791 1898 877 1968 διότι
891 1898 1059 1987 βάρβαροι

55 1990 156 2083 ἦσαν,
181 1993 320 2064 ἐδόκεον
334 1999 374 2065 δέ
386 2019 447 2084 σφι
460 1996 583 2085 ὁμοίως
597 1996 707 2085 όρνισι
722 1999 942 2084 φθέγγεσθαι.
975 1993 1056 2084 μετά

55 2096 89 2163 δὲ
106 2092 238 2182 χρόνον
256 2092 319 2181 τήν
342 2097 500 2165 πελειάδα
512 2090 716 2186 ιἀνθρωπηίῃ
736 2102 833 2184 φωνή
848 2093 1059 2176 αὐδάξασθαι

54 2193 208 2278 λέγουσι,
232 2192 306 2259 ἐπεί
322 2217 358 2259 τε
376 2189 416 2261 τά
438 2194 562 2262 συνετά
583 2214 643 2281 σφι
660 2189 747 2279 ηύδα
766 2190 787 2281 ἡ
808 2191 923 2280 γυνή·
939 2194 1000 2269 ἕως
1021 2193 1058 2258 δε

56 2287 269 2378 ἐβαρβάριζε,
298 2285 437 2373 όρνίθος
459 2291 585 2377 τρόπον
610 2293 726 2363 ἐδόκεέ
749 2310 811 2380 σφι
835 2291 1058 2377 φθέγγεσθαι,

54 2389 122 2455 ἐπεὶ
139 2388 206 2476 τέῳ
221 2384 340 2479 ’τρόπω
357 2383 401 2454 ἀν
414 2389 546 2468 πελειάς
562 2416 601 2476 γε
615 2387 814 2479 ἀνθρωπηίῃ
835 2396 932 2478 φωνή
948 2391 1059 2476 φθέγ·

54 2487 162 2565 {acm
190 2484 353 2568 μέλαιναν
383 2487 420 2553 δὲ
443 2488 596 2572 λέγοντες
622 2485 706 2555 εἶναι
724 2485 792 2574 τήν1
814 2487 971 2558 πελειάδα
997 2506 1058 2573 σῃ·

51 2588 232 2668 μαίνουσι,
255 2579 307 2650 ότι
321 2585 521 2673 Αίγυπτίηή
537 2584 624 2673 γυνή
636 2579 689 2673 ήν.
728 2585 773 2654 Ἡ
784 2591 974 2674 δὲ’μαντηίη
989 2585 1011 2673 ή
1020 2611 1060 2653 τε

52 2682 90 2748 ἐν
99 2680 235 2769 Θήβησι
250 2688 325 2770 τῇσι
335 2689 537 2773 Αἰγυπτίῃσι
547 2687 603 2753 καὶ
618 2687 655 2752 ἐν
665 2683 819 2773 Δωδάνῃ
834 2683 1062 2770 παραπλήσιαι

51 2776 218 2868 ἀλλήλῃσι
240 2777 443 2864 τυγχάνουσι
464 2782 588 2850 ἐοῦσαι.
623 2787 691 2849 ἔστι
715 2785 753 2850 δὲ
772 2786 828 2851 καί
846 2789 914 2850 τῶν
935 2788 1018 2870 ἱράν
1039 2779 1059 2870 ἡ

49 2874 195 2965 μαντική
208 2872 265 2945 ἀπ’
280 2877 455 2965 Αἰγύπτου
471 2875 646 2968 ἀπιγμένη.
673 2881 869 2966 Πανηγύρις
880 2879 916 2948 δὲ
928 2877 993 2967 ἀρα
1006 2882 1062 2951 καὶ
1071 2899 1107 2956 50

48 2974 190 3064 πομπάς
210 2978 268 3043 καὶ
287 2973 508 3064 προσαγωγὰς
527 2984 653 3064 πράττοι
673 2977 867 3066 ἀνθρώπων
883 2975 1063 3065 Αίγύπτιοί

50 3080 118 3144 είσι
138 3079 174 3143 οί
193 3071 435 3161 ποιησάμενοι,
456 3075 512 3141 καὶ
524 3072 615 3159 παρά
637 3076 766 3144 τούτων
778 3074 935 3162 Ἕλληνες
955 3103 1062 3164 μεμα-

46 3168 190 3259 θήιιασι.
213 3168 396 3259 τεκμήριον
408 3173 447 3240 δέ
459 3197 515 3259 μοι
528 3171 651 3241 τούτου
665 3173 757 3242 τόδε·
780 3179 817 3242 αί
828 3172 968 3263 μὲνγὰρ
981 3178 1062 3257 φαί-

49 3297 172 3340 τονται
186 3273 225 3340 ἐτι
239 3277 369 3339 πολλοῦ
388 3296 448 3339 τευ
467 3269 594 3358 χρόνον
609 3271 821 3360 ποιεύμεναι,
844 3278 880 3341 αί
893 3273 929 3342 δὲ
943 3270 1060 3357 Ἑλλη-

48 3372 147 3438 vena!
160 3370 283 3437 νεωστί
298 3365 516 3456 ἐποιήθησαν.
544 3374 814 3455 Πανηγυρίζουσι
832 3371 868 3436 δὲ
881 3369 1060 3455 Αἰγύπτιοι
1071 3380 1103 3434 59

48 3462 121 3533 ούκ
135 3455 221 3545 ἅπαξ
234 3471 298 3614 τρῦ
313 3467 488 3552 ἐνιαυτοῦ,
503 3465 690 3554 πανηγύρις
707 3469 743 3536 δὲ
758 3470 898 3554 συχνάς,
919 3464 1060 3550 μάλιστα
1175 3526 1177 3533 ,

138 3575 237 3615 mon.
271 3599 280 3616 .
883 3565 917 3614 10
