2588 3926
199 236 263 298 304
578 237 829 297 ΗΕΒΟΒΟΤΙ

203 396 239 464 δὲ
255 398 309 464 καὶ
323 393 525 475 Μακεδόνας
544 421 580 463 τε
599 397 654 464 καὶ
673 393 752 474 τούς
769 399 844 483 περὶ
861 404 1061 484 Θεσσαλίην.
1071 402 1211 487 οἰκημέ-

121 548 125 552 .
153 506 187 560 32
204 516 285 572 νους
299 489 382 561 κατὰ
397 490 476 572 τούς
486 489 695 580 Ἀθηναίους.
729 500 841 561 Ταῦτα
855 499 918 581 μὲν
938 502 1006 564 τῶν
1021 497 1152 565 ἐθνέων
1167 494 1207 565 τό

200 595 337 679 μέγιστα
352 589 557 679 ούνόμασται
570 598 638 660 τῶν
653 588 719 660 ὑπό
732 596 932 681 Μαρδονίου
946 592 1151 682 ταχθέντων,
1166 621 1207 665 τα
1278 656 1279 667 ,

200 713 262 775 περ
278 690 522 776 ἐπιφανέστατά
535 717 571 759 τε
585 683 629 777 ἦν
643 694 699 759 καὶ
713 690 819 778 λόγου
832 698 999 762 πλείστου.
1029 697 1155 782 ἐνῆσαν
1170 694 1207 762 δὲ
1278 686 1279 757 ξ

200 790 256 856 καὶ
266 785 378 856 ἀλλων
389 791 520 857 ἐθνέων
530 786 652 876 ἀνδρες
663 786 934 877 ἀναμεμιγμένοι,
946 797 1094 878 Φρυγῶν
1104 818 1141 860 τε
1151 794 1207 860 καὶ

201 891 357 972 Θρηίκων
373 888 430 956 καὶ
445 894 579 955 Μυσῶν
594 912 630 955 τε
644 891 700 955 καὶ
714 888 874 956 Παιόνων
885 891 939 956 καὶ
950 895 1018 957 ταῖν
1029 889 1152 977 ἀλλων,
1169 891 1207 958 ἐν

199 983 235 1050 δὲ
249 985 304 1051 καὶ
314 983 494 1053 Αἰθιόπων
509 1010 544 1052 τε
559 988 614 1053 καὶ
627 991 821 1071 Αἰγυπτίων
834 988 869 1055 οἵ
880 1011 916 1054 τε
925 983 1140 1075 Ἑρμοτύβιες
1150 989 1208 1054 καὶ
1278 988 1279 991 ’

199 1085 234 1149 οἱ
241 1089 441 1170 Καλασίριες
458 1081 655 1171 καλεόμενοι
668 1084 923 1172 μαχαιροφόροι,
941 1088 977 1154 οἵ
989 1088 1050 1174 πέρ
1067 1091 1132 1154 είσι
1142 1090 1207 1153 Αί-

199 1186 350 1265 γυτιτίων
365 1186 488 1266 μοῦνοι
503 1180 648 1268 μάχιμοι.
671 1181 812 1260 τούτους
823 1183 860 1250 δὲ
872 1187 919 1250 ἐτι
930 1179 996 1252 ἐάν
1010 1185 1047 1251 ἐν
1058 1182 1207 1273 Φαλήρῳ
1278 1266 1279 1283 ρ

198 1275 263 1346 ἀπό
284 1285 352 1346 τῶν
375 1285 464 1346 νεῶν
485 1275 710 1367 ἀπεβιβάσατο
731 1278 847 1358 ἐόντας
868 1280 1042 1369 ἐπιβάτας·
1075 1277 1118 1348 ού
1137 1278 1206 1366 γάρ

199 1377 388 1464 ἐτάχθησαν
408 1380 441 1459 ἐς
457 1376 518 1446 τόν
538 1375 638 1458 πεζόν
652 1375 713 1445 τόν
732 1376 803 1464 ἀμα
817 1379 923 1467 Ξέρξη
944 1375 1154 1463 ἀπικόμενον
1172 1378 1206 1456 ἐς
1278 1394 1279 1469 ᾗ

188 1474 255 1555 ,τοὶς
265 1474 409 1564 Ἀθήνας
415 1476 602 1562 Αἰγύπτιοι.
614 1481 683 1542 τῶν
693 1474 755 1562 μὲν
765 1473 806 1562 δή
817 1476 1000 1565 βαρβάρων
1009 1468 1097 1563 ήσαν
1106 1474 1206 1562 τριή-
1278 1488 1279 1499 ’

197 1574 302 1643 κοντα
310 1576 481 1661 μυριάδες,
498 1573 543 1654 τός
553 1578 609 1643 καὶ
621 1574 787 1663 πρότερον
798 1576 990 1662 δεδήλωται,
1005 1582 1072 1643 τῶν
1083 1571 1206 1642 δέἙλ-

197 1672 310 1760 λήνων
329 1680 397 1742 τῶν
412 1678 613 1759 Μαρδονίου
630 1675 815 1761 συμμάχων
836 1672 906 1742 οἶδε
920 1673 983 1761 μὲν
1003 1668 1112 1750 οὐδεὶς
1125 1667 1205 1758 ἀρι·

195 1772 289 1859 θμόν
312 1770 370 1862 (ού
390 1770 455 1860 γάρ
477 1765 526 1841 ἀν
540 1769 816 1860 ἠριθμήθησαν),
841 1769 886 1851 ὡς
905 1770 942 1839 δέ
959 1766 1147 1854 ἐπεικάσαι,
1170 1771 1204 1847 ἐς

196 1872 294 1939 πέντε
315 1871 481 1957 μυριάδας
502 1877 702 1958 συλλεγῆναι
723 1871 849 1952 εἰκάζω.
884 1861 979 1938 ούτοι
999 1872 1033 1937 ολ
1050 1891 1202 1954 παρατα-

194 1973 331 2056 χθέντες
346 1975 436 2052 πεζοὶ
451 1966 590 2059 ήσαν,ή
607 1972 644 2040 δὲ
660 1975 761 2050 ἵππος
773 1975 872 2058 χωρὶς
887 1973 1046 2040 ἐτέτακτο.

147 2076 181 2129 33
276 2065 385 2146 Ὡςδὲ
401 2066 468 2154 ἀρα
487 2069 609 2147 πάντες
629 2074 664 2137 οί
681 2070 851 2154 ἐτετάχατο
872 2065 956 2137 κατά
970 2093 1007 2135 τε
1024 2071 1127 2136 ἔθνεα
1146 2067 1203 2134 καὶ
1278 2072 1279 2165 χ

196 2160 278 2231 κατά
293 2164 404 2250 τέλεα,
420 2168 568 2234 ἐνθαῦτα
579 2172 619 2253 τῇ
634 2168 773 2254 δευτέρη
787 2164 893 2255 ἡμέρη
908 2163 1053 2234 ἐθύοντο
1066 2166 1123 2231 καὶ
1136 2159 1200 2249 ἀμ·

195 2262 340 2346 φότεροι.
365 2257 499 2347 Ἕλλησι
513 2263 575 2348 μὲν
593 2261 777 2350 Τισαμενός
794 2260 964 2349 Ἀντιόχου
977 2255 1022 2349 ήν
1036 2256 1054 2330 ό
1068 2257 1203 2344 θυόμε-

195 2383 261 2436 νος.
283 2350 382 2436 οὗτος
395 2355 460 2444 γάρ
475 2357 517 2445 δή
530 2363 638 2427 εἵπετο
653 2365 699 2450 τῷ
715 2359 935 2446 στρατεύματι
945 2358 1052 2449 τούτῳ
1063 2354 1200 2442 μάντις·

193 2452 254 2522 τόν
276 2455 374 2523 ἐόντα
390 2454 520 2525 Ἠλεῖον
537 2458 591 2526 καὶ
606 2459 720 2542 γένεος
740 2465 801 2525 τού
820 2454 990 2545 Ἰαμιδέων
1004 2452 1202 2539 Κλυτιάδην

192 2551 452 2639 Λακεδαιμόνιοι
467 2555 666 2642 ἐποιήσαντο
680 2558 918 2642 λεωσφέτερον
943 2556 1116 2642 Τισαμενῷ
1131 2547 1200 2637 γάρ
1278 2592 1279 2617 ³

193 2651 429 2743 μαντευομένῳ
449 2655 487 2720 ἐν
501 2663 666 2741 Δελφοῖσι
689 2657 765 2741 περὶ
783 2652 890 2739 γόνου
913 2650 1023 2722 ἀνεῖλε
1043 2649 1200 2739 ήΠυθίη
1278 2678 1279 2685 “

193 2748 325 2837 ἀγωνας
347 2749 426 2831 τούς
443 2761 619 2841 μεγίστους
640 2749 883 2841 ἀναιρήσεσθαι
904 2756 1011 2821 πέντε.
1043 2748 1139 2836 ὁμὲν
1156 2747 1199 2836 δή

192 2844 350 2933 ἁμαρτόν
364 2856 424 2916 τού
438 2857 639 2937 χρηστηρίου
652 2864 806 2935 προσειχε
822 2864 907 2918 τοῖσι
921 2843 1176 2935 γυμνασίοισι
1152 2872 1198 2924 ως

192 2940 457 3032 ἀναιρησόμενος
477 2944 662 3033 γυμνικούς
683 2944 832 3034 ἀγῶνας,
853 2942 985 3015 ἀσκέων
1000 2947 1038 3014 δε
1054 2944 1198 3012 πεντάε-

191 3050 279 3111 θλον
289 3067 380 3127 παρα
369 3040 430 3111 ἐν
441 3044 612 3131 πάλαισμα
624 3050 745 3132 ἔδραμε
756 3052 857 3115 νικάν
865 3043 1069 3133 ὀλυμπιάδα,
1085 3043 1200 3131 Ἱερω-

190 3141 334 3233 νόμω
304 3149 349 3209 τά
366 3140 505 3233 Ἀνδρίω
521 3142 633 3213 ἐλθόν
647 3148 680 3225 ἐς
695 3152 776 3231 ἐριν.
805 3146 1065 3267 Λακεδαιμόνιοι
1081 3145 1117 3214 δὲ
1131 3172 1198 3232 μα·

188 3241 311 3320 δόντες
328 3237 390 3308 ούκ
407 3243 440 3320 ἐς
457 3242 642 3329 γυμνικούς
657 3241 732 3316 ἀλλ’
748 3248 781 3325 ἐς
792 3242 963 3334 ἀρηίους’
944 3251 1078 3329 αγάνας
1089 3246 1200 3330 φέρον

189 3334 226 3404 τό
242 3346 430 3456 Τισαμενοῦ
441 3341 614 3428 μαντήιον,
629 3350 742 3434 μισθῷ
753 3346 934 3431 ἐπειρωντο
950 3347 1123 3419 πείσαντες
1136 3347 1199 3409 Τι-

189 3431 336 3515 σαμενόν
357 3436 574 3505 τοιέεσθαι”
551 3465 619 3525 αμα
640 3436 885 3524 Ἡρακλειδέων
909 3452 995 3506 τοῖσι
1021 3445 1199 3528 βασιλεῦσι
