2618 3928
336 255 423 312 LIB.
455 256 515 312 vn.
547 253 647 312 ΟΑΡ.
681 261 856 315 150-154.
1042 253 1100 318 187

93 422 173 495 σίως
185 418 318 484 ἕκαστοι
332 410 445 481 αὐτῶν
459 410 685 498 ἀποφεροίατο
702 410 808 484 ὀπίσω
820 411 861 483 τά
877 416 1099 502 ἐσηνείκαντο.

91 513 181 582 οὕτω
196 511 312 601 δήούκ
324 510 499 599 Ἀργείοισι
510 519 660 596 αίσχιστα
671 519 855 600 πεποίηται.
879 511 944 599 ε’γά
958 513 994 580 δὲ
1006 510 1102 598 δφεί·

91 623 139 683 λω
154 616 264 701 λέγειν
278 610 319 681 τά
336 610 518 698 λεγόμενα,
533 615 718 679 πείθεσθαί
724 637 764 697 γε
772 608 840 698 μήν
856 608 898 678 οά
908 612 1101 679 παντάπασι

92 712 233 800 ὀφείλω,
246 717 306 779 καί
317 736 374 798 μοι
390 715 488 778 τοῦτο
500 704 538 776 τδ
551 712 630 787 ἔπος
640 710 738 795 ἐχέτω
749 712 783 789 ἐς
795 710 904 778 πάντα
913 708 974 778 τὸν
985 712 1101 797 λόγον,

19 854 20 873 2
91 813 162 879 ἐπεὶ
175 811 231 878 καί
244 815 348 878 ταῦτα
358 812 504 895 λέγεται,
520 802 566 886 ὡς
578 804 644 894 ἀρα
655 804 796 895 Ἀργείοι
807 799 893 895 ἦσαν
905 814 939 878 οί
946 811 1103 877 ἐπικαλε-

19 924 21 953 ῑ
90 907 233 996 σάμενοι
251 905 313 977 τὸν
326 910 463 994 Πέρσην
478 907 531 975 ἐπὶ
545 903 609 992 τήν
626 903 785 993 Ἑλλάδα,
806 908 919 995 ἐπειδή
936 929 997 994 σφι
1016 904 1102 994 πρδς

19 1032 21 1039 ’
90 1007 171 1088 τοδς
177 1011 463 1094 Λακεδαιμονίους
473 1001 614 1091 κακῶςή
626 1004 724 1092 αίχμή
733 1004 874 1093 ἑστήκεε,
886 1012 955 1074 πᾶν
966 1003 1006 1092 δή
1017 1014 1103 1094 βου-

18 1134 20 1183 ῑ
91 1108 232 1195 λόμενοί
243 1130 304 1194 σφι
317 1105 401 1176 είναι
416 1103 482 1194 πρὸ
499 1111 559 1191 τῆς
572 1104 764 1192 παρεούσης
778 1106 895 1192 λάπης.

18 1220 19 1227 ’
179 1204 230 1275 Τά
243 1208 307 1292 μὲν
322 1208 397 1292 περὶ
416 1203 575 1291 Ἀργείων
595 1211 738 1290 είρηται,
759 1205 793 1281 ἐς
809 1204 846 1271 δὲ
865 1200 929 1290 τήν
941 1209 1102 1290 Σικελίην
1119 1225 1169 1277 153

92 1308 188 1379 ἄλλοι
204 1332 240 1375 τε
254 1304 393 1375 ἀπίκατο
408 1304 544 1392 ἀγγελοι
558 1300 623 1371 ἀπδ
640 1310 709 1370 τῶν
723 1303 907 1391 συμμάχων
917 1310 1101 1391 συμμιξον-

17 1410 19 1493 f
92 1409 294 1489 τεςΓέλωνι,
310 1406 365 1472 καὶ
376 1401 483 1490 δήκαὶ
494 1399 560 1470 ἀπὸ
571 1403 1098 1489 τῶνΛακεδαιμονίωνΣάαγρος.

17 1500 18 1507 ¹
91 1513 152 1574 τοῦ
170 1505 206 1573 δὲ
220 1506 371 1580 Γέλωνος
390 1502 514 1570 τούτου
533 1500 717 1591 πρόγονος,
739 1500 892 1588 Οίκήτωρ
912 1496 931 1568 δ
950 1502 988 1568 έν
1002 1505 1099 1588 Γέλη,

91 1599 135 1693 ήν
150 1607 187 1674 έκ
201 1603 309 1691 νήσου
327 1601 439 1688 Γήλου
452 1606 510 1686 τῆς
524 1601 577 1669 ἐπὶ
594 1604 742 1690 Τριοπίῳ
756 1601 925 1686 κειμένης,
941 1596 979 1677 δς
993 1604 1101 1679 κτιζο·

91 1705 192 1790 μένης
202 1705 306 1788 Γέλης
321 1697 387 1768 ὑπὸ
400 1702 549 1767 Λινδίων
564 1724 600 1766 τε
614 1705 683 1765 τοῖν
696 1699 733 1765 ἐκ
747 1696 864 1767 Ῥόδον
877 1701 933 1766 καί
943 1695 1100 1784 Ἀντιφή-

91 1828 157 1888 μου
173 1799 236 1873 οὐκ
251 1804 401 1886 ἐλείφθη.
425 1794 491 1865 ἀνά
507 1796 632 1884 χρόνον
645 1798 682 1864 δὲ
692 1794 799 1864 αὐτοῦ
815 1801 851 1864 οί
864 1792 1027 1881 ἀπόγονοι
1041 1820 1098 1881 γε·

15 1962 16 1967 ,
91 1899 229 1986 νόμενοι
246 1898 426 1984 ίροφάνται
443 1904 512 1965 τῶν
524 1902 675 1983 χθονίων
688 1902 781 1965 θεῶν
796 1898 962 1964 διετέλεον
977 1892 1098 1979 ἐόντες,

15 2014 16 2075 λ
95 2001 243 2082 Γηλίνεω
258 1994 334 2074 ἑνός
342 2020 401 2062 τευ
411 2001 480 2063 τῶν
490 1997 672 2082 προγόνων
682 1998 893 2083 κτησαμένου
904 1994 1017 2084 τρόπω
1028 2018 1100 2060 τοι·

15 2098 16 2103 ’
93 2100 174 2186 τῇδε
201 2096 234 2172 ές
254 2094 462 2180 Μακτώριον
482 2094 584 2162 πόλιν
604 2092 668 2182 τήν
686 2092 773 2181 ὑπὲρ
794 2096 898 2180 Γέλης
921 2096 1101 2178 οἰκημένην

15 2200 18 2249 f
93 2198 222 2279 ἔφυγον
237 2191 358 2278 ἀνδρες
368 2190 512 2283 Γελῴων
523 2194 727 2273 ἑσσωθέντες
737 2194 841 2262 στάσι.
858 2193 999 2271 τούτους
1017 2183 1098 2259 dv&

94 2299 236 2379 Γηλίνης
253 2290 419 2377 κατήγαγε
434 2293 467 2369 ές
477 2295 603 2379 Γέλην,
621 2299 706 2380 ἔχων
717 2290 879 2378 οὐδεμίαν
890 2289 1026 2379 ἀνδρῶν
1036 2290 1100 2358 δά-

91 2417 209 2477 ναμιν,
230 2387 303 2460 ἀλλ’
324 2387 381 2477 ίρά
395 2389 526 2457 τούτων
539 2397 608 2458 τῶν
627 2399 727 2460 θεῶν.
751 2388 837 2458 ὅθεν
851 2389 888 2458 δὲ
903 2387 987 2458 αὐτὰ
1002 2394 1100 2474 ἔλαβε

90 2485 227 2575 ἧαδτός
241 2487 416 2576 ἐκτήσατο,
433 2494 533 2557 τοῦτο
549 2486 613 2557 οὐκ
630 2494 693 2576 ἔχω
709 2487 806 2557 εἶπαι.
835 2487 983 2557 τούτοισι
1000 2484 1032 2555 δ’
1050 2482 1100 2556 τάν

91 2593 232 2665 πίσυνος
242 2584 308 2654 έεδν
321 2585 506 2673 κατήγαγε,
521 2584 574 2653 ἀπ’
592 2579 620 2678 ᾧ
633 2612 669 2655 τε
686 2592 721 2655 οί
730 2582 894 2672 ἀπόγονοι
908 2583 1013 2652 αὐτοῦ
1026 2589 1100 2670 ίρο-

92 2683 216 2771 φάυται
229 2689 297 2750 τῶν
309 2690 403 2751 θεῶν
420 2688 563 2752 ἔσονται.
587 2685 713 2771 θοῖνμά
727 2710 784 2770 μοι
799 2677 849 2753 τάν
862 2686 1027 2752 καὶτοῦτο
1042 2689 1100 2769 γέκ

90 2804 172 2867 γονε
185 2776 269 2865 πρὸς
284 2778 325 2847 τά
342 2781 564 2868 πυνθάνομαι
585 2782 856 2869 κατεργάσασθαι
875 2789 1022 2869 Ἥηλίνην
1043 2787 1100 2866 ἔρ-

90 2904 154 2967 γον
168 2885 324 2946 τοσοῦτο·
346 2879 536 2950 τὰτοιαῦτα
548 2880 614 2969 γὰρ
626 2887 707 2968 ἔργα
722 2879 765 2949 οὐ
778 2880 862 2967 πρὸς
875 2888 938 2949 τοῦ
952 2878 1100 2959 ἅπαντος

90 2973 215 3064 ἀνδρὸς
228 2976 391 3062 νενόμικα
403 2984 578 3066 γίνεσθαι,
599 2978 682 3049 ἀλλὰ
700 2977 784 3068 πρὸς
799 2986 905 3069 φυχῆς
919 3004 955 3047 τε
969 2976 1101 3065 ἀγαθῆς

89 3082 143 3144 καὶ
160 3073 274 3163 ροίμης
287 3071 464 3163 ἀνδρηίης·
483 3075 552 3147 ὅδὲ
561 3081 690 3166 λέγεται
701 3077 785 3166 πρὸς
795 3086 854 3166 της
864 3086 1021 3164 Σικελίης
1032 3084 1100 3144 τῶν

89 3174 276 3263 οἰκητόρων
285 3171 327 3243 τά
335 3173 520 3246 ὑπεναντία
529 3180 660 3247 τούτων
671 3179 856 3264 πεφυκέναι
865 3180 1054 3264 θηλυδρίης
1065 3199 1100 3240 τε

89 3279 145 3344 καί
155 3275 390 3362 μαλακώτερος
400 3272 496 3362 ἀνήρ.
519 3275 618 3346 Οὕτω
630 3281 692 3365 μέν
703 3303 769 3345 νυν
781 3276 938 3363 ἐκτήσατο
949 3279 1049 3342 τοῦτο
1060 3269 1098 3339 τδ

88 3379 204 3463 γε’ρας,
218 3373 420 3460 Κλεάνδρου
437 3375 474 3442 δὲ
488 3382 550 3442 τοῦ
563 3379 758 3464 Παντάρεος
770 3375 1029 3463 τελευτήσαντος
1039 3369 1101 3440 τὸν
1117 3390 1164 3444 154

88 3480 183 3561 βίον,
201 3472 239 3553 δς
252 3476 477 3560 ἐτυράννευσε
491 3478 556 3561 μὲν,
568 3481 672 3563 Γέλης
688 3474 769 3544 ἕπτά
786 3482 878 3560 ἔτεα,
900 3471 1052 3541 ἀπέθανε
1062 3473 1099 3541 δὲ
