2606 3920
307 214 393 270 LIB.
425 216 491 272 VIII.
527 215 627 273 cAP.
663 222 888 288 136-140,1.
1037 221 1098 281 283

95 398 218 460 γραφει
239 379 278 461 τῇ
299 379 441 459 μαχαίρη
463 373 495 450 ές
516 370 552 439 τό
570 375 694 457 ἔδαφος
714 381 775 440 τοῦ
791 385 887 442 οίκου
908 378 967 446 τόν
987 380 1097 468 ἥλιον,

95 471 302 559 περιγράψας
311 470 358 555 δέ,
367 473 399 547 ές
410 466 470 536 τόν
480 468 608 537 κόλπον
618 472 687 555 τρίς
698 467 910 556 ἀρυσάμενος
921 476 1096 563 τοῦὴλίου,

95 568 323 639 ἀπαλλάσσετο
345 565 444 645 αύτός
459 592 494 633 τε
514 568 569 634 καί
590 570 624 633 οί
641 565 712 651 μετ’
730 571 870 636 ἐκείνου.
911 576 953 638 Οί
973 574 1096 661 μὲνδὴ
1122 598 1171 651 138

18 680 20 689 ⁴
94 665 251 756 ιἰπήίσαν,
266 673 312 757 τῷ
327 667 363 734 δέ
376 666 506 753 βασιλέϊ
516 670 669 750 σημαίνει
682 691 731 743 τις
742 671 810 732 τεόν
821 672 1008 757 παρέδρων,
1025 668 1098 739 οἶόν

18 774 20 783 ’
94 791 125 833 τι
140 771 248 852 χρῆμα
263 762 411 851 ποιήσειε
423 761 530 839 ὀπαῖς
543 764 598 828 καὶ
614 758 658 838 ὡς
669 757 735 828 σύν
747 761 816 854 νόφ
828 765 965 833 ἐκείνων
979 765 997 834 ὁ
1010 769 1096 837 νειό-

95 887 189 941 τατος
203 862 302 949 λάβοι
318 858 359 929 τότ
374 860 542 945 διδόμενα.
565 856 632 926 ὁδέ
646 865 750 926 ταῦτα
766 857 913 942 όικούσας
927 867 981 933 καί
996 864 1090 946 ὀξυν-

92 964 167 1039 θεὶς
180 963 299 1046 πέμπει
314 958 366 1029 ἐπ’
383 958 506 1038 αύτούς
520 962 639 1037 ίππέας
653 955 864 1041 ἀπολέοντας.
899 964 1046 1052 ποταμός
1061 970 1101 1035 δέ

94 1062 162 1129 έστι
182 1061 219 1127 έν
233 1066 272 1148 τῇ
287 1060 379 1148 χόρη
395 1060 516 1147 ταύτη,
536 1064 583 1148 τῷ
602 1058 728 1126 θύουσι
750 1064 783 1126 οί
801 1061 931 1129 τούτων
950 1070 1018 1131 τῶν
1034 1062 1097 1133 ἆν-

94 1166 185 1250 δρῶν
199 1157 401 1249 ἀπ”Ἀργεος
415 1158 578 1246 ἀπόγονοι
594 1165 726 1244 σωτῆρι.
751 1152 867 1245 οὗτος,
891 1165 965 1232 έπεί
976 1190 1010 1231 τε
1026 1167 1082 1232 διέ

93 1267 202 1348 βησαν
216 1264 250 1328 ολ
267 1265 463 1347 Τημενίδαι,
485 1259 587 1346 μέγας
604 1254 693 1323 οὕτω
714 1256 818 1344 έρρύη
835 1256 919 1327 ὥστε
939 1258 1019 1339 τούς
1039 1265 1096 1328 Iu-

92 1360 173 1437 πίας
187 1356 230 1446 μη
244 1361 337 1438 οἵους
351 1384 386 1426 τε
399 1358 558 1444 γενέσθαι
573 1359 737 1441 διαβῆναι.
759 1360 793 1422 οί
805 1357 841 1423 δέ
853 1353 1050 1443 ἀπικόμενοι
1062 1360 1096 1436 ές

94 1456 199 1544 ἄλλην
221 1463 285 1543 γῆν
304 1463 361 1542 τῆς
375 1458 589 1541 Μακεδονίης
609 1462 750 1539 οίκησαν
769 1457 869 1532 πέλας
889 1460 957 1521 τῶν
976 1455 1094 1542 κη’πων

92 1562 161 1623 τῶν
174 1558 365 1643 λεγομένων
381 1553 464 1624 εἶναι
476 1558 595 1623 Μίδεω
609 1558 670 1620 τοῦ
680 1555 840 1638 Γορδίεω,
857 1553 894 1619 έν
907 1568 993 1621 τοῖσι
1007 1556 1093 1641 φύε-

92 1679 146 1720 ται
167 1650 337 1739 αὐτόματα
356 1653 456 1741 ῥόδα,
477 1656 515 1720 ἓν
535 1655 674 1719 ἕκαστον
694 1654 771 1736 έχον
792 1647 949 1736 ἐξήκοντα
970 1654 1092 1739 φύλλα,

10 1800 12 1825 ÷
93 1751 180 1840 ὀδμῇ
193 1780 229 1821 τε
242 1752 476 1841 ὑπερφέροντα
490 1760 557 1821 τόν
572 1751 692 1821 όλλων.
717 1754 754 1819 έν
767 1750 914 1819 τούτοισι
930 1755 984 1819 καί
999 1750 1094 1820 ὁΣι-

10 1860 12 1895 ³
92 1849 194 1937 ληνός
215 1865 300 1919 τοῖσι
317 1852 451 1939 κήποισι
465 1850 552 1939 ἥλω,
577 1847 621 1929 ὡς
635 1853 764 1937 λέγεται
786 1847 852 1918 ὑπό
872 1851 1091 1920 Μακεδόνων.

9 1942 10 1965 ³
95 1947 178 2036 ὑπὲρ
194 1951 230 2018 δέ
242 1955 309 2016 τῶν
320 1951 438 2038 κήπων
449 1943 550 2036 οὖρος
559 1951 677 2036 κέεται,
693 1951 840 2037 Βέρμιον
851 1945 991 2036 ούνομα,
1009 1947 1094 2038 όίβα-

95 2074 153 2116 τον
166 2045 233 2116 ύπδ
248 2057 418 2136 χειμῶνος.
448 2051 608 2117 ἐνθεῦτεν
622 2048 659 2115 δὲ
672 2045 888 2133 δρμεόμενοι,
910 2044 954 2125 ὡς
967 2047 1093 2134 ταύτην
1238 2127 1243 2135 ⁸

93 2152 206 2233 ἔσχον,
222 2150 483 2234 κατεστρέφοντο
500 2148 554 2215 καί
568 2143 630 2232 την
644 2144 749 2231 όίλλην
760 2149 987 2232 Μακεδονίην.
1014 2143 1092 2214 Ἀπό
1113 2162 1163 2216 139
1291 2210 1292 2215 ,

94 2242 216 2312 τούτου
238 2242 278 2332 δὴ
305 2252 365 2313 τοῦ
386 2250 579 2331 Περδίκκεω
600 2241 813 2332 Ἀλέξανδρος
835 2236 900 2313 ὦδε
925 2245 1092 2331 ἐγεγόνεε·

89 2340 256 2430 Ἀμύντεω
277 2360 353 2425 ταῖς
372 2340 417 2433 ἦν
433 2343 662 2432 Ἀλέξανδρος,
688 2343 849 2432 Ἀμύντης
870 2348 906 2414 δέ
927 2345 1092 2432 Ἀλκέτεω,

88 2438 245 2509 Ἀλκέτεω
256 2442 293 2511 δέ
304 2440 411 2530 πατὴρ
425 2436 469 2530 ἦν
479 2442 643 2531 Ἀέροπος,
660 2449 720 2510 τοῦ
732 2445 768 2511 δὲ
780 2452 954 2530 Φίλιππος,
972 2451 1093 2513 Φιλίπ-

92 2565 161 2660 που
178 2541 214 2608 δὲ
235 2539 399 2629 Ἀργαῖος,
420 2550 481 2612 τοῦ
504 2544 540 2612 δέ
559 2547 746 2629 Περδίκκης
767 2541 785 2611 ὁ
807 2543 1011 2632 κτησόμενος
1032 2543 1094 2632 την

92 2663 206 2725 aemv-

172 2733 341 2824 Ἐγεγόνεε
352 2742 413 2824 μὲν
424 2737 463 2826 δὴ
478 2731 542 2807 ὦδε
553 2738 766 2822 Ἀλέξανδρος
777 2736 795 2807 ὁ
808 2737 986 2828 Ἀμύντεω,
1002 2737 1046 2819 ὡς
1057 2741 1093 2809 δὲ
1112 2759 1160 2813 Ιλί
1286 2738 1288 2831 J

92 2831 227 2903 ἀπίκετο
248 2838 282 2914 ές
303 2833 362 2915 τὰς
377 2833 520 2925 Ἀθήνας
542 2835 774 2925 ἀποπεμφθεὶς
796 2834 862 2906 ὑπό
878 2844 1089 2927 Μαρδονίου,
1109 2863 1123 2915 1
1286 2834 1287 2921 I

91 2938 183 3018 ἔλεγε
197 2933 291 3001 τόδε·
317 2933 454 3021 Ἀνδρες
470 2932 658 3023 Ἀθηναῖοι,
677 2937 875 3023 Μαρδόνιος
894 2938 974 3007 τόδε
988 2944 1093 3026 λέγει·

87 3028 177 3118 Ἐμοὶ
194 3028 329 3118 όγγελίη
343 3032 417 3120 ἥκει
427 3032 518 3122 παρὰ
529 3040 681 3123 βασιλέος
698 3040 842 3122 λέγουσα
863 3036 966 3105 οὕτω·
992 3035 1094 3124 Ἀθη-

92 3140 214 3201 ναίοισι
230 3127 289 3210 τόις
303 3129 495 3219 ἁμαρτάδας
511 3131 569 3213 τὰς
584 3136 617 3214 έξ
638 3137 776 3202 ἐκείνων
791 3135 823 3213 ές
840 3136 896 3221 έμέ
913 3137 1095 3222 γενομένας

92 3230 199 3312 πόσας
213 3238 353 3319 μετίημι.
376 3240 443 3301 νῦν
456 3259 492 3302 τε
504 3226 579 3320 ὦδε,
594 3233 782 3320 Μαρδόνιε,
797 3240 897 3301 ποίεε.
921 3234 1093 3319 τοῦτομὲν

92 3326 153 3414 τὴν
163 3338 228 3417 γῆν
238 3350 299 3418 σφι
310 3328 446 3418 ἀπόδος,
461 3340 559 3401 τοῦτο
570 3332 607 3400 δέ
618 3330 724 3418 όλλην
733 3329 817 3419 πρὸς
831 3329 934 3419 ταύτη
945 3332 1094 3399 ἑλέσθων

93 3422 197 3513 αὐτοὶ,
208 3426 327 3515 ἥντινα
338 3425 382 3496 ἄν
393 3432 544 3516 ἐθέλωσι,
557 3430 666 3509 ἐόντες
678 3428 868 3515 αὐτόνομοι.
893 3427 949 3516 ίρό
960 3454 995 3495 τε
1006 3426 1095 3494 ποίν-
