2606 3920
210 274 273 340 258
585 279 835 339 HERODOTI

213 458 321 508 σασαν
332 440 365 518 ές
375 447 537 526 Αίγιναυ,
551 437 677 524 ταύτην
689 435 773 506 εἶναι
785 433 846 524 τήν
861 435 1017 525 άρξασαν.
1040 442 1172 527 λέγεται
1185 439 1221 506 δὲ

215 539 270 607 καὶ
288 535 384 624 τάδε,
406 533 450 616 ὦς
466 537 581 624 φάσμα
602 556 663 622 σφι
677 533 838 623 γνναικός
855 538 980 626 ἐφάνη,
1002 552 1168 626 φανεῖσαν
1184 538 1221 604 δὲ

215 633 495 704 διακελεύσασθαι
508 632 592 704 ύστε
605 635 660 702 καὶ
668 631 758 701 άπαν
770 631 912 704 άκοῦσαι
922 635 959 705 τό
972 643 1040 705 τῶν
1047 633 1220 722 Ἑλλήνων

215 731 442 821 στρατόπεδον
452 729 666 802 ὀνειδίσασαν
680 732 845 855 πρότερον
859 732 953 801 τάδε
980 727 1020 802 Ω
1037 730 1219 821 δαιμόνιοι,

170 834 310 920 θὸμέχρι
329 828 434 899 κύσου
455 836 502 901 ἔτι
522 831 682 918 πρύμνην
699 828 949 917 ἀνακρούεσθε,
983 828 1077 900 Κανά
1092 830 1155 952 μβυ
1177 825 1217 914 δή

211 930 412 1017 Ἀθηναίους
428 931 598 1019 ἐτετάχατο
614 937 769 1011 Φοίνικες
782 923 892 1050 (ούτρι
905 929 969 1019 γάρ
985 931 1073 1019 εἶχον
1083 926 1120 999 τό
1132 926 1220 1017 πρὸς

211 1027 399 1106 Ἐλενσλνός
410 1053 446 1097 τε
456 1031 512 1098 καί
522 1031 662 1118 ἕσιιέρης
672 1030 785 1117 κέρας)
796 1055 879 1096 κατα
868 1026 927 1096 δέ
932 1030 1220 1115 Λακεδαιμονίους

211 1126 340 1205 ”·Ιωνες
369 1116 464 1194 οὗτοι
484 1122 515 1193 δ’
533 1122 671 1212 είχον“
636 1150 673 1194 το
689 1122 773 1208 τρός
791 1122 853 1212 τήν
872 1122 921 1244 ήβ
938 1128 1044 1193 τεκαὶ
1062 1121 1122 1191 τόν
1136 1129 1220 1189 Πει-

217 1227 320 1310 ραιέα
336 1218 565 1310 ηθελοκακεον
576 1227 690 1311 μέντοι
702 1248 815 1292 αυτωυ
823 1250 906 1292 κατα
894 1218 1279 1339 ταςθεμιστοκλέος

217 1319 353 1400 ἐντολάς
364 1320 523 1410 ὀλίγοι,οί
533 1321 716 1401 δὲπλεῦνες
727 1318 778 1389 ού.
792 1326 854 1408 έχω
865 1323 926 1408 μέν
938 1347 1004 1389 νυν
1014 1324 1147 1407 συχνῶν
1159 1298 1221 1384 06-

218 1421 346 1507 υύματα
354 1419 564 1507 τριηράρχων
575 1421 748 1500 καταλέξαι
757 1425 826 1487 των
836 1422 913 1497 νέας
920 1416 1111 1503 Ἑλληνίδας
1122 1412 1221 1482 έλύν-

217 1546 286 1588 των
287 1515 466 1605 ,χρήσομαι
477 1516 513 1586 δὲ
524 1514 653 1584 αύτοῖσι
664 1512 767 1582 οὐδὲν
776 1513 864 1604 πλην
871 1511 1100 1603 Θεομηστορος
1111 1537 1146 1579 τε
1158 1513 1221 1579 τοῦ

214 1613 500 1701 Ἀνδροδάμαντος
511 1614 566 1682 καὶ
577 1612 739 1681 Φυλάκου
753 1639 814 1682 του
799 1610 990 1699 ’Ἱστιαίον,
1004 1604 1175 1730 Σαμίωγ’
1154 1634 1279 1694 αμ-

219 1717 381 1801 φοτίρων.
410 1714 510 1778 τοῦδε
530 1709 618 1778 δὲ”
586 1735 715 1778 εινεκεν
736 1712 904 1832 μέμγημαι
922 1711 1052 1778 τούτων
1069 1706 1212 1795 μούνων,

218 1811 270 1881 ὅτι
285 1808 485 1897 Θεομήστωρ
501 1807 562 1896 μέν
583 1805 638 1876 διά
652 1815 751 1877 τούτο
771 1835 808 1878 το
797 1806 926 1897 ’ἔργον
939 1808 1061 1895 Σάμου
1075 1804 1200 1891 έτυράν
1278 1862 1279 1869 ,

218 1928 318 1977 νευσε
333 1904 610 1993 καταστησάντων
623 1913 691 1974 τῶν
703 1910 880 1995 Περσέων,
902 1908 1056 1987 Φύλακος
1072 1907 1108 1975 δὲ
1124 1900 1219 1990 εύερ-

218 2012 313 2096 γέτης
325 2009 478 2095 βασιλέος
487 2003 662 2093 άνεγράφη
673 2010 728 2075 καί
737 2006 828 2095 χάρη
840 2010 874 2075 οί
883 2006 1039 2096 ἐδωρήθη
1053 2002 1169 2090 πολλή,
1189 2001 1220 2068 ot

220 2107 252 2177 δ’
282 2104 449 2231 εὐεργέται
474 2109 626 2194 βασιλέος
651 2103 834 2195 ὀροσάγγαι
856 2111 1031 2178 καλέονται
1051 2109 1217 2194 Περσιστί.

174 2224 209 2280 86
219 2209 304 2295 Περὶ
317 2232 380 2293 μεν
393 2231 459 2274 νυν
469 2204 610 2284 τούτους
621 2202 710 2272 οὕτω
725 2202 822 2371 εἶχε,ὲ
813 2230 851 2272 το
839 2202 900 2274 ’δέ
913 2213 1043 2293 πλῆθος
1053 2211 1121 2272 τῶν
1132 2207 1221 2270 νεῶν
1277 2260 1278 2277 ,

220 2310 258 2376 έν
270 2334 310 2396 τη
295 2313 488 2389 Σαλαμῖνι
505 2306 765 2424 έκεροβζετο,αί
781 2304 844 2389 μὲν
857 2300 916 2370 ὑπ’
924 2301 1126 2421 Ἀθηγαίων
1146 2303 1221 2367 δια·
1277 2358 1278 2387 3

213 2402 460 2528 φθειρόμεναι,
482 2404 519 2469 ac
531 2397 602 2470 δὲ
584 2425 650 2468 υττο
638 2397 940 2522 ⁸Alycv666mvs'
918 2426 976 2468 ατε
990 2396 1055 2486 γάρ
1069 2403 1137 2465 τῶν
1157 2392 1278 2482 μέν’

213 2500 382 2588 Ἐλλήνων
396 2495 462 2566 σύν
476 2496 589 2590 κόσμῳ
606 2497 866 2585 ναυμαχεόντων
881 2524 964 2566 κατα
952 2495 1082 2582 ’τάξιν,
1098 2499 1168 2562 τάν
1184 2493 1222 2560 δὲ

219 2597 402 2691 βαρβάρων
416 2592 458 2664 ού
478 2599 688 2717 τεταγμένων
704 2602 752 2667 έτι
767 2596 845 2666 ούτε
862 2595 928 2665 σύν
947 2595 1016 2761 νόρι
1033 2591 1222 2662 ποιεόντων

220 2694 338 2783 ούδέν,
353 2699 466 2781 ἔμελλε
476 2693 609 2762 τοιοῦτό
620 2714 680 2782 σφι
693 2701 928 2779 συνοίσεσθαι,
945 2720 962 2761 ο
965 2689 1018 2762 ίόν
1029 2716 1091 2779 περ
1103 2686 1221 2810 ὀκέβη..

221 2804 327 2868 καίτοι
341 2785 429 2882 ήσάν
442 2820 481 2882 γε
500 2798 555 2863 καί
576 2797 730 2884 ἐγένοντο
745 2796 870 2918 ταύτην
884 2792 946 2882 τήν
962 2791 1090 2882 ἡμέρην
1104 2795 1222 2881 μακρά

220 2895 395 2983 ἀμείνονες
410 2892 504 2963 αὐτοὶ
515 2890 683 2982 έωντῶυή
693 2891 777 2981 τρός
789 2891 935 2984 Εύβοίη,
950 2901 1015 2973 τιάς
1025 2919 1074 2972 τις
1085 2900 1222 2978 προθυ-
1276 2894 1277 2971 6

180 2993 380 3082 μεόμενος
396 2993 451 3060 καί
466 2995 647 3080 δειμαίνων
660 2997 791 3081 Ξέρξεα,
810 2993 926 3063 ἐδόκεέ
938 3021 973 3061 τε
985 2997 1121 3071 ἕκαστος
1136 2994 1223 3059 ἑωυ-

173 3103 208 3160 θλ
219 3088 279 3162 τόν
294 3088 486 3177 θηήσεσθαι
501 3095 646 3177 βασιλέα.
678 3089 778 3161 Κατὰ
790 3092 853 3179 μὲν
869 3089 910 3179 δή
926 3089 1006 3170 τούς
1021 3089 1143 3167 ἄλλους
1158 3085 1223 3155 ούιι

220 3198 282 3279 ἔχω
300 3190 529 3308 μετεξετέρους
543 3196 648 3259 εἰπεῖν
662 3188 826 3277 άτρεκέως
842 3188 886 3281 ύς
906 3192 1038 3258 ἕκαστοι
1052 3193 1120 3255 τάν
1136 3192 1223 3273 βαρ·
1276 3178 1277 3257 6

219 3290 335 3377 βάρων
350 3282 370 3372 6
384 3291 453 3353 τῶν
460 3283 628 3449 Ἐλλήνων
641 3283 851 3374 ἠγωνίζοντο,
866 3312 950 3354 κατα
937 3283 1003 3354 ἐδ
1013 3284 1222 3372 Ἀρτεμισίην

218 3388 298 3456 τάδε
313 3380 489 3472 έγένετο,’
469 3381 528 3449 ατί
542 3377 590 3450 δν
605 3383 802 3473 εὐδοκίμησε
815 3390 944 3473 μᾶλλον
955 3389 1003 3451 ἔτι
1019 3407 1109 3470 παρα
1097 3378 1226 3469 ’βασι·

218 3482 284 3552 λέτ·
306 3477 419 3564 έιτειδή
435 3475 500 3562 γάρ
516 3480 549 3558 ές
562 3481 719 3572 θόρυβον
729 3480 857 3552 κολλόν
870 3480 1005 3551 άπίκετο
1016 3478 1057 3549 τά
1067 3478 1225 3568 βασιλέος
1275 3518 1276 3525 1
