2566 3934
208 215 269 279 110
582 223 832 283 HERODOTI

206 405 281 465 ριτα
293 380 475 471 μαθήματα
490 382 651 471 ἐγεγόνεε.
675 388 706 452 εί
718 385 781 470 μὲν
797 380 967 467 άθάνατος
981 392 1107 467 δοκέεις
1122 386 1206 456 εἶναι

205 484 261 551 καί
285 489 439 570 στρατιῆς
461 482 617 570 τοιαύτης
641 480 772 571 ἄρχειν,
803 482 904 554 ούδέν
928 481 973 555 άν
997 497 1047 575 είη
1071 494 1207 576 πρῆγμα

203 576 340 669 γνώμας
356 580 412 666 ἐμὲ
425 582 479 650 σοί
495 578 762 668 ἀποφαίνεσθαι·
785 588 816 652 εί
834 584 870 651 δὲ
886 589 1049 674 ἔγνωκας,
1072 584 1123 656 ὅτι
1143 584 1207 655 άν-

204 692 343 770 θρωπος
362 683 418 749 καί
438 679 481 751 σύ
503 680 548 761 εἷς
573 683 628 751 καί
644 685 766 769 ἕτέρωυ
782 688 921 755 τοιῶνδε
945 683 1071 775 άρχεις,
1097 689 1207 757 ἐκεῖνο

204 788 339 872 πρώτον
349 779 449 866 μάθε,
468 776 512 860 ώς
522 780 645 860 κύκλος
655 788 724 850 τῶν
734 778 963 872 άνθρωπηίων
973 788 1040 856 ἐστί
1050 783 1207 875 πρηγμά-

204 907 289 967 των,
321 876 585 967 περιφερόμενος
609 882 646 947 δὲ
670 877 733 948 ούκ
757 882 795 970 ἐᾷ
818 883 881 950 αίεὶ
905 877 984 961 τούς
1003 879 1126 961 αύτούς
1147 880 1202 950 εύ

203 981 342 1066 τυχέειν.
364 976 428 1067 ἤδη
445 971 494 1047 ών
507 976 572 1066 ἐγώ
585 978 726 1067 γνώμην
739 984 802 1066 έηω
815 982 892 1066 περί
908 986 968 1047 τού
982 983 1206 1066 προκειμένου

203 1076 394 1167 πρήγματος
406 1075 447 1146 τά
459 1074 632 1165 ἐμπαλινῆ
647 1069 748 1145 οὗτοι.
773 1083 804 1146 εί
815 1074 880 1164 γάρ
892 1075 1096 1167 ἐθελήσομεν
1110 1079 1207 1146 ἐσδέ-

203 1180 327 1257 ξασθαι
345 1171 426 1253 τούς
438 1182 617 1262 πολεμίους
638 1176 671 1253 ἐς
690 1172 753 1261 τὴν
767 1174 897 1264 χώρην,
919 1175 977 1245 όδε
990 1201 1041 1245 τοι
1055 1179 1093 1245 ἐν
1113 1173 1205 1266 αύτῷ

202 1277 362 1353 κίνδυνος
382 1278 449 1341 ένι·
478 1275 637 1352 ἑσσωθεὶς
661 1275 724 1361 μέν
737 1274 1003 1362 προσαπολλύεις
1016 1280 1128 1342 πάσαν
1141 1271 1205 1361 την

202 1370 326 1461 άρχήν·
362 1373 447 1457 δῆλα
464 1373 529 1459 γάρ
549 1368 602 1456 δὴ,
622 1367 671 1438 ὅτι
688 1372 853 1451 νικέουτες
871 1374 1090 1458 Μασσαγέται
1106 1369 1146 1440 ού
1164 1372 1204 1441 τὸ

201 1470 311 1540 ὀπίσω
328 1470 523 1560 φεύξονται,
541 1468 616 1540 ἀλλ’
634 1468 687 1539 ἐπ’
702 1469 806 1560 άρχάς
822 1468 880 1552 τάς
899 1471 959 1552 σάς
978 1474 1114 1542 ἐλέουσι.
1149 1501 1204 1542 νι-

201 1574 289 1642 κέων
307 1571 347 1640 δέ
364 1570 405 1640 ου’
423 1578 517 1663 νικᾷς
533 1577 672 1640 τοσοῦτο
696 1570 788 1642 ὅσον
800 1578 832 1642 εί
846 1571 962 1659 διαβάς
985 1576 1019 1654 ἐς
1036 1572 1097 1660 τήν
1115 1576 1204 1644 ἐκεί-

201 1701 283 1759 νων,
301 1673 421 1741 υικέων
431 1673 672 1760 Μασσαγέτας,
691 1675 781 1743 ἕποιο
799 1672 979 1761 φεύγουσι·
1012 1670 1118 1743 τώυτό
1136 1673 1203 1764 γάρ

203 1770 375 1860 άντιθησω
394 1775 528 1866 ἐκείνῳ,
550 1771 752 1861 ὅτινικήσας
768 1772 849 1855 τούς
865 1772 1105 1864 ἀντιουμένους
1124 1778 1203 1866 ἐλᾷς

206 1873 265 1943 ίθύ
280 1881 338 1961 τῆς
357 1868 460 1964 άρχῆς
472 1881 530 1963 τῆς
549 1873 720 1964 Τομύριος.
750 1880 850 1964 χωρίς
863 1901 899 1944 τε
912 1879 972 1945 τού
985 1873 1200 1964 άπηγημόνου

203 1973 344 2064 αίσχρὸν
371 1976 429 2044 καὶ
458 1973 521 2044 ούκ
544 1973 742 2063 ιἰνασχετὸν,
773 1975 892 2060 Κῦρόν
914 2003 952 2062 γε
974 1976 1035 2046 τόν
1059 1975 1202 2064 Καμβύ-
1270 2020 1271 2023 =

204 2098 270 2147 σεω
280 2079 414 2166 γυναικί
426 2079 556 2158 εἴξαντα
570 2072 785 2163 ὑποχωρῆσαι
797 2082 855 2164 της
867 2075 984 2164 χώρης.
1006 2083 1071 2145 νῦν
1086 2069 1135 2145 ών
1145 2103 1205 2164 μοι

203 2178 311 2245 δοκέει
328 2174 508 2265 διαβάντας
522 2183 720 2264 προελθεῖν,
746 2172 828 2242 ὅσον
842 2169 886 2243 άν
906 2178 1027 2244 ἐκεῖνοι
1046 2178 1202 2263 διεξίωσι,

203 2281 363 2345 ἐνθεῦτεν
388 2277 425 2343 δέ
440 2274 519 2343 τάδε
540 2279 718 2352 ποιεῦντας
741 2279 924 2361 πειρᾶσθαι
949 2276 1086 2345 ἐκείνων
1106 2296 1203 2358 περι-

201 2375 370 2459 γενέσθαι.
400 2367 444 2449 ώς
464 2369 529 2458 γάρ
555 2369 619 2458 ἐγώ
640 2371 877 2458 πυνθάνομαι,
899 2375 1117 2459 Μασσαγέται
1138 2374 1203 2441 είσὶ

203 2467 344 2557 άγαθών
359 2493 395 2536 τε
409 2475 585 2557 Περσικῶν
599 2468 730 2560 άπειροι
744 2472 801 2542 καί
820 2476 932 2541 καλών
945 2469 1100 2559 μεγάλων
1113 2468 1203 2540 άπα-

202 2568 288 2647 θέες.
317 2565 465 2636 τούτοισι
487 2562 535 2637 ών
549 2584 635 2638 τοῖσι
655 2567 797 2657 άνδράσι
821 2577 890 2640 τῶν
909 2569 1088 2659 προβάτων
1101 2568 1203 2659 άφει-

102 2672 114 2685 “
203 2666 286 2745 δέως
308 2663 415 2735 πολλά
432 2667 684 2753 κατακόψαντας
703 2673 759 2739 καὶ
775 2669 1002 2751 σκευάσαντας
1021 2681 1201 2759 προθεῖναι

202 2767 299 2855 ἐντῷ
313 2768 523 2860 στρατοπέδω
542 2777 589 2860 τῷ
601 2765 750 2861 ἡμετέρῳ
766 2773 877 2856 δαῖτα,
899 2767 983 2858 πρὸς
998 2772 1034 2839 δέ
1047 2772 1103 2839 καί
1115 2796 1197 2858 κρη-

200 2868 300 2949 τῆρας
314 2859 476 2955 άφειδέως
491 2876 587 2937 οίνον
601 2867 750 2958 άκρήτου
760 2870 815 2939 καί
825 2874 912 2938 σιτία
925 2884 1084 2959 παντοῖα,
1099 2867 1202 2959 ποιά-

200 2980 321 3042 σαντας
353 2964 390 3034 δέ
420 2973 540 3058 ταῦτα,
572 2965 859 3057 ὑπολειπομένους
887 2975 945 3058 τῆς
978 2975 1132 3060 στρατιῆς
1160 2965 1199 3037 τό

200 3061 449 3154 φλαυρότατον,
466 3065 547 3148 τούς
560 3065 699 3148 λοιπούς
712 3062 807 3148 αὖτις
821 3071 1056 3158 ἐξαναχωρέειν
1071 3069 1124 3137 ἐπὶ
1137 3063 1201 3136 τόν

198 3163 357 3250 ποταμόν.
379 3161 425 3253 ἢν
439 3164 504 3253 γάρ
520 3165 584 3256 ἐγώ
598 3168 734 3258 γνώμης
748 3167 793 3258 μὴ
811 3166 965 3259 ἁμάρτω,
987 3172 1108 3239 ἐκείνοι
1125 3168 1200 3239 ίδό-

197 3286 293 3348 μενοι
307 3260 420 3350 άγαθά
434 3265 541 3336 πολλά
565 3270 747 3356 τρέψονταί
767 3295 803 3339 τε
821 3265 907 3358 πρὸς
926 3265 1028 3356 αύτά,
1045 3270 1101 3338 καί
1117 3265 1200 3358 ἡμίν

196 3358 233 3428 τὸ
250 3360 410 3431 ἐνθεῦτεν
424 3370 570 3435 λείπεται
585 3364 739 3450 άπόδεξις
754 3373 862 3458 ἐργων
878 3368 1042 3458 μεγάλων.

128 3472 180 3529 208
280 3467 415 3551 [θῶμαι
425 3465 487 3550 μὲν
499 3459 596 3537 αὗται
607 3469 832 3562 συνέστασαν,
846 3475 960 3558 Κύρος
971 3469 1008 3538 δέ
1016 3469 1123 3559 μετελς
1133 3465 1198 3565 τὴν
