2536 3934
205 260 246 322 40
579 267 832 326 HERODOTI

204 427 346 514 Κροίσῳ.
401 424 481 513 πρὶν
507 424 586 494 δέέ
569 425 759 508 ἐξελαύνειν
793 420 998 513 [ὁρμήσαι
962 449 1022 493 τον
1039 424 1211 540 στρατδν],

204 524 349 609 πέμψας
346 523 507 646 κήρυκας
531 527 564 605 ές
587 523 668 606 τούς
686 524 806 604 Ἴωνας
830 524 985 612 ἐπειρᾶτό
1009 544 1114 613 σφεας
1138 515 1206 592 ἀπὸ

198 629 353 709 ,Κροίσου
379 620 568 692 ἀπιστάναι.
607 623 723 704 Ἴωνες
746 627 808 712 μέν
834 650 901 693 νυν
927 622 990 693 ούκ
1017 626 1207 709 ἐπείθοντο,

204 726 317 808 Κύρος
328 718 405 789 δὲ’
382 748 426 802 ως
440 720 575 791 ἀπίκετο
590 726 646 791 καλ
662 719 1047 810 ἀντεστρατοπεδεύσατο
1058 727 1206 813 Κροίσῳ,

204 821 353 889 ἐνθαῦτα
373 823 411 889 έν
429 828 471 912 τῇ
483 828 610 911 Πτερίῃ
629 822 722 911 χάρη
741 823 927 911 ἑπειρέοντο
943 816 1027 890 κατὰ
1049 816 1088 888 τύ
1110 824 1187 905 ίσχν

203 916 266 1008 ρόν
281 918 442 1010 ἀλλήλων.
468 922 574 1009 μάχης
585 924 621 991 δὲ
635 927 797 1011 καρτερῆς
809 923 992 1009 γενομένης
1008 923 1064 989 καὶ
1080 918 1207 988 πεσόν-

202 1045 270 1099 των
294 1017 493 1109 ἀμφοτέρων
516 1027 668 1107 πολλῶν,
696 1021 789 1100 τέλος
814 1017 984 1107 οὐδέτεροι
1007 1016 1207 1105 νικήσαντες

202 1120 379 1204 διέστησαν
394 1117 518 1198 νυκτδς
533 1119 750 1206 ἐπελθούσης.
794 1120 850 1186 καὶ
864 1115 905 1184 τά
920 1118 983 1204 μὲν
997 1115 1205 1205 στρατόπεδα

159 1232 193 1290 77
203 1213 377 1303 ἀμφότερα
390 1214 480 1285 ούτω
494 1213 690 1304 ήγωνίσατο.
730 1222 875 1305 Κροῖσος
890 1214 926 1284 δὲ
940 1212 1106 1303 μεμφθεὶς
1119 1212 1204 1289 κατὰ

201 1312 238 1383 τδ
256 1321 386 1403 πλῆθος
400 1312 438 1384 τδ
454 1318 582 1383 ἑωυτοῦ
606 1315 795 1404 στράτευμα
818 1306 876 1403 ’ήν
895 1314 961 1401 γάρ
980 1319 1015 1383 oc
1033 1310 1051 1384 5
1072 1321 1202 1403 συμβα-

202 1411 272 1483 λσδν
285 1410 423 1501 στρατὸς
438 1411 565 1483 πολλὸν
585 1409 772 1500 έλάσσωνή
787 1409 806 1480 ὁ
821 1412 956 1500 Κύρου·
999 1419 1097 1482 τοῦτο
1117 1437 1202 1499 μεμ-

202 1513 320 1600 φθεὶς,
348 1508 393 1591 ὡς
415 1519 455 1601 τή
476 1510 634 1602 ὑστεραίη
657 1509 720 1580 ούκ
739 1514 892 1599 έπειρᾶτο
913 1509 1017 1580 έπιάυ
1037 1509 1056 1581 5
1076 1518 1202 1599 Κύρος,

98 1656 102 1663 -
201 1605 375 1698 ἀπήλαυνε
400 1611 432 1689 ές
456 1608 515 1690 τάς
531 1611 677 1701 Σάρδις,
705 1613 742 1679 έν
767 1609 837 1703 νόῳ
861 1616 946 1697 έχων
972 1612 1203 1699 παρακαλέσας

201 1713 263 1797 μέν
287 1714 493 1795 Αἰγυπτίους
518 1708 602 1779 κατά
625 1707 663 1778 τὸ
689 1708 807 1797 ὅρκιον
839 1708 1030 1800 ·έποιήσατο
1054 1706 1121 1798 γάρ
1146 1710 1204 1776 καὶ

201 1807 285 1899 πρὸς
301 1808 444 1896 ’Ἁμασιν
466 1812 688 1899 βασιλεύοντα
700 1810 888 1898 Αἰγύπτου·
903 1816 1092 1899 συμμαχίην
1115 1806 1202 1896 πρό-

200 1935 300 1997 τερον
312 1904 397 1999 ήπερ
412 1907 496 1997 πρὸς
510 1914 810 1997 Λακεδαιμονίους·
851 1908 1147 1996 μεταπεμψάμενος
1163 1906 1203 1976 δὲ

200 2008 256 2076 καὶ
270 2013 509 2095 Βαβυλωνίους
531 2010 601 2077 ’καὶ
618 2005 684 2095 γάρ
707 2004 792 2095 πρὸς
805 2008 946 2087 τούτους
960 2004 1049 2097 αύτῷ
1064 2010 1203 2074 ἐπεποί-

200 2132 259 2195 ητο
287 2111 471 2193 συμμαχίη,
505 2107 709 2195 ἐτυράννευε
737 2107 774 2176 δὲ
795 2114 865 2176 τάν
886 2110 1115 2195 Βαβυλωνίων
1138 2098 1203 2171 τὸν
1252 2176 1253 2183 χ

199 2205 325 2294 χρόνον
348 2211 470 2274 τοῦτον
490 2207 702 2294 Λαβύνητος·
747 2208 948 2293 ἐπαγγείλας
962 2208 999 2274 δέ
1019 2207 1076 2273 καὶ
1089 2210 1202 2272 Λακε-
1252 2226 1253 2241 ·

200 2309 397 2391 δαιμονίοισι
405 2318 559 2392 παρεῖναι
570 2309 604 2385 ές
617 2306 742 2393 χρόνον
757 2303 870 2397 ῥητὸν,
885 2303 1000 2385 ἁλίσας
1012 2329 1049 2373 τε
1063 2301 1103 2392 δή
1117 2304 1202 2372 τού-

198 2427 278 2480 τους
300 2404 355 2470 καδ
379 2399 441 2490 τήν
464 2404 592 2472 ἑωυτοῦ
616 2408 775 2487 συλλέξας
794 2402 952 2493 στρατιήν
975 2404 1115 2472 ἐνένωτο
1137 2399 1201 2471 τὸν
1251 2462 1252 2483 ,

199 2524 344 2588 χειμωνα
365 2499 518 2588 παρελς”
494 2527 563 2588 αμα
579 2529 625 2596 τῳ
611 2509 715 2592 ἔαρι
735 2503 929 2592 στρατεύειν
945 2502 998 2571 έπδ
1012 2498 1093 2580 τούς
1107 2503 1201 2590 Πέρ-
1251 2504 1252 2535 ¹

199 2620 267 2681 σας.
295 2604 349 2669 καὶ
364 2627 382 2670 ο
369 2596 462 2688 ’μέν
475 2609 580 2672 ταῦτα
594 2602 798 2693 φρονέων*
777 2631 821 2684 ως
835 2601 970 2672 ἀπίκετο
984 2598 1068 2682 ές
1030 2627 1090 2680 τας
1102 2599 1251 2717 Σάρ-

199 2704 266 2783 δις,
291 2704 416 2784 ἔπεμπε
436 2699 586 2788 κήρυκας
603 2700 686 2772 κατὰ
702 2700 762 2782 τάς
776 2708 962 2789 συμμαχίας
977 2678 1251 2821 προερέονταςδ

199 2799 232 2873 ἐς
249 2796 398 2881 πέμπτον
412 2803 502 2884 μῆνα
518 2803 741 2887 συλλέγεσθαι
756 2802 789 2878 ές
802 2800 946 2887 Σάρδις·
977 2796 1039 2868 τδν
1058 2800 1096 2866 δέ
1110 2821 1250 2887 παρ-
1250 2772 1251 2829 5

198 2893 297 2964 εόντα
320 2897 375 2963 καδ
394 2900 624 2987 μαχεσάμενον
643 2899 787 2991 στρατὸν
799 2896 1004 2990 Πέρσησι,“
984 2926 1021 2979 ος
1033 2892 1078 2990 ήν
1091 2896 1200 2968 αὐτοῦ
1249 2896 1250 2999 ή

197 2990 355 3081 ξεινικός,
371 2994 481 3063 πάντα
495 2994 589 3079 ἀπεὶς
604 3003 811 3088 διεσκέδασε,
833 2995 964 3086 οὐδαμά
979 3003 1129 3086 ἐλπίσας,
1151 3000 1199 3091 μή

195 3115 273 3160 κοτε
287 3087 352 3177 ἀρα
361 3088 611 3182 ἀγωνισάμενος
621 3096 711 3167 ούτω
725 3098 918 3188 παραπλησί
917 3122 960 3177 ως
971 3105 1084 3187 Κῦρος
1095 3095 1249 3188 έλάση

151 3206 187 3264 78
197 3191 250 3260 ἐπὶ
264 3189 400 3278 Σάρδις.
430 3198 543 3262 Ταῦτα
560 3197 783 3288 ἐπιλεγομένῳ
793 3202 927 3288 Κροίσῳ
942 3193 980 3264 τύ
996 3194 1198 3283 προάστειον

195 3297 264 3360 πᾶν
284 3287 394 3377 ὀφίων
405 3293 615 3414 ἐνεπλήσθη
654 3298 830 3383 φανέντων
853 3295 891 3365 δέ
914 3293 1025 3364 αὐτῶν
1047 3300 1082 3365 οί
1098 3298 1197 3365 λπποι

194 3385 414 3475 μετιέντες
376 3414 436 3469 τας
458 3389 564 3478 νομάς
586 3395 766 3482 νέμεσθαι,
788 3395 977 3482 φοιτέοντες
998 3392 1194 3482 κατήσθιον

193 3485 300 3557 ἰδόντι
315 3486 352 3556 δέ
365 3491 464 3555 τοῦτο
479 3490 676 3583 Κροίσῳ,”
648 3513 759 3582 ωσπερ
777 3485 868 3563 καλ
844 3519 906 3583 ην,
929 3495 1021 3575 ἔδοξε
1034 3494 1130 3584 τέρας
1147 3492 1196 3565 sl-
