2606 3920
237 240 302 315 εει
616 257 869 315 ιιτιιοοοτι

235 439 300 481 ουν
315 408 441 499 πάντα,
460 416 514 482 καὶ
531 412 613 483 κατά
630 415 692 499 μὲν
706 421 854 484 ἔκαυσαν
867 416 1012 505 Δρυμὸν
1028 419 1141 506 πόλιν,
1159 446 1245 488 κατα

237 513 273 582 δέ
283 510 467 598 Χαρόδρην
477 514 531 579 καὶ
539 512 689 598 Ἔρωχον
699 516 755 581 καλ
769 514 966 601 Τεθρώνιον
976 520 1032 585 καὶ
1041 515 1244 604 Ἀμφίκαιαν

173 694 179 707 .
236 607 292 674 καὶ
311 611 434 677 Νέωνα
454 614 509 678 καλ
528 613 669 688 Πεδιέας
689 613 745 678 καί
770 614 906 695 Τριτέας
925 617 981 682 καλ
997 611 1167 684 Ἐλάτειαν
1190 618 1243 683 καὶ

230 703 414 792 Ὑάμπολιν
429 709 484 775 καὶ
500 714 782 795 Παραποταμίους
798 713 853 778 καὶ
866 708 981 797 Ἄβας,
1005 718 1090 780 ἔνθα
1103 703 1153 798 ἦν
1165 709 1242 796 ίρόν

232 799 441 885 ’Λπόλλωνος
449 804 623 892 πλούσιον,
631 815 836 892 θησαυροῖσί
842 834 877 876 τε
887 812 942 875 καὶ
951 806 1149 895 ἀναθήμασι
1157 816 1241 876 πολ-

236 909 322 969 λοδσι
334 898 699 990 κατεσκευασμένον·ι
675 931 721 990 ην
730 908 767 973 δὲ
777 910 832 972 καὶ
845 906 919 974 τότε
934 908 989 974 καὶ
999 913 1065 973 νῦν
1080 907 1150 974 ἐστὶ
1159 931 1241 992 γρη-

236 1001 374 1088 στήριον
387 998 527 1071 αάτόθι
549 1004 716 1071 καὶτοῦτο
733 1001 771 1072 τὰ
786 1002 863 1091 ίρὸν
878 1008 1081 1092 συλήσαντες
1096 1006 1240 1091 ἐνέπρη-

236 1121 309 1168 σαν.
333 1109 392 1170 καί
403 1128 496 1181 τινας
511 1101 690 1182 διοόκοντες
703 1097 793 1172 ελλου
809 1111 877 1171 τῶν
894 1107 1041 1173 Φωκέων
1055 1099 1141 1189 πρὸς
1154 1115 1240 1170 τοῖσι

236 1200 368 1288 οὔρεσι,
384 1205 439 1271 καὶ
454 1202 616 1289 γυναῖκάς
632 1227 726 1281 τινας
742 1204 943 1289 διέφθειραν
957 1202 1157 1290 μισγόμενοι
1170 1195 1237 1268 υπά

187 1320 221 1375 34
237 1303 392 1390 πλήθεος.
415 1312 696 1391 Παραποταμίους
713 1309 750 1373 δέ
763 1305 1047 1391 παραμειβόμενοι
1062 1307 1097 1372 οί
1107 1303 1239 1390 βάρβα-

235 1429 288 1490 ροι
304 1401 464 1474 ἀπίκοντο
486 1408 518 1485 ἐς
532 1408 717 1485 Πανοπέας.
748 1408 910 1474 ἐνθεῦτεν
930 1405 967 1473 δὲ
981 1404 1045 1490 ἤδη
1065 1406 1238 1488 διακρινο-

234 1505 318 1587 μένη
331 1499 352 1589 ἡ
367 1500 503 1590 στρατιὴ
521 1501 634 1571 αὐτῶν
645 1506 794 1589 ἐσχίζετο.
817 1500 854 1571 τό
866 1503 929 1590 μὲν
938 1510 1095 1570 πλεῖστον
1109 1500 1166 1568 καὶ
1177 1501 1239 1566 δυ-

234 1599 425 1669 νατότατον
445 1609 506 1669 τοῦ
526 1610 670 1687 στρατοῦ
686 1602 755 1689 ἀμα
774 1600 864 1693 αὐτῷ
881 1603 985 1690 Ξέρξῃ
1005 1596 1239 1685 πορευόμενον

235 1698 288 1769 ἐπ’
307 1698 453 1788 Ἀθήνας
474 1704 608 1791 ἐσέβαλε
624 1704 657 1781 ἐς
672 1699 857 1789 Βοιωτοάς,
877 1705 910 1781 ἐς
924 1707 990 1788 γῆν
1002 1697 1065 1787 τὴν
1081 1697 1238 1783 Ὀρχομε-

234 1806 327 1868 νίων.
348 1807 507 1869 Βοιωτῶν
522 1802 558 1869 δέ
573 1808 642 1868 πᾶν
654 1799 835 1888 τδτιλῆθος
849 1799 995 1888 ἐμήδιζε,
1015 1794 1074 1876 τάς
1089 1798 1125 1863 δὲ
1140 1794 1236 1870 πόλει

234 1894 346 1965 αὐτῶν
370 1896 491 1986 ἀνδρες
511 1899 708 1978 Μακεδόνες
725 1901 983 1984 Ιδιατεταγμένοι
1002 1900 1125 1975 ἔσωζον
1131 1943 1142 1979 ,
1169 1888 1233 1960 ὑπό

230 1993 452 2083 Ἀλεξάνδρου
466 1994 752 2084 ἀποπεμφθέντες.
775 2002 898 2077 ἔσωζον
909 1996 946 2062 δε
956 1996 1051 2081 τῇδε,
1068 1991 1234 2079 βουλόμε-

233 2117 288 2160 νοι
309 2096 413 2179 δῆλον
427 2100 555 2164 ποιέειν
568 2097 690 2184 Ξέρξῃ,
711 2093 764 2162 ὅτι
783 2092 824 2162 τά
840 2093 973 2178 Μήδων
987 2092 1128 2161 Βοιωτοὶ
1148 2114 1234 2175 φρο-

235 2193 352 2257 νέοιεν.
384 2184 545 2262 Οὗτοιέ
505 2194 545 2279 μὲ
546 2221 567 2261 ν
584 2191 625 2279 δὴ
640 2199 707 2260 τῶν
722 2191 906 2279 βαρβάρων
920 2190 1023 2277 ταύτῃ
1040 2187 1234 2272 ἐτράποντο,

185 2304 219 2359 35
236 2287 331 2356 ἄλλοι
348 2289 384 2355 δὲ
405 2286 517 2357 αὐτων
531 2288 698 2377 ἡγεμόνας
718 2287 888 2376 ἔχοντα’
867 2291 1015 2408 ωρμέατο
1036 2289 1089 2355 ἐπὶ
1105 2310 1143 2353 το
1132 2281 1235 2368 ίράν

232 2412 269 2453 το
259 2383 321 2452 ἐν
331 2394 507 2473 Δελφοῖσι,
523 2391 561 2456 ἐν
572 2386 707 2477 δεξιῇ
672 2415 733 2456 τον
743 2384 927 2477 Παρνησὸν
938 2383 1147 2471 ἀπέργοντες.
1171 2380 1234 2448 όσα

234 2476 397 2552 δὲκαὶ
354 2508 448 2552 ουτοι
463 2488 677 2572 ἐπέσχον”της
688 2491 849 2574 Φωκίδος,
864 2484 975 2554 πάντα
990 2479 1233 2566 ἐσιναμώρεον
1281 2502 1282 2523 ³

233 2579 343 2650 καλ
304 2607 369 2669 γαρ
384 2588 453 2650 τῶν
467 2581 706 2652 Πανοπέων
670 2609 733 2669 την
752 2583 852 2650 πόλιν
868 2584 1054 2699 ἐνέπρησαν
1068 2579 1122 2645 καλ
1136 2587 1235 2644 Δαυ-

233 2689 314 2751 λίων
253 2683 387 2750 ίκαλ
403 2683 596 2749 Αίολιδέων.
621 2682 822 2770 ἐπορεύοντο
838 2681 874 2748 δέ
890 2677 995 2765 ταύτῃ
1008 2675 1234 2760 ἀποσχισθέν-
1259 2720 1263 2727 -

234 2805 286 2858 τες
296 2786 353 2864 τῆς
364 2777 466 2866 ἀλλης
480 2788 634 2867 στρατιῆς
647 2784 754 2848 τωνδε
768 2774 951 2863 εἵνεκεν,
930 2802 1017 2853 οκως
1031 2772 1235 2859 συλήσαντες

232 2876 362 2962 τόίρόν
372 2903 409 2945 το
397 2874 459 2945 ἐν
468 2889 634 2966 Δελφοῖσι
643 2883 774 2967 βασιλέι
781 2884 886 3044 Ξέρξῃ
895 2829 1091 2955 ἀποδέξαιεν
1101 2868 1142 2938 τά
1152 2869 1234 2957 χρή-

233 3000 328 3061 ματα.
351 2974 535 3043 τιάνταδΗ
515 3000 562 3062 ηπ
563 2983 674 3045 ίστατο
685 3005 725 3046 τα
712 2976 774 3046 ἐν
787 2984 832 3044 τω
844 2982 905 3065 ίρῷ
917 2974 980 3042 ὅσα
990 2973 1094 3057 λόγου
1103 2962 1148 3057 ἦν
1157 2967 1233 3047 ἀξια
1280 2986 1281 3027 ι

233 3067 433 3158 Ξέρξης,όνς
390 3068 511 3157 ωςέγω
527 3073 806 3161 πυνθάυομαι,”
784 3067 959 3160 αμεινονῆ
975 3098 1014 3138 τα
1001 3069 1067 3136 ἐν
1084 3080 1170 3137 τοῖσι
1184 3071 1233 3134 οί-

233 3177 333 3238 ίοισι
345 3174 446 3251 ἔλιπε
459 3176 593 3237 πολλων
603 3175 666 3239 αίεὶ
677 3172 910 3257 λεγοντων,
868 3169 1072 3253 λμαλιστα
1082 3162 1233 3248 ταΚροι

185 3285 219 3339 36
234 3290 297 3337 σου
313 3292 374 3334 του
360 3263 571 3334 ’Λλνάττεω
582 3266 858 3357 ἀναθήματαλλί
814 3270 1045 3353 ΟίδέΔελφολ
1055 3262 1234 3333 πυνθανό-

234 3390 329 3449 μενοι
344 3368 447 3427 ταῦτα
461 3364 495 3439 ές
508 3370 620 3432 πᾶσαν
634 3364 840 3453 ἀρρωδίην’
821 3371 977 3449 απίκατο,
1003 3365 1040 3431 ἐν
1055 3366 1183 3448 δείματι
1198 3358 1235 3425 δέ

233 3459 365 3547 μεγάλῳ
380 3466 596 3539 κατεστεωτες
609 3461 830 3548 ἐμαντεύοντο
843 3464 974 3549 περὶ
928 3488 996 3529 των
1007 3465 1091 3547 ίρων
1105 3457 1234 3544 χρημόκ
