2606 3920
531 22 579 121 Ὗν

324 208 411 266 Lm.
441 207 498 262 vn.
534 190 634 342 σήν.
669 207 846 266 εει-νει,
1034 200 1094 266 221

93 362 170 442 τούς
187 368 411 451 μαχομένους,
432 360 519 441 ὅκως
539 364 576 429 δὲ
589 359 695 429 αότδν
714 358 835 448 ἤγαγε,
856 366 918 433 τὸν
934 363 998 448 μέν
1013 357 1095 446 ἀγα-

92 462 195 547 γόντα
212 472 362 549 οίχεσθαι
378 460 566 547 φεύγοντα,
580 456 641 527 τὸν
656 458 692 527 δέ
710 460 891 527 ἐσπεσόντα
902 457 1004 538 ίςτδν
1019 454 1093 542 όμι-

1 611 2 614 ¹
92 570 153 629 λον
167 564 414 647 διαφθαρῆναι,
432 557 670 645 Ἀριστόδημον
690 559 731 624 δὲ
744 562 1005 642 λειποψυχίοντα
1026 567 1094 627 λει-

93 666 234 745 φθῆναι.
259 664 289 726 εί
301 661 363 743 μέν
373 683 439 724 νυν
452 649 497 743 ήν
510 662 641 743 μοῦνον
652 651 889 741 Ἀριστόδημον
904 649 1096 741 ἀλγήσαντα

92 757 317 844 ἀπονοστῆσαι
330 755 552 840 ἐςΣπάρτην,
566 749 655 838 ήκαὶ
666 750 752 838 ὁμοῦ
766 756 880 839 σφέων
895 748 1095 839 ἀμφοτέρων

91 852 153 939 τήν
167 851 310 939 κομιδήν
327 858 504 940 γενέσθαι,
526 855 656 919 δοκέειν
671 852 741 935 ἐμοὶ
758 848 820 918 οὐκ
836 849 879 919 ἀν
899 870 960 937 σφε
974 858 1094 936 Σπαρ-

91 949 202 1038 τιήτας
215 956 317 1036 μῆνιν
327 947 488 1036 οὐδεμίαν
498 948 728 1032 προσθέσθαι,
748 950 827 1015 νυνὶ
837 948 874 1015 δὲ
884 953 944 1013 τοῦ
956 947 1018 1031 μὲν
1030 943 1093 1012 αό-

90 1054 159 1114 τιῑεν
175 1045 403 1133 ἀπολομένου,
421 1052 482 1114 τοῦ
497 1047 534 1114 δέ
554 1052 612 1130 τῆς
634 1044 696 1130 μὲν
717 1041 819 1130 αὐτῆς
834 1047 993 1132 ἐχομένου
1007 1067 1093 1128 προ·
1108 1046 1119 1055 ”

91 1144 229 1232 φόνιος,
250 1141 313 1211 οὐκ
329 1145 552 1232 ἐθελήσαντος
571 1141 607 1209 δέ
627 1138 876 1228 ἀποθνήσκειν,
904 1139 1092 1228 ἀναγκαίως

91 1264 151 1329 σφι
163 1248 250 1329 ἐχειν
260 1259 396 1329 μηνῖσαι
406 1242 558 1330 μεγάλως
570 1238 803 1330 Ἀριστοδήμη).
828 1242 873 1307 Οί
880 1242 943 1325 μέν
954 1266 1020 1306 ννν
1030 1236 1093 1306 οὕ-
1109 1254 1163 1308 230

91 1365 137 1407 τω
157 1345 310 1424 σωθῆναι
329 1341 465 1426 λέγουσι
482 1338 720 1426 Ἀριστόδημον
737 1339 770 1414 ἐς
783 1335 946 1423 Σπάρτην
965 1339 1021 1404 καλ
1037 1335 1092 1403 διὰ

92 1437 263 1524 πρόφασιν
272 1437 417 1526 τοιήνδε,
426 1442 459 1507 οί
468 1439 504 1506 δὲ
514 1435 658 1523 ἀγγελον
667 1438 865 1521 πεμφθέντα
875 1438 911 1500 ἐκ
920 1440 982 1501 τοῦ
991 1453 1093 1521 στρα-
1179 1464 1182 1465 ’

62 1568 65 1571 2
94 1540 251 1621 τοπέδου,
267 1534 360 1617 ἐξεόν
374 1534 464 1626 αὐτῷ
479 1542 678 1620 καταλαβεῖν
694 1532 757 1619 τήν
776 1531 886 1618 μάχην
898 1536 1091 1618 γινομένην,

92 1635 155 1703 οὐκ
167 1638 335 1722 ἐθελήσαι,
348 1632 422 1704 ἀλλ’
431 1632 658 1720 ὑπομείναντα
669 1634 706 1699 ἐν
716 1637 755 1719 τῇ
766 1628 835 1720 ὁδῷ
844 1634 1090 1718 περιγενέσθαι,

91 1731 151 1801 τὸν
165 1734 202 1801 δέ
217 1734 428 1819 συνάγγελον
439 1729 544 1799 αὐτοῦ
553 1729 761 1818 ἀπικόμενον
772 1732 805 1809 ἐς
814 1727 877 1815 τήν
887 1730 996 1816 μόγην
1007 1726 1092 1797 ἀπυ-

1 1841 3 1848 ‘
92 1841 220 1898 θανεῖν.
238 1828 483 1915 Ἀπονοστήσας
493 1834 530 1897 δὲ
541 1824 844 1915 ἐςΛακεδαίμοναὸ
859 1824 1093 1914 Ἀριστόδημος
1108 1847 1156 1901 23]

94 1926 221 2006 ὄνειδός
234 1954 270 1994 τε
285 1926 348 2013 εἶχε
363 1931 418 1997 καί
432 1923 581 2012 ἀτιμίην·
602 1927 739 2012 πάσχων
753 1926 788 1993 δέ
803 1924 916 1994 τοιάδε
931 1923 1090 2013 ήτίμωτο·

91 2022 168 2092 οὔτε
189 2028 223 2092 οί
235 2032 303 2111 πῦρ
326 2021 435 2103 οὐδεὶς
450 2030 549 2092 ἔναυε
564 2025 801 2109 Σπαρτιητέων
821 2023 900 2091 οὔτε
916 2028 1091 2109 διελέγετο,

91 2121 221 2200 ὄνειδός
236 2148 272 2188 τε
290 2120 353 2207 εἶχε
374 2120 391 2189 ὁ
407 2126 524 2207 τρέσας
534 2118 768 2208 Ἀριστόδημος
782 2121 991 2209 καλεόμενος.
1015 2119 1088 2191 ἀλλ’

88 2220 109 2289 ὁ
123 2222 186 2309 μὲν
201 2223 239 2288 ἐν
252 2226 291 2307 τῇ
305 2222 343 2288 έν
358 2228 543 2310 Πλαταιῇσι
557 2220 645 2309 μάχη
659 2218 799 2307 ἀνέλαβε
813 2228 925 2289 πᾶσαν
938 2221 1000 2309 τήν
1014 2225 1092 2291 ἐπε-

89 2319 283 2404 νειχθείσάν
293 2323 327 2387 οἱ
335 2324 453 2405 αίτίηυ.
472 2320 611 2405 Λέγεται
622 2319 659 2387 δέ
670 2321 725 2387 καὶ
736 2316 840 2388 ἀλλον
850 2316 1093 2407 ἀποπεμφθέν·
1108 2340 1159 2393 232

94 2446 132 2487 ια
146 2418 289 2506 ἀγγελον
304 2421 338 2498 ἐς
351 2427 538 2505 Θεσσαλίην
550 2427 619 2488 τῶν
633 2427 834 2508 τριηκοσίων
849 2420 979 2490 τούτων
993 2444 1091 2507 περι-

74 2601 78 2606 ,
90 2520 260 2601 γενέσθαι,
267 2525 313 2608 τῷ
322 2516 452 2601 οὕνομα
464 2513 738 2605 είναιΠαντίτηυ·
750 2517 957 2605 νοστήσαντα
968 2520 1091 2585 δὲταῦ-

90 2642 149 2681 τον
160 2616 194 2693 ές
199 2614 372 2700 Σπάρτην,
384 2613 428 2694 ὡς
438 2612 591 2701 ἠτίμωτο,
603 2614 824 2702 ἀπάγξασθαι.
842 2620 886 2684 OC
895 2614 1089 2702 δέΘηβαλοι,
1108 2635 1160 2689 233

91 2719 158 2778 τῶν
173 2709 190 2778 ὁ
203 2712 405 2796 Λεοντιάδης
416 2712 627 2800 ἐστρατήγεε,
641 2716 721 2792 τέως
734 2716 796 2799 μέν
806 2710 887 2798 μετά
898 2711 1093 2798 τῶνἙλλή-

93 2834 162 2876 νων
176 2806 286 2886 ἐόντες
303 2808 462 2895 ε’μάχοντο
480 2808 540 2878 ὑπ’
560 2809 742 2897 ἀναγκαίης
762 2811 911 2896 ἐχόμενοι
931 2809 1015 2898 πρὸς
1029 2809 1091 2897 τήν

89 2906 242 2994 βασιλέος
256 2908 430 2995 στρατιήν,
454 2906 498 2987 ὡς
512 2909 548 2977 δὲ
570 2909 661 2977 εἶδον
680 2912 905 2996 κατυπέρτερα
920 2917 987 2978 τῶν
1000 2918 1091 2996 Περ-

89 3011 177 3074 σέων
189 3002 355 3089 γινόμενοι
364 3003 405 3074 τά
421 3007 612 3094 πρήγματα,
628 3007 717 3074 οότω
729 3006 768 3093 δή
780 3015 848 3076 τῶν
863 3007 928 3076 σόν
937 3014 1091 3097 Λεωνίδη

90 3103 253 3189 Ελλήνων
270 3106 492 3189 ἐπειγομένων
513 3108 565 3173 ἐπὶ
586 3103 645 3171 τὸν
666 3103 817 3173 κολωνὸν
834 3104 1092 3192 ἀποσχισθέντες

89 3202 218 3270 τούτων
232 3200 344 3289 χελράς
358 3226 391 3267 τε
407 3204 601 3285 προέτεινον
617 3204 672 3269 καὶ
687 3201 785 3287 ήίσαν
802 3195 907 3271 ἆσσον
922 3211 990 3270 τῶν
1006 3211 1092 3289 βαρ-

89 3302 221 3385 βάρων,
241 3302 395 3384 λέγοντες
415 3296 475 3367 τόν
495 3297 722 3384 ἀληθέστατον
742 3307 810 3366 τῶν
823 3301 952 3387 λόγων,
978 3299 1021 3379 ὡς
1036 3304 1091 3368 καὶ

88 3403 261 3487 μηδίζουσι
275 3402 330 3468 καί
343 3406 409 3486 γῆν
419 3425 454 3467 τε
465 3401 519 3467 καί
530 3397 623 3485 ὕδωρ
636 3402 672 3467 ἐν
683 3398 843 3485 πριότοισι
859 3403 979 3465 ἔδοσαν
993 3405 1090 3483 βασι-
