2626 3932
395 281 535 336 61166
530 279 785 342 c.AP.-9
799 288 842 341 14
1097 286 1117 347 5

110 437 316 506 κλώθουσαν
333 442 438 506 λίνον.
464 434 508 514 ὡς
523 435 560 504 66
574 435 761 524 παρεξήιε*
743 464 765 525 η
779 437 884 527 γυνη,
908 443 1057 530 ἐπιμελές
1070 453 1117 567 τηρ

111 541 245 628 Δαρείρι
265 537 411 622 ἐγένετο·
445 533 523 604 οὔτε
543 531 608 620 γὰρ
622 530 812 656 Πηρσικοὶς
787 565 833 625 ην
854 538 931 609 οὕτε
946 542 1112 612 6666*
1076 572 1116 613 τα

111 634 296 721 ποιεόμενα
310 636 402 704 έκ
362 659 420 722 της
433 630 610 721 γυναικὸς,
627 631 704 700 οὔτε
718 633 803 722 πρὸς
813 643 881 705 τῶν
892 641 980 706 έκ
940 666 998 727 της
1008 639 1118 729 Ἀσίης

112 729 279 819 οὐδαμῶν.
312 732 461 819 ἐπιμελές
479 728 565 799 66⁸⁸
538 756 583 810 υς
600 734 634 798 οἱ
651 733 799 818 ἐγένετο,
827 739 896 801 τῶν
912 738 1118 825 δορυφόρων

110 830 205 911 τινὰς
218 833 340 918 πέμπει
356 829 505 899 κελεύων
525 827 730 917 φυλόξαι,“
709 855 727 896 ο
749 855 782 897 τι
795 830 951 918 χρήσεται
966 860 1012 925 τρο
997 839 1116 929 ἵππῳ

109 926 132 1013 ἡ
148 927 245 1015 γυνή.
269 931 303 995 06
316 929 379 1013 μὲν
396 924 437 1014 66
453 923 740 1013 όπισθεέιποντο,
755 924 830 1014 666
845 931 967 1000 ἐπείτε
981 902 1117 1055 όπίκετρ

111 1022 219 1094 6666*
183 1051 245 1092 τον
266 1022 434 1112 ποταμὸν,
453 1016 538 1111 ἦρσε
558 1019 620 1090 τόν
639 1025 761 1111 ἵππον,
789 1022 919 1113 ἄρσασα
942 1033 979 1100 66
1000 1031 1112 1101 666⁸
1077 1059 1115 1102 το

111 1147 214 1208 αγγος
224 1147 286 1190 του
271 1117 705 1208 υθατοςέμπλησαμένη
668 1146 731 1208 την
741 1119 938 1211 αυτηυοᾶυν
948 1130 1115 1218 παρεξηιε,

113 1218 309 1308 φέρονται’
275 1245 313 1288 το
331 1216 424 1306 ὕδωρ
439 1221 547 1287 6666
507 1245 566 1304 της
579 1226 728 1306 κεφαλῆς
737 1222 793 1290 καί
803 1224 989 1294 ἐπέλκουσα
1003 1229 1039 1295 ἐκ
1053 1234 1116 1297 τοῦ

114 1316 330 1409 βραχίονος“
295 1344 356 1386 του
365 1322 471 1387 ἵππου
480 1319 536 1387 καὶ
546 1315 782 1403 στρέφουσα“
747 1345 808 1388 τον
820 1320 993 1409 ἄτρακτον.
1017 1334 1116 1396 Θαυ-
1131 1344 1164 1399 13

112 1417 225 1503 μα’ζων
239 1413 312 1486 66⁸
296 1427 476 1504 οΔαρεῑος
491 1416 533 1484 τό
547 1441 584 1483 τε
602 1413 727 1502 ἤκουσε
749 1418 785 1484 ἐκ
805 1426 873 1488 τῶν
894 1425 1116 1494 κατασκόπων

111 1511 222 1584 666⁸
184 1541 226 1582 τα
240 1511 342 1595 αὐτὸς
362 1513 433 1603 όρα
447 1514 543 1602 ἄγειν
563 1512 671 1601 αὐτὴν
687 1518 820 1585 ἐκέλευε
840 1521 953 1614 ἑαυτοῦ
975 1522 1045 1602 ές”
1025 1538 1113 1645 οηιυ.

113 1611 206 1693 6366
216 1611 482 1735 ηήθη,παρῆσαν
490 1616 547 1682 καί
556 1618 591 1681 οί
600 1610 815 1701 66666606'
773 1624 875 1705 αυτῆς
890 1617 933 1688 οὔ
943 1647 986 1710 κη
999 1624 1115 1712 πρόσω

112 1711 256 1800 σκοπιὴν
272 1718 401 1799 ἔχοντες
418 1713 559 1782 τούτων.
594 1738 610 1780 ε
610 1715 805 1797 ρωτέοντος
825 1716 862 1783 66
878 1724 939 1785 τοῦ
953 1728 1114 1808 Δαρείου,

112 1810 264 1899 ὁποδαπὴ
290 1821 358 1900 εἴη,
383 1818 514 1898 ἔφασαν
537 1815 572 1879 06
592 1817 763 1897 νεηνίσκοι
788 1811 873 1881 εἶναι
892 1822 1037 1897 Παίονες
1059 1821 1115 1887 καὶ

111 1914 243 1998 ἐκείνην
255 1910 338 1980 εἶναι
352 1914 467 1998 σφέων
487 1907 708 1999 ἆθελφεήν.“
695 1935 713 1978 ο
729 1908 762 1977 6'
779 1907 947 2001 ἀμείβετο,
975 1918 1114 1995 τινες
1078 1918 1114 1985 6

111 2014 146 2078 οἱ
156 2015 300 2087 Παίονες
313 2007 495 2096 ἄνθρωποί
506 2014 569 2076 είσι
583 2010 639 2077 καὶ
653 2012 718 2075 κοῦ
731 2014 794 2094 γῆς
808 2013 992 2100 οἰκημένοι,
1013 2017 1069 2083 καί
1079 2022 1117 2084 ’τί

111 2111 233 2177 ἐκείνου
247 2109 419 2187 ἐθέλοντες
433 2114 569 2177 ἔλθοιεν
591 2109 624 2185 ἐς
639 2105 776 2192 Σάρδις.
811 2110 846 2174 οἱ
857 2109 897 2175 66
908 2114 942 2177 06
957 2116 1112 2200 ἔφραζον,

111 2203 156 2284 ὦς
172 2209 306 2274 ἔλθοιεν
319 2205 381 2292 μέν
392 2207 509 2296 ἐκείνῳ
523 2203 688 2283 δώσοντες
702 2206 806 2289 σφέας
819 2202 960 2293 αὐτους,
978 2219 1029 2297 είη
1044 2209 1112 2300 6661

109 2309 253 2390 Παιονίη
274 2305 327 2371 ἐπὶ
345 2310 391 2393 τῷ
411 2304 587 2391 Στρυμόνι
605 2310 742 2394 ποταμῷ
765 2308 1007 2394 πεπολισμένη,
1035 2306 1054 2377 6
1076 2311 1113 2379 66

108 2397 278 2488 Στρυμόν
292 2397 334 2469 06
348 2399 463 2487 πρόσω
477 2407 539 2470 τοῦ
553 2398 814 2489 Ἑλλησπόντου,
841 2413 958 2490 είησαν
972 2406 1009 2475 66
1027 2415 1114 2476 Τευ-

108 2507 201 2587 κρῶν
223 2506 292 2568 τῶν
314 2502 351 2569 ἐκ
368 2507 489 2589 Τροίης
508 2499 718 2569 ἄποικοιί
684 2525 702 2567 ο
703 2501 801 2587 ίμέν
820 2500 861 2588 66
884 2502 969 2573 αὐτὰ
990 2510 1112 2578 ἕκαστα

110 2604 243 2685 ἔλεγον,
259 2624 277 2666 ο
264 2594 330 2666 ⁸66
345 2599 533 2686 είροότα,εί
518 2601 601 2667 6666
614 2603 719 2667 πᾶσαν
733 2608 849 2717 εἴησαν
863 2599 985 2672 αὐτόθι
1000 2609 1037 2673 αἱ
1047 2634 1112 2694 γυ-

107 2711 221 2777 ναῖκες
236 2694 324 2766 οὕτω
340 2697 517 2787 ἐργάτιδες.
548 2701 583 2766 06
597 2700 634 2766 66
648 2699 816 2765 καὶτοῦτο
830 2703 961 2784 ἔφασαν
975 2704 1111 2788 προθύ-

108 2817 179 2880 μως
203 2791 292 2861 οὕτω
318 2799 421 2881 ἔχειν
458 2792 564 2862 αυτοῦ
589 2791 656 2882 γὰρ
681 2786 731 2861 τόν
754 2794 877 2863 τούτου
906 2800 1034 2868 εἵνεκεν
1057 2804 1113 2871 καὶ

107 2889 263 2960 ἐποιέετο.
314 2891 480 2962 Ἐνθαῦτα
499 2902 645 2980 Δαρεῖος
671 2892 795 2981 γράφει
826 2893 1004 2983 γράμματα
1027 2900 1112 2986 πρὸς
1128 2911 1159 2966 14

111 2990 326 3079 Μεγάβαζον,
348 2989 410 3061 τὸν
423 2998 515 3062 ἔλιπε
529 2994 567 3060 ἐν
582 3018 623 3081 τη
607 2998 765 3082 Θρηίκη
781 2993 984 3084 στρατηγόν,
999 3001 1112 3069 έντελ·

106 3088 248 3176 λόμενος
268 3092 486 3179 ἐξαναστῆσαι
505 3094 539 3172 ἐξ
554 3088 670 3178 ἠθέων
684 3098 834 3172 Παίονας
853 3095 908 3162 καί
926 3093 1008 3181 παρ’
1026 3100 1111 3164 ἑωυ-

105 3183 166 3254 τόν
180 3183 319 3273 όγειγελν
332 3189 388 3256 καὶ
408 3185 531 3266 αὐτοὺς
546 3190 601 3256 καὶ
619 3189 719 3255 τέκνα
739 3214 775 3256 τε
794 3192 849 3258 καί
871 3205 1033 3275 γυναῖκας
1047 3189 1111 3259 666-

104 3291 182 3354 τῶν.
205 3285 325 3356 αὐτίκα
336 3290 373 3357 66
385 3287 504 3368 ίππεός
517 3294 595 3358 ίθεε
609 3286 774 3378 φέρειν’
738 3316 800 3410 την
815 3287 973 3378 ἀγγελίην
987 3289 1084 3360 666⁸
1049 3318 1110 3361 του

100 3379 363 3473 Ἑλλήσποντον,
378 3389 578 3472 περαιωθεὶς
588 3387 625 3455 66
635 3386 770 3457 6606*
734 3414 773 3456 το
786 3396 966 3481 βιβλίον
933 3415 978 3457 τω
964 3395 1110 3476 Μεγα-

105 3477 252 3566 βόζωῧ
238 3484 314 3550 066
339 3483 572 3568 ἐπιλεξάμενος
593 3487 649 3553 καί
668 3485 822 3573 66666‘
805 3486 971 3576 ηγεμόνας
996 3492 1032 3556 έκ
1052 3493 1110 3573 τῆς
