<?xml version="1.0" encoding="UTF-8"?>
<!DOCTYPE html PUBLIC "-//W3C//DTD XHTML 1.0 Transitional//EN"
    "http://www.w3.org/TR/xhtml1/DTD/xhtml1-transitional.dtd">
<html xmlns="http://www.w3.org/1999/xhtml" xml:lang="en" lang="en">
 <head>
  <title>
</title>
<meta http-equiv="Content-Type" content="text/html;charset=utf-8" />
  <meta name='ocr-system' content='tesseract 3.04.00' />
  <meta name='ocr-capabilities' content='ocr_page ocr_carea ocr_par ocr_line ocrx_word'/>
</head>
<body>
  <div class='ocr_page' id='page_1' title='image "./historiarumlibr03herogoog_0321.png"; bbox 0 0 2606 3930; ppageno 0'>
   <div class='ocr_carea' id='block_1_1' title="bbox 203 200 827 278">
    <p class='ocr_par' dir='ltr' id='par_1_1' title="bbox 203 200 827 278">
     <span class='ocr_line' id='line_1_1' title="bbox 203 200 827 278; baseline -0.014 -2"><span class='ocrx_word' id='word_1_1' title='bbox 203 200 267 278; x_wconf 75' lang='grc' dir='ltr'><strong><em>ειν</em></strong></span> <span class='ocrx_word' id='word_1_2' title='bbox 494 205 497 211; x_wconf 82' lang='grc'>’</span> <span class='ocrx_word' id='word_1_3' title='bbox 576 206 827 271; x_wconf 76' lang='grc' dir='ltr'><strong><em>οοοοοοτι</em></strong></span> 
     </span>
    </p>
   </div>
   <div class='ocr_carea' id='block_1_2' title="bbox 155 366 1289 3442">
    <p class='ocr_par' dir='ltr' id='par_1_2' title="bbox 204 366 1206 467">
     <span class='ocr_line' id='line_1_2' title="bbox 204 366 1206 467; baseline -0.011 -21"><span class='ocrx_word' id='word_1_4' title='bbox 204 373 248 446; x_wconf 82' lang='grc' dir='ltr'><strong><em>ού</em></strong></span> <span class='ocrx_word' id='word_1_5' title='bbox 261 376 372 464; x_wconf 85' lang='grc' dir='ltr'><strong><em>πιστοί,</em></strong></span> <span class='ocrx_word' id='word_1_6' title='bbox 386 372 477 467; x_wconf 80' lang='grc' dir='ltr'><strong><em>άλλφ</em></strong></span> <span class='ocrx_word' id='word_1_7' title='bbox 488 374 524 442; x_wconf 76' lang='grc' dir='ltr'><strong><em>δὲ</em></strong></span> <span class='ocrx_word' id='word_1_8' title='bbox 535 371 579 461; x_wconf 93' lang='grc' dir='ltr'><strong><em>δή</em></strong></span> <span class='ocrx_word' id='word_1_9' title='bbox 592 397 667 465; x_wconf 80' lang='grc' dir='ltr'><strong><em>τεφ,</em></strong></span> <span class='ocrx_word' id='word_1_10' title='bbox 682 367 728 452; x_wconf 73' lang='grc' dir='ltr'><strong><em>ὡς</em></strong></span> <span class='ocrx_word' id='word_1_11' title='bbox 741 371 987 459; x_wconf 67' lang='grc' dir='ltr'><strong><em>περιπλώοντες</em></strong></span> <span class='ocrx_word' id='word_1_12' title='bbox 1000 366 1063 459; x_wconf 83' lang='grc' dir='ltr'><strong><em>τήν</em></strong></span> <span class='ocrx_word' id='word_1_13' title='bbox 1072 368 1206 458; x_wconf 87' lang='grc' dir='ltr'><strong><em>Λιβύην</em></strong></span> 
     </span>
    </p>

    <p class='ocr_par' dir='ltr' id='par_1_3' title="bbox 155 464 1289 3442">
     <span class='ocr_line' id='line_1_3' title="bbox 155 464 1204 564; baseline -0.012 -15"><span class='ocrx_word' id='word_1_14' title='bbox 155 491 192 549; x_wconf 72' lang='lat'><strong><em>4³</em></strong></span> <span class='ocrx_word' id='word_1_15' title='bbox 204 472 265 547; x_wconf 81' lang='grc' dir='ltr'><strong><em>τόν</em></strong></span> <span class='ocrx_word' id='word_1_16' title='bbox 277 472 376 564; x_wconf 82' lang='grc' dir='ltr'><strong><em>ήλιου</em></strong></span> <span class='ocrx_word' id='word_1_17' title='bbox 389 479 487 562; x_wconf 77' lang='grc' dir='ltr'><strong><em>ἔσχον</em></strong></span> <span class='ocrx_word' id='word_1_18' title='bbox 507 475 541 552; x_wconf 86' lang='grc' dir='ltr'><strong><em>ἐς</em></strong></span> <span class='ocrx_word' id='word_1_19' title='bbox 560 469 601 541; x_wconf 86' lang='grc' dir='ltr'><strong><em>τά</em></strong></span> <span class='ocrx_word' id='word_1_20' title='bbox 617 469 717 552; x_wconf 86' lang='grc' dir='ltr'><strong><em>δεξιά.</em></strong></span> <span class='ocrx_word' id='word_1_21' title='bbox 732 500 735 503; x_wconf 93' lang='grc'><strong><em>·</em></strong></span> <span class='ocrx_word' id='word_1_22' title='bbox 751 467 840 539; x_wconf 76' lang='grc' dir='ltr'><strong><em>οὕτω</em></strong></span> <span class='ocrx_word' id='word_1_23' title='bbox 860 467 922 558; x_wconf 63' lang='grc' dir='ltr'><strong><em>μὲν</em></strong></span> <span class='ocrx_word' id='word_1_24' title='bbox 943 464 1027 557; x_wconf 76' lang='grc' dir='ltr'><strong><em>αὕτη</em></strong></span> <span class='ocrx_word' id='word_1_25' title='bbox 1047 467 1204 556; x_wconf 84' lang='grc' dir='ltr'><strong><em>ἐγνώσθη</em></strong></span> 
     </span>
     <span class='ocr_line' id='line_1_4' title="bbox 202 569 1206 664; baseline -0.009 -18"><span class='ocrx_word' id='word_1_26' title='bbox 202 573 242 646; x_wconf 87' lang='grc' dir='ltr'><strong><em>τδ</em></strong></span> <span class='ocrx_word' id='word_1_27' title='bbox 256 581 406 664; x_wconf 84' lang='grc' dir='ltr'><strong><em>πρώτον,</em></strong></span> <span class='ocrx_word' id='word_1_28' title='bbox 427 569 509 660; x_wconf 85' lang='grc' dir='ltr'><strong><em>μετά</em></strong></span> <span class='ocrx_word' id='word_1_29' title='bbox 528 573 567 642; x_wconf 76' lang='grc' dir='ltr'><strong><em>δέ</em></strong></span> <span class='ocrx_word' id='word_1_30' title='bbox 580 570 810 660; x_wconf 84' lang='grc' dir='ltr'><strong><em>Καρχηδόνιοί</em></strong></span> <span class='ocrx_word' id='word_1_31' title='bbox 821 577 885 641; x_wconf 82' lang='grc' dir='ltr'><strong><em>τίσι</em></strong></span> <span class='ocrx_word' id='word_1_32' title='bbox 900 575 935 640; x_wconf 80' lang='grc' dir='ltr'><strong><em>οἱ</em></strong></span> <span class='ocrx_word' id='word_1_33' title='bbox 945 577 1115 659; x_wconf 85' lang='grc' dir='ltr'><strong><em>λέγοντες,</em></strong></span> <span class='ocrx_word' id='word_1_34' title='bbox 1134 570 1206 638; x_wconf 80' lang='grc' dir='ltr'><strong><em>ἐπεὶ</em></strong></span> 
     </span>
     <span class='ocr_line' id='line_1_5' title="bbox 203 665 1204 762; baseline -0.012 -16"><span class='ocrx_word' id='word_1_35' title='bbox 203 674 384 762; x_wconf 75' lang='grc' dir='ltr'><strong><em>Σατάσπης</em></strong></span> <span class='ocrx_word' id='word_1_36' title='bbox 397 698 436 761; x_wconf 86' lang='grc' dir='ltr'><strong><em>γε</em></strong></span> <span class='ocrx_word' id='word_1_37' title='bbox 457 669 476 742; x_wconf 85' lang='grc' dir='ltr'><strong><em>ό</em></strong></span> <span class='ocrx_word' id='word_1_38' title='bbox 497 670 662 751; x_wconf 75' lang='grc' dir='ltr'><strong><em>Τεάσπιος</em></strong></span> <span class='ocrx_word' id='word_1_39' title='bbox 680 667 767 760; x_wconf 83' lang='grc' dir='ltr'><strong><em>ἀνήρ</em></strong></span> <span class='ocrx_word' id='word_1_40' title='bbox 784 667 1011 758; x_wconf 71' lang='grc' dir='ltr'><strong><em>Ἀχαιμενίδης</em></strong></span> <span class='ocrx_word' id='word_1_41' title='bbox 1030 665 1073 737; x_wconf 86' lang='grc' dir='ltr'><strong><em>οά</em></strong></span> <span class='ocrx_word' id='word_1_42' title='bbox 1092 668 1204 753; x_wconf 83' lang='grc' dir='ltr'><strong><em>περιέ-</em></strong></span> 
     </span>
     <span class='ocr_line' id='line_1_6' title="bbox 203 765 1289 861; baseline -0.007 -17"><span class='ocrx_word' id='word_1_43' title='bbox 203 782 315 845; x_wconf 86' lang='grc' dir='ltr'><strong><em>π’λωσε</em></strong></span> <span class='ocrx_word' id='word_1_44' title='bbox 327 773 477 861; x_wconf 83' lang='grc' dir='ltr'><strong><em>Λιβύην,</em></strong></span> <span class='ocrx_word' id='word_1_45' title='bbox 499 768 552 840; x_wconf 87' lang='grc' dir='ltr'><strong><em>ἐπ’</em></strong></span> <span class='ocrx_word' id='word_1_46' title='bbox 569 767 651 839; x_wconf 84' lang='grc' dir='ltr'><strong><em>αότδ</em></strong></span> <span class='ocrx_word' id='word_1_47' title='bbox 672 774 771 839; x_wconf 78' lang='grc' dir='ltr'><strong><em>τοῦτο</em></strong></span> <span class='ocrx_word' id='word_1_48' title='bbox 786 772 970 858; x_wconf 78' lang='grc' dir='ltr'><strong><em>πεμφθεὶς,</em></strong></span> <span class='ocrx_word' id='word_1_49' title='bbox 993 765 1077 839; x_wconf 87' lang='grc' dir='ltr'><strong><em>ἀλλά</em></strong></span> <span class='ocrx_word' id='word_1_50' title='bbox 1093 772 1203 845; x_wconf 86' lang='grc' dir='ltr'><strong><em>δείσας</em></strong></span> <span class='ocrx_word' id='word_1_51' title='bbox 1288 836 1289 853; x_wconf 29' lang='grc'><strong><em>,</em></strong></span> 
     </span>
     <span class='ocr_line' id='line_1_7' title="bbox 202 864 1289 959; baseline -0.006 -18"><span class='ocrx_word' id='word_1_52' title='bbox 202 871 241 942; x_wconf 90' lang='grc' dir='ltr'><strong><em>τό</em></strong></span> <span class='ocrx_word' id='word_1_53' title='bbox 253 896 290 939; x_wconf 90' lang='grc' dir='ltr'><strong><em>τε</em></strong></span> <span class='ocrx_word' id='word_1_54' title='bbox 303 877 407 959; x_wconf 81' lang='grc' dir='ltr'><strong><em>μῆκος</em></strong></span> <span class='ocrx_word' id='word_1_55' title='bbox 420 876 482 938; x_wconf 80' lang='grc' dir='ltr'><strong><em>τοῦ</em></strong></span> <span class='ocrx_word' id='word_1_56' title='bbox 495 868 604 937; x_wconf 87' lang='grc' dir='ltr'><strong><em>πλόου</em></strong></span> <span class='ocrx_word' id='word_1_57' title='bbox 622 870 678 937; x_wconf 80' lang='grc' dir='ltr'><strong><em>καί</em></strong></span> <span class='ocrx_word' id='word_1_58' title='bbox 693 865 756 956; x_wconf 82' lang='grc' dir='ltr'><strong><em>τήν</em></strong></span> <span class='ocrx_word' id='word_1_59' title='bbox 776 871 916 958; x_wconf 79' lang='grc' dir='ltr'><strong><em>ἐρημίην</em></strong></span> <span class='ocrx_word' id='word_1_60' title='bbox 934 867 1066 958; x_wconf 81' lang='grc' dir='ltr'><strong><em>ἀπῆλθε</em></strong></span> <span class='ocrx_word' id='word_1_61' title='bbox 1085 864 1202 953; x_wconf 81' lang='grc' dir='ltr'><strong><em>ὀπίσω,</em></strong></span> <span class='ocrx_word' id='word_1_62' title='bbox 1288 864 1289 913; x_wconf 45' lang='grc' dir='ltr'><strong><em>δ</em></strong></span> 
     </span>
     <span class='ocr_line' id='line_1_8' title="bbox 202 964 1203 1056; baseline -0.005 -18"><span class='ocrx_word' id='word_1_63' title='bbox 202 965 279 1039; x_wconf 78' lang='grc' dir='ltr'><strong><em>οὐδ’</em></strong></span> <span class='ocrx_word' id='word_1_64' title='bbox 302 970 471 1037; x_wconf 79' lang='grc' dir='ltr'><strong><em>ἐπετέλεσε</em></strong></span> <span class='ocrx_word' id='word_1_65' title='bbox 488 964 551 1037; x_wconf 83' lang='grc' dir='ltr'><strong><em>τόν</em></strong></span> <span class='ocrx_word' id='word_1_66' title='bbox 564 969 701 1050; x_wconf 78' lang='grc' dir='ltr'><strong><em>ἐπέταξέ</em></strong></span> <span class='ocrx_word' id='word_1_67' title='bbox 711 972 746 1037; x_wconf 89' lang='grc' dir='ltr'><strong><em>οί</em></strong></span> <span class='ocrx_word' id='word_1_68' title='bbox 761 965 782 1056; x_wconf 82' lang='grc' dir='ltr'><em>ἡ</em></span> <span class='ocrx_word' id='word_1_69' title='bbox 798 968 905 1056; x_wconf 88' lang='grc' dir='ltr'><strong><em>μήτηρ</em></strong></span> <span class='ocrx_word' id='word_1_70' title='bbox 922 966 1058 1038; x_wconf 85' lang='grc' dir='ltr'><strong><em>ἀεθλον.</em></strong></span> <span class='ocrx_word' id='word_1_71' title='bbox 1091 977 1203 1053; x_wconf 83' lang='grc' dir='ltr'><strong><em>θυγα-</em></strong></span> 
     </span>
     <span class='ocr_line' id='line_1_9' title="bbox 201 1064 1201 1158; baseline -0.006 -20"><span class='ocrx_word' id='word_1_72' title='bbox 201 1069 280 1158; x_wconf 85' lang='grc' dir='ltr'><strong><em>τέρα</em></strong></span> <span class='ocrx_word' id='word_1_73' title='bbox 293 1065 360 1155; x_wconf 87' lang='grc' dir='ltr'><strong><em>γάρ</em></strong></span> <span class='ocrx_word' id='word_1_74' title='bbox 370 1068 540 1155; x_wconf 78' lang='grc' dir='ltr'><strong><em>Ζωπύρου</em></strong></span> <span class='ocrx_word' id='word_1_75' title='bbox 549 1074 611 1137; x_wconf 85' lang='grc' dir='ltr'><strong><em>τοῦ</em></strong></span> <span class='ocrx_word' id='word_1_76' title='bbox 621 1067 827 1155; x_wconf 74' lang='grc' dir='ltr'><strong><em>Μεγαβύζου</em></strong></span> <span class='ocrx_word' id='word_1_77' title='bbox 841 1068 1016 1156; x_wconf 74' lang='grc' dir='ltr'><strong><em>παρθένον</em></strong></span> <span class='ocrx_word' id='word_1_78' title='bbox 1030 1064 1201 1156; x_wconf 75' lang='grc' dir='ltr'><strong><em>ἐβιήσατο·</em></strong></span> 
     </span>
     <span class='ocr_line' id='line_1_10' title="bbox 202 1162 1203 1254; baseline -0.007 -17"><span class='ocrx_word' id='word_1_79' title='bbox 202 1173 331 1253; x_wconf 85' lang='grc' dir='ltr'><strong><em>έπειτεν</em></strong></span> <span class='ocrx_word' id='word_1_80' title='bbox 344 1170 523 1254; x_wconf 82' lang='grc' dir='ltr'><strong><em>μέλλοντος</em></strong></span> <span class='ocrx_word' id='word_1_81' title='bbox 536 1165 642 1235; x_wconf 80' lang='grc' dir='ltr'><strong><em>αὐτοῦ</em></strong></span> <span class='ocrx_word' id='word_1_82' title='bbox 657 1163 713 1235; x_wconf 87' lang='grc' dir='ltr'><strong><em>διά</em></strong></span> <span class='ocrx_word' id='word_1_83' title='bbox 727 1166 854 1254; x_wconf 87' lang='grc' dir='ltr'><strong><em>ταύτην</em></strong></span> <span class='ocrx_word' id='word_1_84' title='bbox 864 1163 926 1254; x_wconf 86' lang='grc' dir='ltr'><strong><em>τήν</em></strong></span> <span class='ocrx_word' id='word_1_85' title='bbox 936 1172 1045 1253; x_wconf 79' lang='grc' dir='ltr'><strong><em>αἰτίην</em></strong></span> <span class='ocrx_word' id='word_1_86' title='bbox 1056 1162 1203 1234; x_wconf 84' lang='grc' dir='ltr'><strong><em>ἀνασκο-</em></strong></span> 
     </span>
     <span class='ocr_line' id='line_1_11' title="bbox 201 1262 1202 1356; baseline -0.004 -21"><span class='ocrx_word' id='word_1_87' title='bbox 201 1264 392 1335; x_wconf 84' lang='grc' dir='ltr'><strong><em>λοπιέεσθαι</em></strong></span> <span class='ocrx_word' id='word_1_88' title='bbox 402 1262 605 1353; x_wconf 70' lang='grc' dir='ltr'><strong><em>ύπδΞέρξεω</em></strong></span> <span class='ocrx_word' id='word_1_89' title='bbox 616 1263 801 1354; x_wconf 86' lang='grc' dir='ltr'><strong><em>βασιλέοςή</em></strong></span> <span class='ocrx_word' id='word_1_90' title='bbox 812 1265 919 1356; x_wconf 80' lang='grc' dir='ltr'><strong><em>μήτηρ</em></strong></span> <span class='ocrx_word' id='word_1_91' title='bbox 935 1273 997 1335; x_wconf 82' lang='grc' dir='ltr'><strong><em>τοῦ</em></strong></span> <span class='ocrx_word' id='word_1_92' title='bbox 1007 1265 1202 1343; x_wconf 80' lang='grc' dir='ltr'><strong><em>Σατάσπεος</em></strong></span> 
     </span>
     <span class='ocr_line' id='line_1_12' title="bbox 202 1361 1197 1456; baseline 0 -22"><span class='ocrx_word' id='word_1_93' title='bbox 202 1365 304 1434; x_wconf 84' lang='grc' dir='ltr'><strong><em>ἐοῦσα</em></strong></span> <span class='ocrx_word' id='word_1_94' title='bbox 322 1369 474 1452; x_wconf 81' lang='grc' dir='ltr'><strong><em>Δαρείου</em></strong></span> <span class='ocrx_word' id='word_1_95' title='bbox 493 1361 639 1452; x_wconf 85' lang='grc' dir='ltr'><strong><em>ἀδελφεή</em></strong></span> <span class='ocrx_word' id='word_1_96' title='bbox 664 1367 908 1456; x_wconf 87' lang='grc' dir='ltr'><strong><em>παραιτήσατο,</em></strong></span> <span class='ocrx_word' id='word_1_97' title='bbox 938 1367 1032 1456; x_wconf 78' lang='grc' dir='ltr'><strong><em>φᾶσά</em></strong></span> <span class='ocrx_word' id='word_1_98' title='bbox 1058 1372 1092 1436; x_wconf 87' lang='grc' dir='ltr'><strong><em>οί</em></strong></span> <span class='ocrx_word' id='word_1_99' title='bbox 1116 1363 1197 1451; x_wconf 84' lang='grc' dir='ltr'><strong><em>αύτή</em></strong></span> 
     </span>
     <span class='ocr_line' id='line_1_13' title="bbox 201 1463 1204 1556; baseline 0 -24"><span class='ocrx_word' id='word_1_100' title='bbox 201 1463 287 1550; x_wconf 68' lang='grc' dir='ltr'><strong><em>μέζω</em></strong></span> <span class='ocrx_word' id='word_1_101' title='bbox 307 1468 425 1550; x_wconf 78' lang='grc' dir='ltr'><strong><em>ζημίην</em></strong></span> <span class='ocrx_word' id='word_1_102' title='bbox 444 1464 620 1553; x_wconf 78' lang='grc' dir='ltr'><strong><em>ἐπιθήσειν</em></strong></span> <span class='ocrx_word' id='word_1_103' title='bbox 640 1463 726 1554; x_wconf 84' lang='grc' dir='ltr'><strong><em>ήπερ</em></strong></span> <span class='ocrx_word' id='word_1_104' title='bbox 748 1469 888 1535; x_wconf 77' lang='grc' dir='ltr'><strong><em>ἐκεῖνον.</em></strong></span> <span class='ocrx_word' id='word_1_105' title='bbox 932 1465 1066 1556; x_wconf 88' lang='grc' dir='ltr'><strong><em>Λιβύην</em></strong></span> <span class='ocrx_word' id='word_1_106' title='bbox 1082 1465 1148 1554; x_wconf 89' lang='grc' dir='ltr'><strong><em>γάρ</em></strong></span> <span class='ocrx_word' id='word_1_107' title='bbox 1169 1468 1204 1533; x_wconf 82' lang='grc' dir='ltr'><strong><em>οδ</em></strong></span> 
     </span>
     <span class='ocr_line' id='line_1_14' title="bbox 201 1559 1197 1655; baseline 0.003 -24"><span class='ocrx_word' id='word_1_108' title='bbox 201 1559 354 1648; x_wconf 87' lang='grc' dir='ltr'><strong><em>ἀνάγκην</em></strong></span> <span class='ocrx_word' id='word_1_109' title='bbox 372 1568 511 1633; x_wconf 75' lang='grc' dir='ltr'><strong><em>ἔσεσθαι</em></strong></span> <span class='ocrx_word' id='word_1_110' title='bbox 530 1565 750 1655; x_wconf 88' lang='grc' dir='ltr'><strong><em>περιπλώειν,</em></strong></span> <span class='ocrx_word' id='word_1_111' title='bbox 772 1562 845 1647; x_wconf 84' lang='grc' dir='ltr'><strong><em>έςδ</em></strong></span> <span class='ocrx_word' id='word_1_112' title='bbox 863 1562 908 1636; x_wconf 83' lang='grc' dir='ltr'><strong><em>ἀυ</em></strong></span> <span class='ocrx_word' id='word_1_113' title='bbox 928 1565 1084 1655; x_wconf 78' lang='grc' dir='ltr'><strong><em>ἀπίκηται</em></strong></span> <span class='ocrx_word' id='word_1_114' title='bbox 1104 1591 1197 1655; x_wconf 83' lang='grc' dir='ltr'><strong><em>περι·</em></strong></span> 
     </span>
     <span class='ocr_line' id='line_1_15' title="bbox 201 1658 1200 1756; baseline 0.004 -27"><span class='ocrx_word' id='word_1_115' title='bbox 201 1659 325 1731; x_wconf 86' lang='grc' dir='ltr'><strong><em>πλώωυ</em></strong></span> <span class='ocrx_word' id='word_1_116' title='bbox 338 1658 445 1750; x_wconf 85' lang='grc' dir='ltr'><strong><em>αότήυ</em></strong></span> <span class='ocrx_word' id='word_1_117' title='bbox 459 1664 492 1742; x_wconf 83' lang='grc' dir='ltr'><strong><em>ἐς</em></strong></span> <span class='ocrx_word' id='word_1_118' title='bbox 505 1660 566 1732; x_wconf 82' lang='grc' dir='ltr'><strong><em>τόν</em></strong></span> <span class='ocrx_word' id='word_1_119' title='bbox 582 1661 740 1754; x_wconf 79' lang='grc' dir='ltr'><strong><em>Ἀράβιον</em></strong></span> <span class='ocrx_word' id='word_1_120' title='bbox 752 1666 890 1735; x_wconf 88' lang='grc' dir='ltr'><strong><em>κόλπον.</em></strong></span> <span class='ocrx_word' id='word_1_121' title='bbox 924 1667 1200 1756; x_wconf 80' lang='grc' dir='ltr'><strong><em>συγχωρήσαντος</em></strong></span> 
     </span>
     <span class='ocr_line' id='line_1_16' title="bbox 202 1760 1200 1852; baseline 0.003 -24"><span class='ocrx_word' id='word_1_122' title='bbox 202 1760 239 1829; x_wconf 80' lang='grc' dir='ltr'><strong><em>δέ</em></strong></span> <span class='ocrx_word' id='word_1_123' title='bbox 252 1761 381 1847; x_wconf 71' lang='grc' dir='ltr'><strong><em>Ξέρξεω</em></strong></span> <span class='ocrx_word' id='word_1_124' title='bbox 395 1763 448 1831; x_wconf 80' lang='grc' dir='ltr'><strong><em>ἐπὶ</em></strong></span> <span class='ocrx_word' id='word_1_125' title='bbox 466 1762 615 1844; x_wconf 86' lang='grc' dir='ltr'><strong><em>τούτοισι</em></strong></span> <span class='ocrx_word' id='word_1_126' title='bbox 636 1760 655 1831; x_wconf 85' lang='grc' dir='ltr'><strong><em>δ</em></strong></span> <span class='ocrx_word' id='word_1_127' title='bbox 670 1762 852 1852; x_wconf 77' lang='grc' dir='ltr'><strong><em>Σατάσπης</em></strong></span> <span class='ocrx_word' id='word_1_128' title='bbox 871 1760 1073 1852; x_wconf 85' lang='grc' dir='ltr'><strong><em>ἀπικόμενος</em></strong></span> <span class='ocrx_word' id='word_1_129' title='bbox 1087 1766 1120 1843; x_wconf 81' lang='grc' dir='ltr'><strong><em>ἐς</em></strong></span> <span class='ocrx_word' id='word_1_130' title='bbox 1135 1771 1200 1831; x_wconf 89' lang='grc' dir='ltr'><strong><em>Αί-</em></strong></span> 
     </span>
     <span class='ocr_line' id='line_1_17' title="bbox 200 1860 1199 1954; baseline -0.001 -25"><span class='ocrx_word' id='word_1_131' title='bbox 200 1877 330 1948; x_wconf 87' lang='grc' dir='ltr'><strong><em>’γωπτον</em></strong></span> <span class='ocrx_word' id='word_1_132' title='bbox 344 1864 399 1932; x_wconf 80' lang='grc' dir='ltr'><strong><em>καὶ</em></strong></span> <span class='ocrx_word' id='word_1_133' title='bbox 413 1860 528 1952; x_wconf 77' lang='grc' dir='ltr'><strong><em>λαβών</em></strong></span> <span class='ocrx_word' id='word_1_134' title='bbox 537 1867 598 1931; x_wconf 83' lang='grc' dir='ltr'><strong><em>νέα</em></strong></span> <span class='ocrx_word' id='word_1_135' title='bbox 607 1889 643 1932; x_wconf 85' lang='grc' dir='ltr'><strong><em>τε</em></strong></span> <span class='ocrx_word' id='word_1_136' title='bbox 653 1866 709 1931; x_wconf 80' lang='grc' dir='ltr'><strong><em>καὶ</em></strong></span> <span class='ocrx_word' id='word_1_137' title='bbox 718 1863 844 1943; x_wconf 82' lang='grc' dir='ltr'><strong><em>ναύτας</em></strong></span> <span class='ocrx_word' id='word_1_138' title='bbox 854 1862 943 1954; x_wconf 81' lang='grc' dir='ltr'><strong><em>παρὰ</em></strong></span> <span class='ocrx_word' id='word_1_139' title='bbox 954 1864 1083 1933; x_wconf 87' lang='grc' dir='ltr'><strong><em>τούτων</em></strong></span> <span class='ocrx_word' id='word_1_140' title='bbox 1093 1867 1199 1932; x_wconf 80' lang='grc' dir='ltr'><strong><em>ἔπλωε</em></strong></span> 
     </span>
     <span class='ocr_line' id='line_1_18' title="bbox 200 1956 1289 2051; baseline 0.001 -26"><span class='ocrx_word' id='word_1_141' title='bbox 200 1960 265 2046; x_wconf 49' lang='grc' dir='ltr'><strong><em>ἐπὶἸ</em></strong></span> <span class='ocrx_word' id='word_1_142' title='bbox 281 1956 463 2047; x_wconf 73' lang='grc' dir='ltr'><strong><em>Ἡρακλέας</em></strong></span> <span class='ocrx_word' id='word_1_143' title='bbox 496 1961 633 2051; x_wconf 88' lang='grc' dir='ltr'><strong><em>στήλας,</em></strong></span> <span class='ocrx_word' id='word_1_144' title='bbox 665 1961 872 2042; x_wconf 76' lang='grc' dir='ltr'><strong><em>διεκπλώσας</em></strong></span> <span class='ocrx_word' id='word_1_145' title='bbox 892 1963 929 2031; x_wconf 76' lang='grc' dir='ltr'><strong><em>δὲ</em></strong></span> <span class='ocrx_word' id='word_1_146' title='bbox 944 1965 999 2032; x_wconf 81' lang='grc' dir='ltr'><strong><em>καλ</em></strong></span> <span class='ocrx_word' id='word_1_147' title='bbox 1014 1962 1147 2048; x_wconf 76' lang='grc' dir='ltr'><strong><em>κάμψας</em></strong></span> <span class='ocrx_word' id='word_1_148' title='bbox 1160 1956 1199 2027; x_wconf 83' lang='grc' dir='ltr'><strong><em>τό</em></strong></span> <span class='ocrx_word' id='word_1_149' title='bbox 1288 1960 1289 1969; x_wconf 74' lang='grc'>’</span> 
     </span>
     <span class='ocr_line' id='line_1_19' title="bbox 201 2055 1199 2153; baseline 0 -27"><span class='ocrx_word' id='word_1_150' title='bbox 201 2055 410 2148; x_wconf 89' lang='grc' dir='ltr'><strong><em>ἀκρωτήριον</em></strong></span> <span class='ocrx_word' id='word_1_151' title='bbox 422 2067 480 2149; x_wconf 89' lang='grc' dir='ltr'><strong><em>τής</em></strong></span> <span class='ocrx_word' id='word_1_152' title='bbox 492 2062 631 2151; x_wconf 88' lang='grc' dir='ltr'><strong><em>Λιβύης,</em></strong></span> <span class='ocrx_word' id='word_1_153' title='bbox 646 2067 691 2153; x_wconf 74' lang='grc' dir='ltr'><strong><em>τῷ</em></strong></span> <span class='ocrx_word' id='word_1_154' title='bbox 703 2058 834 2148; x_wconf 80' lang='grc' dir='ltr'><strong><em>οὔνομα</em></strong></span> <span class='ocrx_word' id='word_1_155' title='bbox 844 2059 984 2141; x_wconf 84' lang='grc' dir='ltr'><strong><em>Σολόεις</em></strong></span> <span class='ocrx_word' id='word_1_156' title='bbox 995 2056 1078 2148; x_wconf 78' lang='grc' dir='ltr'><strong><em>ἐστὶ,</em></strong></span> <span class='ocrx_word' id='word_1_157' title='bbox 1093 2064 1199 2130; x_wconf 83' lang='grc' dir='ltr'><strong><em>ἐπλωε</em></strong></span> 
     </span>
     <span class='ocr_line' id='line_1_20' title="bbox 200 2157 1289 2257; baseline -0.004 -27"><span class='ocrx_word' id='word_1_158' title='bbox 200 2158 284 2247; x_wconf 80' lang='grc' dir='ltr'><strong><em>πρὸς</em></strong></span> <span class='ocrx_word' id='word_1_159' title='bbox 297 2170 521 2253; x_wconf 80' lang='grc' dir='ltr'><strong><em>μεσαμβρίην,</em></strong></span> <span class='ocrx_word' id='word_1_160' title='bbox 535 2164 682 2252; x_wconf 90' lang='grc' dir='ltr'><strong><em>περήσας</em></strong></span> <span class='ocrx_word' id='word_1_161' title='bbox 693 2161 729 2231; x_wconf 79' lang='grc' dir='ltr'><strong><em>δδ</em></strong></span> <span class='ocrx_word' id='word_1_162' title='bbox 739 2162 918 2231; x_wconf 89' lang='grc' dir='ltr'><strong><em>θάλασσαν</em></strong></span> <span class='ocrx_word' id='word_1_163' title='bbox 927 2157 1057 2248; x_wconf 85' lang='grc' dir='ltr'><strong><em>πολλήν</em></strong></span> <span class='ocrx_word' id='word_1_164' title='bbox 1067 2162 1105 2228; x_wconf 90' lang='grc' dir='ltr'><strong><em>ἐν</em></strong></span> <span class='ocrx_word' id='word_1_165' title='bbox 1115 2166 1199 2227; x_wconf 91' lang='grc' dir='ltr'><strong><em>πολ-</em></strong></span> <span class='ocrx_word' id='word_1_166' title='bbox 1288 2184 1289 2257; x_wconf 70' lang='grc'><strong><em>,</em></strong></span> 
     </span>
     <span class='ocr_line' id='line_1_21' title="bbox 199 2256 1289 2349; baseline -0.005 -20"><span class='ocrx_word' id='word_1_167' title='bbox 199 2270 286 2331; x_wconf 80' lang='grc' dir='ltr'><strong><em>λοτσι</em></strong></span> <span class='ocrx_word' id='word_1_168' title='bbox 302 2264 398 2349; x_wconf 80' lang='grc' dir='ltr'><strong><em>μησί,</em></strong></span> <span class='ocrx_word' id='word_1_169' title='bbox 426 2264 534 2332; x_wconf 88' lang='grc' dir='ltr'><strong><em>ἐπείτε</em></strong></span> <span class='ocrx_word' id='word_1_170' title='bbox 559 2269 621 2330; x_wconf 80' lang='grc' dir='ltr'><strong><em>τοῦ</em></strong></span> <span class='ocrx_word' id='word_1_171' title='bbox 635 2268 780 2341; x_wconf 78' lang='grc' dir='ltr'><strong><em>πλεῦνος</em></strong></span> <span class='ocrx_word' id='word_1_172' title='bbox 794 2261 859 2331; x_wconf 81' lang='grc' dir='ltr'><strong><em>αίεί</em></strong></span> <span class='ocrx_word' id='word_1_173' title='bbox 879 2263 967 2347; x_wconf 80' lang='grc' dir='ltr'><strong><em>ἔδεε,</em></strong></span> <span class='ocrx_word' id='word_1_174' title='bbox 989 2256 1197 2345; x_wconf 77' lang='grc' dir='ltr'><strong><em>ἀποστρέψας</em></strong></span> <span class='ocrx_word' id='word_1_175' title='bbox 1288 2262 1289 2337; x_wconf 59' lang='grc' dir='ltr'><strong><em>η</em></strong></span> 
     </span>
     <span class='ocr_line' id='line_1_22' title="bbox 199 2350 1289 2446; baseline -0.005 -18"><span class='ocrx_word' id='word_1_176' title='bbox 199 2357 305 2429; x_wconf 85' lang='grc' dir='ltr'><strong><em>ὀπίσω</em></strong></span> <span class='ocrx_word' id='word_1_177' title='bbox 324 2358 478 2430; x_wconf 83' lang='grc' dir='ltr'><strong><em>ἀπέπλωε</em></strong></span> <span class='ocrx_word' id='word_1_178' title='bbox 492 2362 525 2438; x_wconf 88' lang='grc' dir='ltr'><strong><em>ές</em></strong></span> <span class='ocrx_word' id='word_1_179' title='bbox 539 2369 723 2446; x_wconf 73' lang='grc' dir='ltr'><strong><em>Αἴγυπτον.</em></strong></span> <span class='ocrx_word' id='word_1_180' title='bbox 758 2362 794 2428; x_wconf 86' lang='grc' dir='ltr'><strong><em>έκ</em></strong></span> <span class='ocrx_word' id='word_1_181' title='bbox 809 2360 846 2428; x_wconf 75' lang='grc' dir='ltr'><strong><em>δὲ</em></strong></span> <span class='ocrx_word' id='word_1_182' title='bbox 858 2357 981 2445; x_wconf 85' lang='grc' dir='ltr'><strong><em>ταύτης</em></strong></span> <span class='ocrx_word' id='word_1_183' title='bbox 997 2355 1199 2443; x_wconf 86' lang='grc' dir='ltr'><strong><em>ἀπικόμενος</em></strong></span> <span class='ocrx_word' id='word_1_184' title='bbox 1288 2350 1289 2391; x_wconf 45' lang='grc' dir='ltr'><strong><em>ί</em></strong></span> 
     </span>
     <span class='ocr_line' id='line_1_23' title="bbox 198 2452 1289 2546; baseline -0.002 -21"><span class='ocrx_word' id='word_1_185' title='bbox 198 2454 289 2544; x_wconf 88' lang='grc' dir='ltr'><strong><em>παρά</em></strong></span> <span class='ocrx_word' id='word_1_186' title='bbox 305 2461 443 2545; x_wconf 87' lang='grc' dir='ltr'><strong><em>βασιλέα</em></strong></span> <span class='ocrx_word' id='word_1_187' title='bbox 456 2460 585 2546; x_wconf 72' lang='grc' dir='ltr'><strong><em>Ξέρξην</em></strong></span> <span class='ocrx_word' id='word_1_188' title='bbox 595 2464 688 2546; x_wconf 80' lang='grc' dir='ltr'><strong><em>ἔλεγε</em></strong></span> <span class='ocrx_word' id='word_1_189' title='bbox 702 2455 769 2546; x_wconf 87' lang='grc' dir='ltr'><strong><em>φάς</em></strong></span> <span class='ocrx_word' id='word_1_190' title='bbox 782 2455 823 2527; x_wconf 83' lang='grc' dir='ltr'><strong><em>κά</em></strong></span> <span class='ocrx_word' id='word_1_191' title='bbox 839 2457 1041 2546; x_wconf 89' lang='grc' dir='ltr'><strong><em>προσωτάτω</em></strong></span> <span class='ocrx_word' id='word_1_192' title='bbox 1058 2452 1198 2543; x_wconf 85' lang='grc' dir='ltr'><strong><em>ἀνθρώ-</em></strong></span> <span class='ocrx_word' id='word_1_193' title='bbox 1288 2492 1289 2503; x_wconf 45' lang='grc' dir='ltr'><strong><em>ι</em></strong></span> 
     </span>
     <span class='ocr_line' id='line_1_24' title="bbox 198 2554 1199 2647; baseline -0.003 -22"><span class='ocrx_word' id='word_1_194' title='bbox 198 2581 283 2637; x_wconf 88' lang='grc' dir='ltr'><strong><em>πους</em></strong></span> <span class='ocrx_word' id='word_1_195' title='bbox 305 2554 467 2646; x_wconf 81' lang='grc' dir='ltr'><strong><em>σμικρούς</em></strong></span> <span class='ocrx_word' id='word_1_196' title='bbox 486 2560 703 2647; x_wconf 88' lang='grc' dir='ltr'><strong><em>παραπλώειυ</em></strong></span> <span class='ocrx_word' id='word_1_197' title='bbox 720 2562 835 2647; x_wconf 80' lang='grc' dir='ltr'><strong><em>ἐσθῆτι</em></strong></span> <span class='ocrx_word' id='word_1_198' title='bbox 856 2562 1028 2646; x_wconf 84' lang='grc' dir='ltr'><strong><em>φοιυικηίη</em></strong></span> <span class='ocrx_word' id='word_1_199' title='bbox 1047 2559 1199 2642; x_wconf 86' lang='grc' dir='ltr'><strong><em>διαχρεο-</em></strong></span> 
     </span>
     <span class='ocr_line' id='line_1_25' title="bbox 197 2655 1198 2749; baseline -0.007 -20"><span class='ocrx_word' id='word_1_200' title='bbox 197 2660 336 2748; x_wconf 82' lang='grc' dir='ltr'><strong><em>μένους,</em></strong></span> <span class='ocrx_word' id='word_1_201' title='bbox 356 2664 405 2746; x_wconf 77' lang='grc' dir='ltr'><strong><em>οἳ,</em></strong></span> <span class='ocrx_word' id='word_1_202' title='bbox 427 2656 513 2739; x_wconf 83' lang='grc' dir='ltr'><strong><em>ὅκως</em></strong></span> <span class='ocrx_word' id='word_1_203' title='bbox 527 2675 623 2747; x_wconf 75' lang='grc' dir='ltr'><strong><em>σφεῖς</em></strong></span> <span class='ocrx_word' id='word_1_204' title='bbox 637 2666 835 2746; x_wconf 86' lang='grc' dir='ltr'><strong><em>καταγοίατο</em></strong></span> <span class='ocrx_word' id='word_1_205' title='bbox 856 2664 896 2749; x_wconf 80' lang='grc' dir='ltr'><strong><em>πή</em></strong></span> <span class='ocrx_word' id='word_1_206' title='bbox 910 2662 988 2746; x_wconf 84' lang='grc' dir='ltr'><strong><em>νηί,</em></strong></span> <span class='ocrx_word' id='word_1_207' title='bbox 1007 2655 1198 2744; x_wconf 85' lang='grc' dir='ltr'><strong><em>φεύγεσκον</em></strong></span> 
     </span>
     <span class='ocr_line' id='line_1_26' title="bbox 197 2748 1289 2846; baseline -0.005 -21"><span class='ocrx_word' id='word_1_208' title='bbox 197 2755 281 2843; x_wconf 80' lang='grc' dir='ltr'><strong><em>πρὸς</em></strong></span> <span class='ocrx_word' id='word_1_209' title='bbox 294 2754 335 2826; x_wconf 88' lang='grc' dir='ltr'><strong><em>τά</em></strong></span> <span class='ocrx_word' id='word_1_210' title='bbox 356 2754 459 2846; x_wconf 82' lang='grc' dir='ltr'><strong><em>ούρεα</em></strong></span> <span class='ocrx_word' id='word_1_211' title='bbox 472 2764 642 2836; x_wconf 86' lang='grc' dir='ltr'><strong><em>λείποντες</em></strong></span> <span class='ocrx_word' id='word_1_212' title='bbox 665 2755 724 2838; x_wconf 82' lang='grc' dir='ltr'><strong><em>κάς</em></strong></span> <span class='ocrx_word' id='word_1_213' title='bbox 744 2757 858 2845; x_wconf 85' lang='grc' dir='ltr'><strong><em>πόλις,</em></strong></span> <span class='ocrx_word' id='word_1_214' title='bbox 880 2754 974 2825; x_wconf 76' lang='grc' dir='ltr'><strong><em>αὐτοὶ</em></strong></span> <span class='ocrx_word' id='word_1_215' title='bbox 997 2755 1034 2824; x_wconf 67' lang='grc' dir='ltr'><strong><em>δὲ</em></strong></span> <span class='ocrx_word' id='word_1_216' title='bbox 1052 2751 1198 2822; x_wconf 75' lang='grc' dir='ltr'><strong><em>ἀδικέειν</em></strong></span> <span class='ocrx_word' id='word_1_217' title='bbox 1288 2748 1289 2763; x_wconf 53' lang='lat'>³</span> 
     </span>
     <span class='ocr_line' id='line_1_27' title="bbox 197 2850 1195 2947; baseline -0.007 -22"><span class='ocrx_word' id='word_1_218' title='bbox 197 2855 297 2925; x_wconf 77' lang='grc' dir='ltr'><strong><em>οὐδὲν</em></strong></span> <span class='ocrx_word' id='word_1_219' title='bbox 308 2856 469 2946; x_wconf 87' lang='grc' dir='ltr'><strong><em>ἐσιόντες,</em></strong></span> <span class='ocrx_word' id='word_1_220' title='bbox 483 2859 635 2947; x_wconf 92' lang='grc' dir='ltr'><strong><em>πρόβατα</em></strong></span> <span class='ocrx_word' id='word_1_221' title='bbox 647 2857 684 2927; x_wconf 78' lang='grc' dir='ltr'><strong><em>δέ</em></strong></span> <span class='ocrx_word' id='word_1_222' title='bbox 694 2864 805 2945; x_wconf 82' lang='grc' dir='ltr'><strong><em>μοῦνα</em></strong></span> <span class='ocrx_word' id='word_1_223' title='bbox 815 2860 849 2938; x_wconf 81' lang='grc' dir='ltr'><strong><em>ἐξ</em></strong></span> <span class='ocrx_word' id='word_1_224' title='bbox 869 2850 985 2922; x_wconf 76' lang='grc' dir='ltr'><strong><em>αὐτόν</em></strong></span> <span class='ocrx_word' id='word_1_225' title='bbox 1000 2851 1195 2941; x_wconf 89' lang='grc' dir='ltr'><strong><em>λαμβάνειυ.</em></strong></span> 
     </span>
     <span class='ocr_line' id='line_1_28' title="bbox 196 2949 1198 3045; baseline -0.008 -21"><span class='ocrx_word' id='word_1_226' title='bbox 196 2958 258 3024; x_wconf 87' lang='grc' dir='ltr'><strong><em>τοῦ</em></strong></span> <span class='ocrx_word' id='word_1_227' title='bbox 281 2958 318 3024; x_wconf 74' lang='grc' dir='ltr'><strong><em>δὲ</em></strong></span> <span class='ocrx_word' id='word_1_228' title='bbox 342 2953 387 3043; x_wconf 86' lang='grc' dir='ltr'><strong><em>μή</em></strong></span> <span class='ocrx_word' id='word_1_229' title='bbox 410 2963 617 3045; x_wconf 76' lang='grc' dir='ltr'><strong><em>περιπλῶσαι</em></strong></span> <span class='ocrx_word' id='word_1_230' title='bbox 635 2957 769 3045; x_wconf 89' lang='grc' dir='ltr'><strong><em>Λιβύην</em></strong></span> <span class='ocrx_word' id='word_1_231' title='bbox 795 2960 965 3035; x_wconf 77' lang='grc' dir='ltr'><strong><em>παντελῶς</em></strong></span> <span class='ocrx_word' id='word_1_232' title='bbox 988 2963 1096 3021; x_wconf 87' lang='grc' dir='ltr'><strong><em>αίτιον</em></strong></span> <span class='ocrx_word' id='word_1_233' title='bbox 1119 2949 1198 3019; x_wconf 87' lang='grc' dir='ltr'><strong><em>τόδε</em></strong></span> 
     </span>
     <span class='ocr_line' id='line_1_29' title="bbox 197 3050 1199 3142; baseline -0.005 -20"><span class='ocrx_word' id='word_1_234' title='bbox 197 3050 304 3140; x_wconf 77' lang='grc' dir='ltr'><strong><em>Ιἔλεγε,</em></strong></span> <span class='ocrx_word' id='word_1_235' title='bbox 326 3050 363 3121; x_wconf 85' lang='grc' dir='ltr'><strong><em>τὸ</em></strong></span> <span class='ocrx_word' id='word_1_236' title='bbox 378 3060 497 3122; x_wconf 73' lang='grc' dir='ltr'><strong><em>πλοίου</em></strong></span> <span class='ocrx_word' id='word_1_237' title='bbox 510 3051 547 3122; x_wconf 84' lang='grc' dir='ltr'><strong><em>τὸ</em></strong></span> <span class='ocrx_word' id='word_1_238' title='bbox 567 3054 683 3142; x_wconf 90' lang='grc' dir='ltr'><strong><em>πρόσω</em></strong></span> <span class='ocrx_word' id='word_1_239' title='bbox 699 3052 742 3123; x_wconf 81' lang='grc' dir='ltr'><strong><em>οὐ</em></strong></span> <span class='ocrx_word' id='word_1_240' title='bbox 762 3051 910 3124; x_wconf 85' lang='grc' dir='ltr'><strong><em>δυνατόν</em></strong></span> <span class='ocrx_word' id='word_1_241' title='bbox 925 3059 974 3124; x_wconf 81' lang='grc' dir='ltr'><strong><em>ἐτι</em></strong></span> <span class='ocrx_word' id='word_1_242' title='bbox 1000 3050 1084 3122; x_wconf 83' lang='grc' dir='ltr'><strong><em>εἶναι</em></strong></span> <span class='ocrx_word' id='word_1_243' title='bbox 1110 3073 1199 3138; x_wconf 89' lang='grc' dir='ltr'><strong><em>προ-</em></strong></span> 
     </span>
     <span class='ocr_line' id='line_1_30' title="bbox 196 3148 1198 3246; baseline -0.003 -26"><span class='ocrx_word' id='word_1_244' title='bbox 196 3158 342 3241; x_wconf 88' lang='grc' dir='ltr'><strong><em>βαίνειν,</em></strong></span> <span class='ocrx_word' id='word_1_245' title='bbox 357 3148 432 3221; x_wconf 87' lang='grc' dir='ltr'><strong><em>ἀλλ’</em></strong></span> <span class='ocrx_word' id='word_1_246' title='bbox 449 3155 647 3241; x_wconf 81' lang='grc' dir='ltr'><strong><em>ἐνίσχεσθαι.</em></strong></span> <span class='ocrx_word' id='word_1_247' title='bbox 670 3158 793 3246; x_wconf 71' lang='grc' dir='ltr'><strong><em>,Ξέρξης</em></strong></span> <span class='ocrx_word' id='word_1_248' title='bbox 803 3157 840 3226; x_wconf 80' lang='grc' dir='ltr'><strong><em>δέ</em></strong></span> <span class='ocrx_word' id='word_1_249' title='bbox 851 3154 895 3224; x_wconf 82' lang='grc' dir='ltr'><strong><em>ού</em></strong></span> <span class='ocrx_word' id='word_1_250' title='bbox 908 3160 942 3225; x_wconf 84' lang='grc' dir='ltr'><strong><em>οί</em></strong></span> <span class='ocrx_word' id='word_1_251' title='bbox 954 3153 1198 3245; x_wconf 88' lang='grc' dir='ltr'><strong><em>συγγινώσκων</em></strong></span> 
     </span>
     <span class='ocr_line' id='line_1_31' title="bbox 195 3247 1197 3339; baseline -0.001 -20"><span class='ocrx_word' id='word_1_252' title='bbox 195 3251 305 3335; x_wconf 87' lang='grc' dir='ltr'><strong><em>λέγειν</em></strong></span> <span class='ocrx_word' id='word_1_253' title='bbox 329 3247 475 3339; x_wconf 89' lang='grc' dir='ltr'><strong><em>ἀληθέα,</em></strong></span> <span class='ocrx_word' id='word_1_254' title='bbox 498 3249 561 3320; x_wconf 78' lang='grc' dir='ltr'><strong><em>οὐκ</em></strong></span> <span class='ocrx_word' id='word_1_255' title='bbox 583 3254 816 3324; x_wconf 87' lang='grc' dir='ltr'><strong><em>ἐπιτελέσαντά</em></strong></span> <span class='ocrx_word' id='word_1_256' title='bbox 835 3279 872 3322; x_wconf 85' lang='grc' dir='ltr'><strong><em>τε</em></strong></span> <span class='ocrx_word' id='word_1_257' title='bbox 894 3250 955 3322; x_wconf 89' lang='grc' dir='ltr'><strong><em>τόυ</em></strong></span> <span class='ocrx_word' id='word_1_258' title='bbox 974 3255 1197 3339; x_wconf 89' lang='grc' dir='ltr'><strong><em>προκείμενον</em></strong></span> 
     </span>
     <span class='ocr_line' id='line_1_32' title="bbox 196 3345 1197 3442; baseline 0.001 -27"><span class='ocrx_word' id='word_1_259' title='bbox 196 3347 323 3417; x_wconf 82' lang='grc' dir='ltr'><strong><em>ἄεθλον</em></strong></span> <span class='ocrx_word' id='word_1_260' title='bbox 334 3345 584 3440; x_wconf 84' lang='grc' dir='ltr'><strong><em>ἀνεσκολόπισε,</em></strong></span> <span class='ocrx_word' id='word_1_261' title='bbox 596 3350 658 3440; x_wconf 86' lang='grc' dir='ltr'><strong><em>τήν</em></strong></span> <span class='ocrx_word' id='word_1_262' title='bbox 668 3352 810 3442; x_wconf 87' lang='grc' dir='ltr'><strong><em>ἀρχαίην</em></strong></span> <span class='ocrx_word' id='word_1_263' title='bbox 822 3358 921 3441; x_wconf 89' lang='grc' dir='ltr'><strong><em>δίκην</em></strong></span> <span class='ocrx_word' id='word_1_264' title='bbox 926 3347 1107 3439; x_wconf 85' lang='grc' dir='ltr'><strong><em>ἐπιτιμέων.</em></strong></span> <span class='ocrx_word' id='word_1_265' title='bbox 1114 3347 1197 3417; x_wconf 86' lang='grc' dir='ltr'><strong><em>τού-</em></strong></span> 
     </span>
    </p>
   </div>
   <div class='ocr_carea' id='block_1_3' title="bbox 197 3445 1289 3553">
    <p class='ocr_par' dir='ltr' id='par_1_4' title="bbox 197 3445 1289 3553">
     <span class='ocr_line' id='line_1_33' title="bbox 197 3445 1289 3553; baseline 0.005 -32"><span class='ocrx_word' id='word_1_266' title='bbox 197 3471 259 3523; x_wconf 77' lang='grc' dir='ltr'><strong><em>του</em></strong></span> <span class='ocrx_word' id='word_1_267' title='bbox 272 3445 308 3525; x_wconf 72' lang='grc' dir='ltr'><strong><em>δέ</em></strong></span> <span class='ocrx_word' id='word_1_268' title='bbox 321 3454 383 3521; x_wconf 80' lang='grc' dir='ltr'><strong><em>τοῦ</em></strong></span> <span class='ocrx_word' id='word_1_269' title='bbox 397 3450 592 3542; x_wconf 81' lang='grc' dir='ltr'><strong><em>Σατάσπεος</em></strong></span> <span class='ocrx_word' id='word_1_270' title='bbox 610 3452 770 3550; x_wconf 79' lang='grc' dir='ltr'><strong><em>εὐνοῦχος</em></strong></span> <span class='ocrx_word' id='word_1_271' title='bbox 785 3452 912 3544; x_wconf 88' lang='grc' dir='ltr'><strong><em>ἀπέδρη</em></strong></span> <span class='ocrx_word' id='word_1_272' title='bbox 927 3445 961 3534; x_wconf 83' lang='grc' dir='ltr'><strong><em>ἐς</em></strong></span> <span class='ocrx_word' id='word_1_273' title='bbox 974 3449 1197 3540; x_wconf 80' lang='grc' dir='ltr'><strong><em>Σάμον,έπεί-</em></strong></span> <span class='ocrx_word' id='word_1_274' title='bbox 1288 3550 1289 3553; x_wconf 8' lang='lat'>¹</span> 
     </span>
    </p>
   </div>
   <div class='ocr_carea' id='block_1_4' title="bbox 0 0 1308 3930">
    <p class='ocr_par' dir='ltr' id='par_1_5' title="bbox 0 0 1308 3930">
     <span class='ocr_line' id='line_1_34' title="bbox 0 0 1308 3930; baseline 0 2"><span class='ocrx_word' id='word_1_275' title='bbox 0 0 1308 3930; x_wconf 95' lang='lat' dir='ltr'><strong><em> </em></strong></span> 
     </span>
    </p>
   </div>
  </div>
 </body>
</html>
