2622 3928
140 1075 187 1166 ἐν

152 2484 186 2538 w

147 3463 180 3520 ss

205 239 243 304 18
575 239 826 336 HERODOTI

200 401 237 472 δέ
262 402 316 470 καί
339 397 435 469 ἀλλον
458 403 492 470 οί
509 405 651 479 πλεῦνες
674 396 823 469 ἀπίεσαν.
857 397 1037 486 τυράννων
1059 401 1121 486 μέν
1141 424 1208 468 νυν
1299 390 1300 395 ¹

200 498 407 577 κατάπαυσις
421 499 552 584 ἐγένετο
567 494 633 567 ἀνά
648 494 709 577 τάς
722 497 858 582 πόλιας,
876 494 1114 586 Ἀρισταγόρης
1135 497 1171 566 δὲ
1189 493 1208 566 ὁ
1299 544 1300 547 =

132 593 135 595 Α
202 596 368 684 Μιλήσιος
388 593 433 675 ὡς
458 594 537 676 τούς
559 596 750 685 τυράννους
773 597 977 682 κατέπαυσε,
1000 592 1209 684 στρατηγοάς

201 698 238 764 έν
254 693 374 782 έκάστη
394 701 462 762 τῶν
484 700 613 763 πολίων
632 695 793 774 κελεόσας
812 694 972 775 ἑκάστους
995 700 1208 783 καταστῆσαι,
1299 760 1300 771 ,

201 792 341 879 δεότερα
363 787 464 871 αάτός
484 794 518 873 ές
531 797 767 880 Λακεδαίμονα
782 792 913 881 τριήρει
932 791 1118 871 ἀπόστολος
1138 793 1209 877 ἐγί-

163 904 165 907 ’
201 917 294 961 νετο·
323 896 394 961 ἐδεε
413 888 478 981 γάρ
501 889 542 980 δή
564 901 751 982 συμμαχίης
773 895 865 973 τινός
890 899 925 963 οί
946 894 1091 982 μεγάλης
1114 895 1210 974 ἐξευ-

202 1001 354 1179 ρεθηιέοήις
368 1093 405 1159 δὲ
419 1092 579 1179 Σπάρτης
589 1089 846 1180 Ἀναξανδρίδης
861 1094 924 1178 μὲν
938 1088 1110 1170 ὁΛέοντος
1124 1085 1207 1158 οάκ-

201 1191 248 1256 έτι
274 1185 418 1273 περιεδν
444 1191 632 1276 ἐβασίλευε,
661 1186 746 1258 ἀλλά
771 1190 1030 1278 ἐτετελευτήκεε,
1059 1189 1204 1275 Κλεομέ-

123 1337 125 1341 «
200 1312 261 1374 νης
276 1286 312 1354 δέ
326 1281 344 1352 ὁ
357 1282 620 1372 Ἀναξανδρίδεω
634 1284 699 1373 εἶχε
711 1284 775 1375 τήν
787 1294 975 1376 βασιληίην,
991 1286 1034 1357 οό
1047 1285 1130 1356 κατά
1145 1284 1208 1354 ἀν-

201 1390 392 1473 δραγαθίην
413 1384 519 1473 σχάν,
541 1383 625 1455 ἀλλά
642 1382 725 1453 κατά
742 1387 848 1471 γένος.
890 1385 1128 1474 Ἀναξανδρίδῃ
1141 1382 1208 1471 γάρ

201 1492 309 1572 ἔχοντι
330 1500 475 1572 γυναῖκα
492 1484 656 1572 ἀδελφεῆς
676 1487 805 1554 ἑαυτοῦ
819 1489 991 1573 θυγατέρα
1011 1489 1067 1555 καὶ
1087 1485 1205 1570 έοόσης
1299 1542 1300 1567 ,

200 1583 321 1670 ταύτης
343 1588 377 1651 οί
392 1590 601 1671 καταθυμίης
621 1586 737 1662 παίδες
758 1580 820 1650 οάκ
840 1586 1001 1670 ἐγίνοντο.
1029 1582 1152 1652 τούτου
1169 1582 1207 1648 δὲ
1299 1582 1300 1591 ’

201 1679 356 1748 τοιοότου
371 1680 485 1760 ἐόντος
499 1685 533 1750 οί
546 1687 664 1769 ἔφοροι
680 1677 777 1748 εἶπαν
791 1680 1066 1767 ἐπικαλεσάμενοι
1082 1676 1205 1746 αὐτόν·
1299 1670 1300 1709 ³

201 1790 248 1851 Ελ
256 1807 307 1849 τοι
323 1780 367 1849 σά
376 1778 415 1868 γε
432 1788 582 1850 σεωυτοῦ
596 1778 641 1868 μή
653 1785 818 1871 προορᾷς,
841 1775 915 1849 ἀλλ’
928 1775 1010 1866 ἡμίν
1022 1776 1122 1847 τοῦτό
1136 1779 1207 1845 ἐστι

201 1877 243 1949 οά
263 1882 478 1967 περιοπτέον,
501 1880 598 1967 γένος
617 1876 655 1948 τό
673 1876 910 1966 Εὐρυσθένεος
923 1879 1082 1965 γενέσθαι
1098 1878 1207 1962 ἐξίτη-

200 1989 270 2050 λον.
294 1979 338 2047 σό
351 2005 419 2048 νυν
431 1975 494 2065 τήν
504 1980 568 2065 μὲν
578 1984 661 2065 ἐχεις
675 1993 830 2065 γυναῖκα,
846 1979 920 2046 ἐπεί
926 1980 965 2045 τέ
974 2004 1025 2046 τοι
1040 1973 1080 2046 οό
1091 1983 1205 2063 τίκτει,

202 2082 289 2165 έξεο,
311 2074 418 2165 ἀλλην
438 2077 475 2145 δὲ
492 2085 617 2164 γῆμον·
641 2080 697 2146 καὶ
716 2079 840 2146 ποιέων
856 2082 960 2144 ταῦτα
974 2075 1205 2165 Σπαρτιήτῃσι
1232 2122 1237 2131 -

202 2173 344 2262 ἁδήσεις.
383 2173 420 2243 Ὁ
435 2172 466 2243 δ’
483 2173 636 2263 ἀμείβετο
651 2173 718 2261 φάς
728 2173 857 2242 τούτων
871 2170 1030 2262 οὐδέτερα
1040 2174 1205 2261 ποιήσειν,

202 2276 350 2350 ἐκείνους
365 2298 401 2340 τε
422 2269 465 2340 οά
478 2280 588 2351 καλῶς
603 2272 849 2361 συμβουλεύειν
863 2276 1122 2359 παραινέοντας,
1143 2268 1205 2358 τήν

201 2376 266 2456 έχει
283 2382 444 2456 γυναῖκα,
462 2371 586 2437 έοῦσαν
601 2366 836 2457 ἀναμάρτητον
853 2373 981 2463 ἐαυτῷ,
998 2372 1126 2458 ταύτην
1139 2368 1204 2439 ἀπ·
1299 2368 1300 2447 ξ

201 2469 282 2535 έντα
299 2465 405 2553 ἀλλην
425 2468 666 2554 ἐσαγαγέσθαι,
693 2463 776 2536 οόδέ
796 2487 857 2555 σφι
878 2476 1062 2539 πείσεσθαι.
1111 2468 1205 2558 Πρός
1299 2492 1300 2563 η

199 2571 303 2634 ταῦτα
318 2571 352 2636 οί
369 2571 488 2654 ἐφοροι
510 2569 618 2635 καλοί
637 2568 791 2654 γέροντες
809 2567 1076 2656 βουλευσάμενοι
1096 2589 1195 2656 προσ·
1299 2568 1300 2629 3

200 2668 323 2752 ἔφερον
342 2661 583 2753 Ἀναξανδρίδῃ
604 2663 698 2732 τάδε·
727 2661 814 2734 Ἐπεὶ
830 2672 948 2735 τοίνυν
966 2667 1204 2757 περιεχόμενόν
1299 2654 1300 2693 ¹

198 2785 236 2832 σε
250 2762 391 2853 ὁρέομεν
407 2772 465 2853 τής
484 2770 567 2852 έχεις
580 2761 757 2853 γυναικός,
779 2763 823 2835 σι)
841 2766 878 2837 δέ
897 2774 1001 2836 ταῦτα
1020 2774 1128 2855 ποίεε,
1147 2769 1202 2835 καί

198 2859 242 2948 μή
259 2858 431 2949 ἀντίβαινε
448 2863 614 2950 τούτοισι,
636 2864 754 2951 ἵναμή
773 2890 804 2932 τι
824 2864 961 2935 ἀλλοίου
975 2868 1050 2953 περὶ
1070 2873 1132 2935 σεῦ
1145 2869 1200 2951 [01]

197 2965 406 3045 Σπαρτιῆται
426 2960 688 3047 βουλεύσωνται.
715 2960 877 3049 γυναικός
896 2963 959 3050 μέν
978 2970 1036 3052 τῆς
1056 2969 1139 3051 ἐχεις
1160 2959 1201 3030 οά

195 3055 433 3145 προσδεόμεθά
457 3076 518 3127 σευ
534 3065 592 3145 τῆς
613 3061 752 3148 ἐξέσιος,
778 3059 822 3130 σδ
844 3060 881 3131 δέ
900 3062 1005 3152 ταότη
1024 3088 1060 3133 τε
1080 3062 1225 3147 πάντα,-

196 3155 260 3226 όσα
274 3161 340 3223 νῦν
357 3159 525 3244 παρέχεις,
547 3157 687 3245 πάρεχε,
708 3162 764 3228 καλ
779 3158 886 3247 ἀλλην
903 3157 990 3247 πρός
1005 3161 1110 3250 ταότη
1123 3160 1186 3230 έσά

196 3280 278 3342 γαγε
291 3268 435 3341 γυναῖκα
450 3257 657 3328 τεκνοποιόν.
686 3258 791 3328 ταῦτά
810 3285 853 3349 κη
867 3259 1038 3347 λεγόντων
1052 3258 1202 3348 συνεχά-
1299 3254 1300 3261 ¹

196 3370 278 3439 ρησε
293 3350 594 3444 ὁἈυαξανδρίδης,
610 3354 692 3444 μετά
707 3354 743 3425 δέ
753 3372 916 3443 γυναῖκας
929 3363 1015 3445 ἔχων
1030 3357 1093 3427 δόο
1108 3354 1201 3439 διξάς

196 3453 300 3530 ἱστίας
320 3462 425 3541 ολιιεε,
453 3457 578 3525 ποιέων
598 3453 753 3543 οὐδαμῶς
772 3460 1010 3547 Σπαρτιητικά.
1061 3458 1199 3548 Χρόνου
