2566 3934
170 271 173 275 ν
230 248 298 308 οο
486 210 535 255 ⁸
567 253 854 338 ιιιιοοοιι

220 379 352 488 έκείδι
351 382 505 497 κοιμᾶται
519 411 558 479 ἐν
573 416 619 503 τῷ
632 435 693 480 τον
679 407 788 489 Διὸς
801 434 861 478 του
847 388 999 499 Θηέβαι
999 438 1035 492 ος
1045 409 1146 538 γυνὴ,
1164 404 1260 498 66·

121 582 130 602 ¹,
232 508 408 598 φότεραι
390 501 487 576 66'
441 523 540 579 αυται
556 511 710 597 λέγονται
726 506 862 596 ἀνδρῶν
876 507 1066 598 0666666'
1049 538 1082 592 ες
1097 509 1232 634 ὁμιλίην

195 701 197 705 ¹
232 616 386 719 φοιτᾶν),
401 611 457 679 καί
470 610 628 698 κατάπερ
646 613 685 680 ἐν
699 609 939 714 Παιολροισι
898 637 957 699 της
970 609 1127 699 A66669‘
1111 639 1131 700 6
1145 610 1232 699 ιιρό-

233 737 350 798 μαντις
363 717 425 778 τοῦ
444 715 548 796 θεοῦ,
571 706 673 778 έιιιολν
697 711 849 796 γένηται
871 706 913 778 ου’
928 707 993 830 γὰρ
1015 702 1065 779 66
1084 736 1105 775 ιι
1106 714 1151 778 ίεί
1106 711 1233 778 ίέστι

150 866 153 871 .
233 808 434 907 χρηστήριον
448 803 588 885 αὐτόθι·
610 805 713 877 έιιειλν
727 807 764 875 66
780 809 931 906 γένηται,
952 807 1027 878 τότε
1042 800 1092 878 66
1105 827 1234 897 συγκα-

168 931 216 986 183
232 915 421 996 τακληίεται
436 904 496 985 τολς
511 906 636 986 νύκτας
656 912 721 975 ἔσω
737 908 774 989 ἐν
788 912 833 997 τῷ
849 911 928 997 νηῷ.
963 904 1055 976 Ἐστι
1070 908 1106 975 66
1119 930 1181 974 του
1165 907 1238 974 έν

232 1009 441 1125 Βαβυλῶνιλ
440 1029 504 1092 ρον
489 1008 573 1073 καί
583 1004 683 1084 έλλλος
694 1004 787 1073 ιιολτοι
799 1001 891 1090 νηὸς,
906 1008 992 1072 ένδα
1006 1002 1136 1091 ολγαλμα
1149 1003 1235 1089 μέγα

146 1116 156 1156 ἓ
233 1131 294 1193 τον
280 1101 389 1182 Διὸς
403 1107 454 1172 ένι
464 1103 652 1195 κατήμενον
665 1103 820 1223 χρύσεον,
835 1128 891 1170 και
885 1107 938 1170 ὀί
950 1101 1093 1189 τρολιιεζα
1106 1099 1235 1188 μεγάλη

235 1187 435 1324 παρακέεται
443 1204 577 1290 χρυσέη,
592 1198 696 1269 καὶ
661 1227 698 1268 ιο
714 1200 897 1288 βαθρον
863 1224 880 1266 ο
883 1198 991 1268 cuaz‘
977 1227 995 1268 ο
1009 1199 1137 1289 θρόνος
1149 1197 1236 1287 666-
1259 1202 1260 1205 ’

235 1300 311 1380 σεός
325 1302 402 1369 έστι.
431 1295 525 1368 καλ“
502 1326 547 1378 οις
562 1304 679 1385 ἔλεγον
700 1303 734 1367 oc
745 1302 923 1384 Χαλδαῖοι,
944 1294 1150 1367 ταλάντων’
1134 1322 1236 1366 οκια-

123 1424 126 1428 ’
217 1392 360 1473 Ικοσίων
378 1405 520 1487 χρυσίου
540 1405 715 1487 ιιειιοίηται
729 1405 841 1467 ταῦτα.
864 1398 976 1479 έξαιδδ
989 1405 1050 1466 τοῦ
1064 1423 1150 1486 νηου
1135 1403 1236 1485 βοι-

235 1499 297 1588 μός
311 1501 380 1567 έστι
393 1496 543 1587 χρύσεος
567 1502 635 1567 ἔστι
650 1497 687 1566 δ
701 1500 757 1567 καί
774 1494 873 1576 ἄλλος
886 1494 997 1585 βωμὸς
1011 1500 1128 1615 μέγας,
1150 1492 1237 1563 ὅκου
1259 1498 1260 1505 '

191 1616 194 1619 ‘
234 1599 355 1671 θύεται
369 1593 412 1665 τολ
431 1599 525 1665 τέλεα
545 1603 612 1664 τῶν
634 1597 830 1685 προβάτων
853 1593 991 1684 έιιδγολρ
1011 1621 1072 1664 του
1057 1590 1238 1683 ”χρυσέου

236 1703 354 1816 βωμοῦ
369 1691 432 1763 οὐκ
448 1698 552 1786 έξεσιι
567 1693 731 1783 θέειν,”
710 1722 762 1764 οτι
778 1693 823 1783 66
839 1693 1015 1783 γαλαθηνὰ
1031 1701 1159 1782 μοῦνα,
1184 1696 1239 1762 έιιὶ

236 1799 272 1866 6
286 1821 347 1864 του
333 1795 422 1881 μέζ
406 1801 499 1877 ζονος
513 1799 630 1882 βωμοῦ
644 1796 699 1861 καλ
713 1799 923 1880 καταγίζουσι
947 1798 1135 1882 λιβανωτοῦ
1148 1800 1239 1878 χίλια

34 1934 36 1939 >
54 1943 56 1947 -
155 1926 174 1984 j
196 1942 198 1945 .
235 1894 380 1965 τάλαντα
394 1898 482 1971 ἔτεος
497 1892 638 1960 ἑκάστου
653 1898 688 1960 ολ
698 1896 859 1962 Χαλδαῖοι
873 1892 964 1981 τότε,
980 1890 1082 1962 έιιειλν
1097 1889 1159 1980 τὴν
1174 1890 1239 1980 ὁρ-

235 1990 298 2081 τὴν
312 1987 417 2079 λλγιοσι
427 1996 473 2081 ιβ
482 1996 553 2081 θεῷ
567 1989 691 2081 τούτῳ·
711 1984 755 2077 ἦν
767 1991 803 2059 66
818 1993 856 2060 έν
867 1998 913 2082 τῷ
925 1993 1053 2078 τεμένει
1064 1989 1172 2082 τούτῳ
1189 1996 1237 2061 ἔτι

206 2123 209 2131 ·
236 2090 297 2161 τὸν
311 2088 436 2179 χρόνον
451 2091 592 2159 ἐκεῖνον
596 2089 652 2156 καὶ
668 2084 809 2177 ιλνδριολς
824 2087 976 2158 δυώδεκα
991 2090 1137 2208 πηχέων,
1153 2089 1241 2176 χρυ-

156 2267 157 2270 ,
237 2210 328 2276 σεος,
354 2184 504 2274 στερεός.
530 2183 595 2273 666
616 2189 679 2272 μέν
701 2204 760 2274 μιν
780 2184 843 2255 οιλκ
864 2186 970 2274 ελδον,
993 2214 1032 2255 ια
1020 2184 1084 2255 66
1106 2189 1240 2273 λέγεται

236 2288 303 2384 660
294 2285 514 2372 Χαλδαίων,
535 2291 641 2353 ταῦτα
659 2290 755 2372 λέγω
782 2285 890 2377 τούτῳ
909 2312 954 2379 τρι
974 2283 1151 2375 ανδριαντι
1162 2296 1240 2355 Λα

239 2400 327 2475 ρεῖος
343 2380 435 2469 666
420 2410 438 2451 ο
449 2380 648 2463 Ῥιτολσιιεος
668 2355 963 2471 έιιιβονλεύσας’
925 2410 986 2453 ουκ
1004 2383 1162 2506 ἐτόλμησε
1178 2393 1236 2453 λοι-
1259 2408 1260 2411 ’

237 2493 328 2573 βείν,
346 2481 468 2603 Ξέρξης
483 2479 519 2547 66
534 2476 714 2600 6A666606
727 2487 826 2602 ἔλαβε
840 2478 940 2549 καλ
906 2506 966 2550 τον
980 2476 1085 2601 6666’
1066 2481 1260 2549 αιιέκτεινεΜ

207 2634 210 2637 ι
238 2579 492 2670 ἀπαγορεύοντα
502 2605 547 2666 μη
535 2575 734 2649 κινέειν
699 2606 761 2648 τον
773 2575 965 2669 ιλνδριολντα.
988 2604 1025 2647 το
1014 2575 1099 2666 μὲν
1110 2574 1151 2663 66
1162 2575 1242 2667 ίρόν

237 2687 336 2750 τοῦτο
357 2675 445 2747 οὕτω
468 2676 685 2765 κεκόσμηται,
713 2682 782 2747 ἔστι
797 2678 845 2744 66
867 2680 921 2746 καὶ
944 2680 1012 2745 ίδια
1037 2671 1260 2763 ἀναθήματα

91 2805 94 2811 ’
174 2803 222 2859 ιςς
237 2775 353 2847 ιιολλολ.
397 2782 462 2862 Τῆς
483 2778 519 2844 66
533 2778 737 2862 Βαβυλῶνος
757 2774 879 2863 ταύτης
893 2778 1010 2847 ιιολλολ
1030 2777 1092 2863 μέν
1106 2800 1175 2843 κου
1186 2774 1260 2843 καλ

146 2930 149 2937 .
238 2873 334 2945 ι’λλλοι
353 2875 508 2960 έγένονιο
525 2874 692 2961 βασιλέες,
713 2880 782 2941 τῶν
803 2875 840 2942 έν
856 2887 942 2942 τοῖσι
953 2870 1156 2959 Ἀσσυρίοισι
1171 2869 1243 2957 1λό-

236 2991 327 3062 γοισι
335 2970 476 3092 μνήμην
496 2971 695 3059 ιιοιήσομαι,
718 2967 807 3040 οδτολ
827 2971 933 3058 τείχεά
950 2996 985 3039 τε
1007 2967 1242 3057 έιιεκόσμησαν
1259 2970 1260 2997 ³

205 3151 208 3157 ,
236 3065 347 3139 καὶτὰ
362 3064 475 3155 66st
458 3094 495 3135 εν
509 3067 546 3136 66
559 3065 600 3154 66
614 3071 670 3138 καὶ
685 3095 774 3156 γυνα
775 3083 843 3147 λκες
857 3068 935 3137 δύο
957 3064 1056 3159 6666
1071 3066 1242 3191 πρότερον

182 3208 184 3214 v
238 3168 381 3287 ἄρξασα,
402 3171 459 3251 τῆς
470 3164 614 3255 ὕστερον
624 3175 759 3258 γενεῇσι
773 3171 871 3235 πέντε
857 3167 1048 3334 ὲπρότερον
1062 3169 1242 3287 γενομένη,

177 3313 179 3318 -
237 3293 278 3356 τη
297 3263 426 3352 οὕνομα
441 3289 486 3351 ην
502 3271 704 3353 Σεμίραμις,
726 3263 810 3353 αὕτη
831 3267 871 3352 66
873 3292 893 3333 ν
909 3263 1087 3386 ἀπεδέξατο
1103 3264 1243 3354 χώματα

238 3360 304 3433 666
325 3360 361 3431 τὸ
381 3367 499 3431 ιιεδίον
519 3362 618 3431 έόνια
638 3361 832 3450 ἀξιοθέητα
853 3361 1020 3452 προτερον
1040 3361 1077 3430 δ
1091 3361 1200 3430 έιέθεε
1223 3356 1242 3432 6

175 3478 223 3539 165
236 3459 383 3551 ιιοιαμός
395 3457 461 3529 666
476 3486 513 3530 το
502 3457 649 3529 ιιεδίον
662 3467 732 3529 ιιᾶν
746 3468 948 3549 πελαγίζειν
969 3487 990 3548 η
978 3457 1043 3528 66
1064 3455 1104 3546 66
1124 3459 1237 3531 δεύτε·
1259 3530 1260 3535 ,
