2566 3934
321 288 459 346 τιατ
500 286 598 346 οιν.
631 293 772 353 οο-οι.
987 287 1049 354 ιιε

75 445 141 512 ῦ.ίον
168 445 198 527 ές
218 450 297 571 μέν
306 474 342 536 γε
368 448 510 538 Μέμφιν
535 450 571 517 ἐκ
595 450 811 540 Ναυκράτιος
836 449 1048 526 ἀναπλώοντι

75 570 128 634 παρ
151 545 247 631 αῦτᾶς
261 548 319 632 τὰς
331 555 519 674 πυραμίδας
532 556 659 639 γίνεται
674 548 693 620 6
707 550 826 633 πλόος·
849 558 917 625 ἔστι
931 553 1024 627 66’
985 581 1048 626 ουκ
1135 623 1138 633 ,

75 639 166 737 οὗτος,
188 649 269 721 αλλα
289 649 379 741 παρὰ
394 648 432 721 τό
454 648 515 732 ὀξῦ
533 675 594 719 του
580 654 719 720 Δέλτα
739 654 795 721 καί
809 650 901 742 παρὰ
915 655 1049 743 Κερκά-

75 766 164 832 σωρον
175 750 288 820 πόλιν
311 753 344 831 ές
361 750 397 820 66
410 749 610 837 Ναύκρατιν
631 745 697 818 ἀπὸ
714 750 888 839 θαλάσσης
904 754 960 821 καλ
976 759 1050 821 Κα-

75 847 165 934 νώβου
175 847 228 918 διὰ
239 854 357 921 πεδίου
367 850 489 920 πλόων
503 847 592 937 ἥξεις
602 845 675 917 κατ’
690 846 886 921 ’Ἄνθυλλαν
899 878 936 921 τε
948 849 1049 920 πόλιν

74 946 115 1013 καὶ
125 944 179 1034 τὴν
188 945 391 1041 Ἀρχάνδρου
404 953 622 1037 καλεομένην.
661 949 799 1017 Τούτων
813 955 850 1021 66
861 948 881 1041 6
893 953 956 1040 μέν
965 950 1047 1020 ”Αν-
1062 969 1096 1026 98

73 1055 162 1117 avua
174 1052 272 1120 ίοῦσα
292 1058 412 1140 λογίμη
434 1050 531 1131 πόλις
546 1052 579 1131 ές
600 1047 798 1138 ὑποδήματα
817 1055 980 1142 ἐξαίρετος
997 1059 1048 1123 66-

74 1148 146 1216 δοται
154 1156 211 1217 τοῦ
221 1152 284 1220 acal
295 1151 533 1240 βασιλεύοντος
542 1150 720 1238 Αἰγύπτου
732 1158 772 1241 τῇ
781 1162 924 1240 γυναικί.
947 1161 1047 1225 τοῦτο

74 1243 101 1311 66
116 1252 229 1331 γίνεται
249 1251 283 1331 ἐξ
307 1247 391 1318 ὅσον
412 1247 478 1318 ὑπὸ
496 1254 648 1339 Πέρσησί
664 1252 732 1319 ε’στι
755 1262 934 1341 Λίγυκτος.
965 1250 986 1342 6
1012 1252 1048 1324 δέ

73 1343 144 1434 ἑτέρη
156 1346 247 1428 πόλις
264 1353 374 1418 δοκέει
383 1372 440 1435 μοι
453 1347 490 1419 τὸ
508 1348 638 1438 οῦνομα
653 1355 740 1438 ἔχειν
753 1349 819 1422 όπὸ
834 1360 897 1424 τοῦ
907 1360 1048 1425 Δαναοῦ

74 1454 214 1536 γαμβροῦ,
232 1447 440 1537 Ἀρχάνδρου
453 1457 515 1521 τοῦ
527 1457 640 1520 Φθίου
654 1458 715 1520 τοῦ
726 1449 875 1540 Ἀχαιοῦ·
897 1457 1049 1525 καλέεται

73 1544 121 1635 γῦρ
133 1548 168 1639 66
179 1549 386 1641 Ἀρχάνδρου
405 1552 511 1633 πόλις.
546 1563 596 1640 είη
611 1551 644 1621 6’
660 1549 705 1622 ἄν
720 1556 775 1623 καὶ
789 1552 890 1636 ἄλλος
903 1581 954 1638 τις
966 1552 1049 1645 ’Ἁρ-

74 1657 203 1742 ηινῦρος,
225 1653 267 1725 οῦ
281 1657 398 1744 μέντοι
414 1682 453 1744 γε
467 1654 655 1743 Αίγύπτιον
671 1653 709 1725 τὸ
723 1652 860 1745 οὕνομα.

136 1759 278 1825 ΜΕΧΡΙ
284 1753 349 1842 μὲν
359 1754 482 1824 τοῦτον
493 1751 570 1837 ὄφις
580 1781 615 1824 τε
628 1753 688 1843 έμη
699 1758 755 1825 καὶ
765 1756 882 1845 γνώμη
893 1759 947 1828 καί
957 1762 1049 1828 covo-
1062 1772 1098 1830 9⁹

75 1856 216 1939 ρίηιαῦτα
236 1855 385 1943 λέγουσι’
410 1857 495 1943 ἐστι,
521 1851 561 1924 τό
585 1855 621 1924 66
641 1853 706 1925 ἀπὸ
730 1862 829 1927 τοῦδε
845 1864 1050 1946 Αἰγυπτίους

74 1955 181 2041 ἔρχομαι
195 1955 322 2045 λόγους
337 1955 458 2044 ἐρέων,
476 1951 559 2023 κατὰ
573 1951 716 2042 ἤκουον·
741 1957 920 2040 προσέσται
934 1955 971 2027 δὲ
986 1952 1051 2026 αὖ·

74 2059 140 2121 τοῖσί
147 2080 177 2122 τι
189 2057 243 2125 καὶ
257 2062 319 2142 τῆς
333 2058 412 2142 έμῆς
432 2052 535 2136 ὄψιος.
584 2051 653 2123 Τόν
677 2062 721 2123 Μ
728 2062 813 2142 ῦνα
836 2054 897 2125 τὸν
916 2062 1050 2140 πρῶτον

72 2157 290 2238 βασιλεύσαντα
306 2154 482 2243 Αίγῦπτου
496 2159 531 2225 oc
542 2158 627 2240 ίρέες
640 2161 757 2243 ἔλεγον
776 2162 875 2226 τοῦτο
888 2156 951 2243 μέν
965 2153 1051 2224 τἰπο-

72 2265 242 2384 γεφυρῶσαι
250 2254 318 2346 τὴν
331 2259 483 2382 Μέμφιν.
518 2252 578 2324 τὸν
592 2255 657 2345 γὰρ
672 2253 823 2344 ποταμὸν
838 2256 947 2325 πάντα
960 2255 1050 2344 ρέειν

71 2353 139 2439 καρὰ
150 2355 184 2426 τό
199 2352 304 2449 οῦρος
315 2355 352 2427 τέ
364 2357 537 2453 ψάμμινον
554 2383 639 2445 προς
649 2357 796 2447 Λιβυης,
821 2384 882 2428 τον
896 2356 934 2430 6
944 2365 1049 2445 Μῦνα

71 2450 238 2577 ἆνρθεν,“
217 2479 304 2529 οσον
326 2484 361 2527 τε
386 2455 505 2528 έκατὸν
526 2454 721 2579 σταδίοφς’
702 2454 768 2527 από
789 2461 963 2584 Μέμφιος,
987 2453 1048 2527 τόν

70 2552 133 2640 πρὸς
149 2554 388 2650 μεσαμβρίης’
369 2565 504 2647 αγκῦνα
518 2557 759 2645 προσχώσαντα
772 2554 810 2625 τὸ
831 2557 894 2645 μὲν
909 2553 1048 2644 αἰρχαιον

70 2653 186 2743 ῥέεθρον
198 2655 427 2746 ἀποξηρῆναι,
451 2654 512 2726 τόν
533 2658 570 2726 δέ
587 2653 738 2743 ποταμόν
751 2653 921 2743 ὀχετεῦσαι
936 2682 973 2725 το
963 2654 1049 2744 μέ-

69 2771 115 2822 σον
130 2765 193 2826 τῦν
207 2756 342 2847 οῦρέων
362 2760 460 2848 ῥέειν.
491 2763 538 2827 ἔτι
561 2757 669 2826 δὲκαὶ
688 2762 755 2824 νῦν
775 2752 842 2825 ὑπὸ
856 2758 1015 2845 Περσέων
1030 2752 1048 2824 6

69 2848 161 2939 ἆγκῦν
179 2851 281 2938 οὗτος
297 2863 358 2925 τοῦ
372 2864 515 2944 Νείλου,
542 2850 579 2934 ὃς
599 2851 805 2942 ἀπεργμένος
818 2856 902 2943 ῥέει,
929 2856 966 2923 έν
981 2879 1049 2941 φυ-

68 2957 164 3042 λακῇσι
178 2954 342 3045 μεγάλῃσι
359 2959 481 3042 ἔχεται,
504 2951 737 3041 φρασσόμενος
752 2949 816 3022 ἀντὶ
831 2959 900 3021 πῦν
914 2957 993 3033 ἔτος.
1021 2958 1052 3022 εί

69 3045 119 3137 γὰρ
135 3053 284 3151 ἐθελήσει
306 3052 366 3142 ρήξ
367 3080 407 3133 ας
350 3050 609 3140 ξῦπερβῆναι
629 3049 648 3120 6
665 3050 811 3141 ποταμὸς
827 3051 948 3143 ταῦτη,
974 3046 1056 3122 κίν-’

69 3148 150 3266 έοηος
163 3152 252 3242 τόση
263 3154 386 3273 Μέμφι
400 3156 674 3238 κατακλυσθῆναι
688 3153 764 3220 έστί.
791 3145 883 3227 ὡςῦέ
896 3176 942 3241 τφ
928 3155 1049 3237 Μηνι

68 3245 155 3342 τοῦτφ
167 3276 212 3342 τφ
223 3249 346 3343 προέτφ
364 3251 535 3374 γενομένῳ
549 3252 680 3338 βασιλέϊ
689 3252 809 3339 χέρσον
823 3244 1046 3336 γεγονέναι
1011 3272 1048 3316 το

68 3316 272 3455 ἇτεργμένον,
298 3355 401 3419 τοῦτο
423 3349 485 3438 μέν
507 3351 545 3419 έν
564 3345 654 3439 αῦτφ
640 3348 770 3418 πόλιν
790 3354 898 3417 κτίσαι
912 3345 1049 3433 ταύτην,

31 3506 33 3515 ,
67 3427 124 3525 ἧῑῑέ
141 3451 202 3516 νῦν
216 3450 357 3540 Μέμφις
374 3448 538 3540 καλέεται,
547 3451 675 3530 ἔξωθεν
687 3444 781 3516 δέ’
739 3453 841 3533 αυτῆς
851 3445 1048 3595 μιεριορῦξαι
