2606 3920
308 250 395 305 LIB.
428 249 497 305 VIII.
532 248 629 306 cAP.
661 255 843 321 offis-74.
1015 249 1077 316 253

20 458 21 463 η
68 419 185 491 τεῖχος.
214 405 272 473 άτε
292 402 333 491 δή
355 408 501 473 ἐουσέων
516 408 693 492 μυριάδων
713 409 866 477 πολλέων
882 414 937 478 καὶ
953 409 1078 492 παντός

68 500 197 588 ύνδρδς
212 503 434 589 ἐργαζομένου
451 503 547 589 ἤνετο
563 501 601 570 τό
617 510 734 590 ἔργον·
762 509 817 575 καί
834 505 899 596 γάρ
914 516 1005 579 λίθοι
1022 513 1077 578 καί

70 607 212 668 πλίνθοι
223 603 278 669 καί
290 601 372 681 ξύλα
383 603 438 669 καὶ
449 603 573 689 φορμοὶ
582 601 721 689 ψάμμου
731 602 872 690 πλήρεες
882 608 1075 694 ἐσεφορέον·

70 722 125 782 το,
140 699 196 766 καί
209 700 344 766 ἐλίνυον
356 696 478 767 οὐδένα
487 698 613 787 χρόνον
621 705 654 768 οδ
660 704 892 788 βοηθήσαντες
900 704 1077 791 ἐργαζόμε-

70 820 144 879 νοι,
160 791 237 861 ούτε
251 794 373 874 νυκτός
388 793 466 864 ούτε
478 794 612 883 ἡμέρης.
630 806 674 871 Os
683 801 719 869 δὲ
731 799 960 886 βοηθήσαντες
971 802 1004 879 ἐς
1015 796 1075 869 τὸν
1094 816 1125 867 :2¹

65 892 206 980 Ἰσθμόν
217 897 381 981 πανδημεὶ
395 899 465 963 οἵδε
480 891 567 984 ἦσαν
576 896 755 990 Ἐλλήγωη
771 901 1032 988 Λακεδαιμόνιοί
1039 929 1075 972 τε

70 995 127 1061 καὶ
147 990 303 1080 Ἀρκάδες
318 994 440 1073 πάντες
457 998 511 1063 καὶ
528 993 649 1066 Ἠλεῖοι
670 1001 724 1066 καὶ
742 1005 921 1085 Κορίνθιοι
939 1003 993 1068 καὶ
1010 1008 1075 1069 Σι-

71 1092 213 1161 κυάνιοι
227 1096 282 1161 καὶ
294 1090 498 1180 Ἐπιδαύριοι
510 1096 565 1162 καί
577 1096 731 1165 Φλιάσιοι
747 1100 802 1165 καὶ
816 1097 1003 1220 Τροιζήνιοι
1020 1102 1073 1167 καί

19 1142 24 1247 δ
64 1188 263 1278 Ερμιονέες.
287 1182 381 1259 ούτοι
397 1185 498 1277 μὲν
474 1212 595 1279 ησαυο
596 1194 848 1281 [βοηθήσαντες
860 1195 944 1265 κάλ’
926 1221 1075 1286 υπεραρ-

19 1350 26 1373 ,
19 1288 302 1375 ρωδέοντες
263 1315 303 1378 τη
316 1285 446 1357 Ἑλλάδι
457 1291 715 1380 κινδυνευούσῃ,
726 1308 811 1361 τοῖσι
823 1296 859 1362 δὲ
870 1294 1073 1364 άλλοισιΠε-

19 1416 21 1421 ·
70 1392 322 1509 λοποννησίοισι
343 1392 437 1473 ἔμελε
460 1385 569 1458 οὐδέν.
608 1387 826 1475 Ὀλύμπιαδέ
848 1395 901 1459 καὶ
923 1391 1107 1537 Κάρνειαβ

71 1486 276 1575 παροιχώκεε
292 1485 387 1575 ήδηι
844 1534 847 1538 -

157 1586 266 1653 Οίκέει
278 1589 315 1654 δὲ
324 1584 387 1673 τήν
396 1586 660 1673 Πελοπόννησον
670 1593 772 1656 ἔθνεα
784 1589 874 1657 ἑπτά.
894 1589 1024 1658 τούτων
1035 1592 1071 1658 δὲ
1091 1598 1122 1648 72⁴

69 1682 111 1751 τά
125 1685 189 1770 μὲν
199 1684 262 1751 δύο
277 1681 470 1770 αύτόχθονα
481 1685 578 1753 ἐόντα
589 1685 673 1753 κατά
682 1685 796 1773 χάρην
806 1687 938 1774 ίδρυται
952 1693 1019 1755 νῦν
1033 1693 1073 1776 τῇ

70 1785 125 1851 καὶ
140 1781 177 1850 τό
191 1781 295 1851 πάλαι
311 1793 438 1871 οἴκεον,
458 1781 616 1870 Ἀρκάδες
636 1809 671 1850 τε
686 1786 741 1853 καί
755 1784 951 1870 Κυνούριοι.
981 1788 1019 1852 ἐν
1037 1786 1073 1852 δέ

71 1886 173 1959 ἔθνος
185 1878 222 1948 τὸ
234 1878 387 1967 Ἀχαϊκόν
401 1884 438 1949 ἐκ
452 1881 515 1966 μὲν
527 1881 792 1968 Πελοποννήσου
807 1878 869 1949 ούκ
881 1882 1071 1969 ἐξεχώρησε,

72 1982 108 2047 ἐκ
123 1981 237 2065 μέντοι
256 1986 313 2066 τῆς
335 1982 487 2063 ἑωυτῶν,
507 1980 607 2048 οίκέει
625 1982 662 2046 δὲ
678 1977 740 2066 τήν
760 1977 947 2068 ἀλλοτρίην.
977 1978 1017 2048 τά
1036 1980 1072 2047 δὲ

71 2075 171 2147 λοιπά
181 2081 284 2144 ἐθνεα
295 2083 364 2144 τῶν
374 2073 455 2144 ἐπτά
467 2080 604 2163 τέσσερα
621 2075 771 2162 ἐπήλυδά
785 2078 864 2164 ἐστι,
880 2080 1028 2165 Δωριέες
1039 2103 1073 2146 τε

20 2194 26 2205 ’
68 2178 122 2246 καί
130 2178 273 2244 Αἰτωλοὶ
283 2174 502 2262 καὶΔρύοπες
512 2172 726 2259 καλΛήμνιοι.
743 2176 905 2259 Δωριέων
915 2174 978 2260 μὲν
989 2182 1072 2241 πολ-

68 2283 127 2346 λαί
145 2300 181 2344 τε
203 2278 259 2343 καί
278 2273 410 2360 δόκιμοι
432 2272 562 2360 πόλιες,
593 2279 755 2341 Αἰτωλῶν
776 2273 812 2340 δὲ
836 2263 928 2351 Ἠλις
948 2270 1070 2357 μούνη,

69 2377 241 2467 Δρυόπων
255 2376 291 2444 δὲ
306 2372 462 2461 Ἑρμιόνη
478 2400 513 2441 τε
530 2376 585 2441 καὶ
602 2370 713 2458 Ἀσίνη
730 2369 750 2459 ή
764 2368 847 2459 πρὸς
863 2371 1071 2461 Καρδαμύλη

68 2477 108 2564 τῇ
128 2481 324 2562 Λακωνική,
345 2478 506 2559 Λημνίων
523 2473 559 2539 δὲ
577 2476 795 2557 Παρωρεῆται
819 2468 949 2549 πάντες.
983 2472 1016 2536 oc
1035 2466 1071 2535 δέ

69 2573 255 2657 Κυνούριοι
268 2568 471 2656 αὐτόχθονες
486 2568 595 2647 ἐόντες
607 2573 760 2638 δοκέουσι
772 2576 893 2655 μοῦνοι
904 2565 1071 2637 εἶναι”Ιω-

69 2699 140 2757 νες,
162 2674 436 2754 ἐκδεδωρίευνται
452 2669 488 2738 δέ
505 2666 573 2735 ὑπό
593 2694 628 2735 τε
646 2666 804 2753 Ἀργείων
821 2664 999 2755 άρχόμευοι
1016 2670 1072 2735 καὶ

68 2776 129 2840 τοῦ
143 2769 284 2856 χρόνον,
301 2768 411 2845 ἐόντες
422 2765 593 2854 Ὀρνεῆται
608 2770 663 2834 καὶ
674 2772 844 2855 περίοικοι,
871 2768 1009 2835 Τούτων
1022 2761 1071 2837 άν

68 2872 135 2936 τῶν
153 2862 232 2933 ἐπτᾶ
248 2868 378 2932 ἐθνέων
393 2869 429 2933 αδ
442 2866 555 2933 λοιπαὶ
569 2865 691 2951 πόλιες,
706 2864 809 2949 πάρεξ
824 2871 891 2933 τῶν
905 2869 1069 2953 κατέλεξα,

70 2968 106 3035 ἐκ
120 2971 180 3033 τοῦ
195 2965 300 3050 μέσον
315 2966 468 3031 κατέατο
489 2969 519 3031 εί
532 2961 568 3031 δέ
579 2964 764 3081 ἐλερθέρως
779 2966 882 3044 ἔξεστι
900 2988 915 3030 ε
916 2969 1069 3051 πεῖν,
1034 2967 1069 3032 ἐκ

68 3091 128 3133 του
113 3065 246 3150 μέσου
260 3062 437 3150 κατήμενοι
454 3058 646 3149 ἐμήδιζον
624 3082 645 3123 ε

70 3265 125 3334 άτε
139 3267 214 3349 περὶ
230 3270 290 3331 τοῦ
305 3262 429 3343 παντὸς
443 3261 507 3351 ήδη
523 3262 651 3349 δρόμον
656 3230 803 3341 θύοντες
816 3265 871 3330 καί
882 3268 957 3351 τῇσι
971 3267 1070 3349 νηυσὶ

71 3360 132 3430 οὐκ
153 3365 335 3443 ἐλπίζοντες
356 3361 601 3448 ἐλλάμψεσθαι
630 3364 664 3427 οί
649 3363 713 3427 ίδέ
734 3362 771 3428 ἐν
791 3359 999 3444 Σαλαμδιῧι
980 3385 1069 3447 ομως

71 3464 171 3525 ταῦτα
194 3459 449 3545 πυνθανόμενοι
470 3455 659 3545 ιἰρρύδεον,
687 3453 749 3525 ούκ
772 3453 861 3524 οὕτω
882 3457 956 3537 περὶ
975 3460 1068 3536 σφίσι
