2588 3926
213 271 276 334 εεο
591 273 839 332 εεεοοοτι
1280 230 1281 281 ¹

213 429 436 520 ἀπαγορεύων
457 429 559 500 οὐδὲν
573 431 657 518 ἤνυε
673 429 880 517 συμβάλλειν
897 427 960 498 οάττ
974 433 1055 500 ἐῶν·
1084 432 1223 518 έποιησέ

212 556 248 600 τε
259 527 360 610 αὐτὸς
368 531 481 599 τοιάδε
492 528 537 611 ὡς
547 528 611 599 οὐκ
621 526 845 615 άρεστιόμενος
854 542 940 598 τοῖσι
950 530 1123 619 πρήγμασι
1132 543 1219 598 τοῖσι

212 632 250 699 ἐκ
264 633 466 717 Μαρδονίου
478 631 716 717 ποιευμένοισι.
737 634 807 695 τῶν
820 628 1015 717 ἐστρατήγεε
1025 628 1043 700 ὁ
1055 628 1217 719 Ἀρτάβα-

212 734 265 810 ζος
287 724 368 818 (εἶχε
383 728 419 796 δὲ
434 729 582 814 δύναμιν
603 725 667 795 οάτι
681 724 813 814 ὀλίγην,
836 726 921 799 άλλά
935 731 990 797 καὶ
1007 731 1041 809 ἐς
1061 731 1216 817 τέσσερας

209 826 376 917 μυριάδας
384 824 581 915 άνδράπων
593 829 669 915 περὶ
679 825 989 918 ἐωντόν),τοάτους,
999 826 1215 918 ὅκωςὴσυμ-
1280 866 1281 905 ι

211 925 294 1016 βολὴ
311 929 457 1014 ἐγίνετο,
474 919 514 994 εὖ
531 924 783 1012 ἐξεπιστάμενος
799 923 839 994 τά
854 932 969 1014 ἔμελλε
983 926 1214 1016 άποβησεσθαι

210 1025 276 1096 άπὸ
297 1033 355 1114 τῆς
374 1025 496 1113 μάχης,
520 1024 572 1114 ἥτε
588 1028 862 1113 κατηρτισμένος,
887 1033 1111 1114 παραγγείλας
1130 1024 1214 1096 κατὰ
1280 1054 1281 1123 J

211 1123 318 1196 τάυτὸ
333 1128 418 1194 ίέναι
431 1124 559 1205 πάντας
572 1131 612 1215 τῇ
623 1121 668 1195 άν
679 1121 779 1205 αὐτὸς
793 1127 972 1215 ἐξηγέηται,
991 1125 1078 1208 ὅκως
1092 1125 1138 1196 άν
1152 1126 1215 1199 αά-
1280 1140 1281 1153 ’

210 1223 272 1295 τὸν
290 1222 411 1311 ὁρέωσι
427 1226 575 1311 σπουδῆς
593 1230 732 1311 ἔχοντα’
747 1230 851 1294 ταῦτα
872 1230 1096 1313 παραγγείλας
1116 1223 1163 1307 ὡς
1183 1231 1215 1307 ἐς
1280 1224 1281 1285 ί

209 1327 320 1416 μάχην
332 1318 394 1415 ἦγε
414 1328 521 1414 δῆθεν
540 1324 600 1393 τὸν
614 1324 766 1413 στρατόν.
796 1327 985 1413 προτερέων
999 1326 1035 1394 δὲ
1054 1332 1114 1414 τῆς
1130 1325 1215 1397 ὁδοῦ
1280 1292 1281 1343 ἐ

211 1422 282 1513 άρα
296 1427 351 1495 καὶ
368 1423 409 1514 δὴ
422 1425 610 1513 φεύγοντας
624 1422 704 1503 τούς
713 1425 855 1511 Πέρσας.
878 1423 967 1492 οὕτω
978 1421 1019 1512 δὴ
1030 1421 1143 1494 οὐκέτι
1154 1422 1215 1495 τὸν

210 1521 316 1592 αὐτὸν
332 1522 460 1609 κόσμον
479 1527 672 1608 τιατηγέετο,
699 1518 783 1589 άλλά
804 1518 866 1608 τὴν
885 1526 1040 1607 ταχίστην
1062 1520 1214 1609 ἐτρόχαζε

210 1618 348 1708 φεύγων
363 1617 442 1687 οὔτε
462 1621 496 1697 ἐς
514 1617 551 1687 τὸ
573 1618 711 1698 ξάλινου
725 1632 830 1705 τεῖχος
851 1615 929 1686 οὔτε
945 1621 978 1698 ἐς
998 1617 1036 1689 τὸ
1053 1628 1213 1709 Θηβαίων

209 1730 329 1803 τεῖχος,
346 1711 420 1783 άλλ’
438 1717 472 1794 ἐς
485 1717 634 1801 Φωκέας,
647 1716 777 1784 ἐθέλων
788 1713 837 1836 βς
850 1714 985 1801 τάχιστα
1000 1716 1053 1783 ἐπὶ
1066 1713 1127 1784 τὸν
1137 1714 1213 1785 Ἑλ·-

160 1837 194 1893 67
209 1814 400 1902 λη’σποντον
413 1808 605 1881 άπικέσθαι
628 1813 695 1880 Καὶ
706 1804 802 1899 δη
758 1837 853 1880 ουτοι
858 1810 1038 1931 μένταάτη
1048 1811 1209 1895 ἐτράπου

209 1940 263 2002 το,
278 1919 347 1981 τῶν
357 1911 395 1982 δέ
407 1908 520 1980 ἄλλων
529 1907 698 1999 Ἑλλήνων
710 1916 778 1979 τῶν
788 1936 870 1996 μετα
858 1907 1037 1996 βασιλέος
1050 1911 1211 1980 ἐθέλοντα·
1279 1950 1281 1977 ι

210 2014 359 2083 κιόντων
368 2013 509 2082 Βοιωτοὶ
519 2010 725 2098 Ἀθηναίοισι
740 2012 938 2097 ἐμαχέσαντο
949 2034 1073 2096 χρονον
1083 2012 1137 2079 ἐπὶ
1151 2028 1212 2078 συ-
1279 2000 1281 2105 λ

208 2112 300 2199 χυόν.
319 2114 355 2178 οί
366 2107 432 2198 γάρ
449 2113 639 2197 μηδίζοντες
652 2114 720 2176 τῶν
731 2115 899 2275 ίβηβαίων,
915 2099 1008 2176 οὗτοι
1022 2105 1113 2194 εἶχον
1125 2131 1212 2196 προ·
1280 2114 1281 2183 λ

208 2214 339 2296 θνμίην
360 2206 424 2279 οὖν
441 2206 557 2296 ὀλίγην
571 2206 753 2295 μαχόμενοί
770 2232 806 2274 τε
825 2203 934 2275 ιιαλ
895 2231 957 2274 ουκ
972 2208 1213 2276 ἐθελοκακέον-

121 2362 125 2369 -
208 2339 279 2397 τες,
300 2308 390 2378 οὕτω
404 2308 488 2378 ὥστε
501 2308 685 2396 τριηκόσιοι
698 2304 811 2375 αὐτῶν
827 2309 861 2374 οί
874 2312 999 2390 πρῶτοι
1011 2304 1105 2374 nav
1081 2326 1213 2392 αριστοτ

208 2414 358 2480 ἐνθαῦτα
378 2415 498 2478 ἔπεσον
519 2403 585 2474 ὑπὸ
607 2403 811 2493 Ἀθηναίων·
843 2399 887 2482 ὡς
901 2400 938 2470 δὲ
953 2403 1134 2490 ἐτράποντο
1157 2404 1213 2472 καὶ

208 2500 318 2595 οὗτοι,
337 2513 482 2594 ἔφευγον
497 2506 530 2582 ἐς
543 2500 602 2583 τάς
614 2503 744 2591 Θήβας,
761 2499 804 2571 οὐ
817 2507 858 2591 τῇ
871 2524 934 2589 περ
948 2506 983 2570 οί
993 2505 1128 2589 Πέρσαι.
1154 2505 1213 2570 ιιαλ

207 2611 275 2673 τῶν
286 2602 398 2675 ἄλλων
409 2602 592 2690 συμμάχων
606 2599 624 2669 ὁ
637 2608 702 2682 πᾶς
715 2599 830 2688 ὅμιλος
841 2596 918 2669 οὔτε
928 2599 1213 2688 διαμαχεσάμενος

159 2718 195 2773 68
212 2700 326 2771 οὐδενὶ
338 2698 415 2770 οὔτε
429 2726 460 2767 τι
474 2697 718 2786 ἀποδεξάμενος
731 2704 886 2786 ἔφευγον.
908 2707 1020 2794 Δηλολ
1029 2700 1143 2785 τέμοι,
1159 2696 1213 2767 ὅτι

208 2801 317 2869 πάντα
332 2796 372 2868 τά
390 2796 565 2885 πρήγματα
578 2806 646 2868 τῶν
660 2799 842 2887 βαρβάρων
855 2795 976 2888 ἤρτητο
992 2800 1029 2867 ἐκ
1038 2802 1210 2883 Περσέων,

208 2904 239 2968 εί
256 2901 313 2966 καλ
327 2895 403 2965 τότε
423 2889 518 2965 οὗτοι
532 2901 613 2982 πρίν
632 2893 654 2984 ἢ
671 2900 727 2965 καί
746 2901 903 3020 συμμῖξαι
918 2909 1004 2965 τοῖσι
1023 2903 1211 3021 πολεμίοισι

207 2996 416 3087 ἐφευγον,“
396 3022 447 3065 οτι
466 3002 523 3067 καὶ
535 3025 614 3079 τους
629 2997 806 3117 Πέρσας”
772 3023 885 3085 ωρων.
919 2996 1008 3067 οὕτω
1029 3024 1065 3067 τι
1087 2996 1212 3078 πάντες

207 3103 355 3182 ἔφευγον
365 3093 503 3183 πλην
463 3123 521 3183 της
531 3099 637 3166 ιππου
647 3122 705 3185 της
714 3122 750 3165 τε
761 3094 862 3183 αλλης
871 3099 927 3165 καί
935 3103 1105 3183 Βοιωτίης.
1124 3095 1211 3183 αὕτη

208 3197 244 3263 δέ
254 3201 400 3263 τοσαυτα
411 3198 624 3284 προσωφελεε
633 3223 712 3276 τους
723 3201 978 3283 φευγοντας,
979 3203 1037 3265 τε
1046 3193 1131 3285 προς
1141 3221 1212 3266 των

205 3292 418 3377 πολεμίων”
396 3313 536 3412 αγχιστα
555 3298 673 3416 ἐοῦσα,
700 3292 892 3382 άπέργουσά
916 3319 951 3361 τε
970 3290 1051 3375 τους
1075 3300 1216 3381 φιλίους

206 3385 395 3472 φεύγοντας
408 3386 473 3457 άπὸ
490 3397 558 3459 τῶν
572 3384 748 3478 Ἑλληνωυ.
783 3395 828 3460 Ol
844 3391 908 3478 μὲν
924 3388 965 3477 δη
985 3398 1146 3470 νικῶντες
1158 3392 1213 3459 εἵ-

158 3493 192 3545 69
208 3503 310 3545 πολίω
324 3480 404 3560 ¹⁰²⁸>ss
417 3486 545 3573 Ξέρξεω
559 3486 735 3565 διώκοντές
754 3512 790 3556 τε
805 3490 861 3557 καί
875 3487 1097 3573 φονεύοντες,
1117 3487 1158 3555 ἐν
1173 3486 1214 3559 δέ

1276 3706 1281 3908 λ
