2588 3926
362 232 448 287 LIB.
482 231 529 286 IX.
565 228 664 285 GAP.
699 234 840 287 ³1-35.
1039 219 1102 284 305

93 389 243 480 ἡγεμόνα
259 396 328 459 τῶν
344 382 555 475 πολέμων*
541 411 559 454 ο
578 386 615 453 δὲ
630 381 738 472 ὁρέων
751 385 827 471 περὶ
841 390 969 454 πολλοῦ
984 409 1102 454 ποιευ-

94 493 216 578 μένους
236 487 450 575 Σπαρτιήτας
471 491 573 573 φίλον
597 480 703 551 αὐτὸν
723 485 953 569 προσθέσθαι,
978 483 1101 568 μαδιδν

94 594 193 658 τοῦτο
207 583 357 672 άνετίμα,
373 588 547 671 σημαίνων
561 601 633 668 σφι,
650 579 695 660 ὡς
708 577 753 667 ῆν
767 605 827 666 μιν
840 579 1003 668 πολιήτην
1017 587 1100 699 σφέ-

94 710 193 773 τερον
216 683 421 772 ποιήσωνται
446 706 515 748 των
535 680 674 747 πάντων
695 677 942 765 μεταδιδόντες,
970 677 1101 766 ποιήσει

95 792 209 869 ταῦτα,
227 780 282 851 έπ
297 781 386 875 άλλφ
403 778 559 874 μισθῷδ
573 778 624 848 06.
647 786 854 866 Σπαρτιῆται
866 782 902 848 66
913 804 1028 867 πρωτα
1038 784 1101 868 μέν

95 880 301 960 άιιοάσαντες
312 877 407 948 δεινά
422 882 597 949 ἐποιεῦντο
612 881 668 948 καὶ
679 885 834 967 μετίεσαν
843 886 900 967 τῆς
909 880 1102 967 χρησμοσύ-

96 1003 156 1065 νης
169 974 206 1046 τό
222 976 399 1064 παράπαν,
421 980 515 1056 τέλος
530 977 567 1044 66
587 980 739 1064 δείματος
759 976 908 1065 μεγάλου
922 980 1102 1066 ἐπικρεμα-

96 1078 201 1164 μένου
211 1082 449 1163 τοῦΠερσικοῦ
458 1074 831 1162 τοάτουστρατεάματος
842 1082 1018 1145 καταίνεον
1027 1102 1101 1164 μετ-

96 1178 213 1257 ιόντες.
241 1174 260 1245 ὁ
283 1180 320 1246 66
338 1175 444 1264 γνοδς
463 1182 708 1264 τετραμμένους
727 1177 831 1262 σφέας
850 1173 924 1245 066’
943 1173 1032 1245 οὕτω
1054 1180 1101 1243 ἔτι

96 1282 161 1362 ἔφη
176 1272 357 1363 ἀρκέεσθαι
370 1275 519 1344 τοάτοισι
533 1275 707 1360 μούνοισι,
722 1270 806 1342 άλλά
817 1276 906 1343 δέειν
917 1280 964 1344 ἔτι
975 1276 1031 1343 καί
1041 1270 1101 1341 τδν

96 1370 264 1461 άδελφεόν
277 1376 405 1443 ἑωυτοῦ
415 1372 535 1460 Ἡγίην
547 1378 704 1459 γίνεσθαι
716 1372 932 1460 Σπαρτιήτην
949 1375 1002 1441 έπὶ
1015 1384 1102 1441 τοῖσι

96 1470 226 1541 αάτολσι
236 1470 366 1558 λόγοισι
379 1485 464 1541 τοῖσι
476 1472 532 1540 καί
542 1467 643 1549 αὐτὸς
655 1477 789 1557 γίνεται.
817 1477 929 1540 Ταῦτα
943 1472 979 1540 66
990 1472 1098 1558 λέγων
1113 1486 1146 1540 34

97 1562 196 1649 οὗτος
205 1572 355 1658 ἐμιμέετο
366 1570 589 1657 Μελάμποδα,
602 1567 647 1650 ὡς
657 1571 797 1656 εἰκάσαι,
805 1575 989 1659 Ιβασιληίην
999 1596 1035 1640 τε
1045 1572 1101 1641 καὶ

1 1721 2 1732 ,
96 1672 273 1755 πολιτηίην
287 1668 491 1756 αἰτεόμενον.
525 1671 581 1737 καλ
599 1666 665 1755 γάρ
681 1666 721 1755 δή
737 1670 792 1738 καί
807 1670 1016 1756 Μελάμπους
1031 1677 1100 1739 τάν

1 1763 2 1774 ³
97 1769 135 1835 έν
146 1764 262 1853 ’Ἁργετ
273 1773 446 1852 γυναικῶν
460 1768 674 1853 μανεισέων,
685 1764 730 1845 ὥς
744 1793 804 1852 μιν
824 1771 858 1835 oc
873 1763 1013 1854 Ἀργελοι
1028 1770 1099 1853 έμι-

97 1869 246 1930 σδοῦντο
269 1865 305 1930 ἐκ
322 1864 441 1931 Πάλον
460 1871 587 1932 παῦσαι
607 1861 667 1943 ’τάς
682 1871 843 1952 σφετέρας
861 1878 1024 1952 γυναῖκας
1043 1872 1100 1954 τῆς

98 1959 237 2047 νοάσου,
252 1958 381 2048 μισθὸν
390 1968 599 2048 προετείνετο
610 1968 669 2049 τῆς
678 1969 849 2051 βασιληίης
859 1961 896 2031 τὸ
906 1962 1020 2053 ῆμισυ.
1038 1962 1100 2034 οὐκ

1 2095 2 2104 1
97 2056 336 2142 ἀνασχομένων
352 2057 389 2125 66
401 2066 470 2127 τῶν
481 2056 648 2147 Ἀργείων,
666 2056 740 2129 ἀλλ’
755 2057 936 2151 ἀπιόντων,
953 2059 1101 2149 άςέμαί-

96 2177 198 2224 νοντο
210 2161 345 2247 [πολλῷ]
357 2162 499 2237 πλεῦνες
508 2163 577 2225 τῶν
585 2163 768 2244 γυναικῶν,
778 2155 868 2226 οὕτω
878 2155 919 2246 δή
930 2155 1100 2228 ὑποστάν-

96 2278 150 2332 τες
163 2249 204 2321 τά
219 2248 237 2323 ὁ
251 2253 461 2342 Μελάμπους
471 2265 679 2342 προετείνετο
688 2253 788 2342 ήτσαν
799 2255 963 2336 δάσοντές
977 2260 1010 2324 οί
1018 2262 1101 2324 ταῦ-

96 2377 146 2420 τα.
167 2345 235 2420 666
248 2352 398 2420 ἐνθαῦτα
413 2349 454 2439 δή
466 2355 658 2440 έπορέγεται
668 2349 776 2441 ὁρέων
786 2351 1101 2443 αὐτοδςτετραμμέ·
1164 2426 1166 2431 ,

96 2475 196 2539 νους,
217 2447 301 2538 φάς,
322 2446 367 2537 ῆν
386 2449 431 2539 μῆ
451 2455 507 2522 καί
522 2459 568 2545 τῷ
588 2450 740 2545 ἀδελφεῷ
754 2460 871 2524 Βίαντι
884 2460 1049 2543 μεταδῶσι
1062 2453 1099 2524 τὸ

97 2550 312 2638 τριτημόριον
322 2557 380 2636 τῆς
390 2558 578 2641 βασιληίης,
595 2550 637 2621 06
647 2551 800 2641 ποιήσειν
810 2551 850 2621 τά
860 2554 1050 2642 βούλονται.
1068 2559 1102 2624 οί

2 2692 3 2695 =
97 2648 135 2716 66
145 2643 286 2733 Ἀργείοι
297 2644 535 2736 ἀπειληθέντες
545 2653 578 2730 ἐς
589 2649 723 2719 στεινόν
733 2655 945 2722 καταινέουσι
955 2656 1009 2722 καὶ
1019 2659 1100 2721 τοῦ·

95 2769 147 2811 τα.
163 2738 223 2821 Ὦς
237 2741 344 2811 δὲκαὶ
356 2752 580 2837 Σπαρτιῆται,
601 2751 733 2818 ἐδέοντο
746 2746 811 2836 γάρ
831 2753 950 2830 δεινῶς
962 2758 1023 2820 τοῦ
1040 2758 1099 2820 Τι-
1114 2770 1149 2825 35

97 2846 262 2928 σαμενοῦ,
280 2840 389 2910 πάντα
403 2846 615 2933 συνεχώρεόν
629 2851 670 2916 ολ.
693 2848 984 2935 συγχωρησάντων
998 2852 1100 2919 δὲκαὶ

96 2945 201 3009 ταῦτα
217 2946 286 3008 τῶν
299 2949 556 3035 Σπαρτιητέων,
577 2946 666 3017 οὕτω
686 2946 728 3035 δή
743 2950 842 3017 πέντε
858 2967 919 3035 σφι
934 2949 1099 3036 μαντευό-

2 3096 4 3133 ,
96 3061 197 3125 μενος
210 3032 343 3123 άγάνας
355 3037 435 3120 τούς
445 3048 621 3128 μεγίστους
635 3038 848 3128 Τισαμενὸςὸ
860 3038 986 3122 Ἠλείος
1000 3040 1100 3129 γενό-

3 3144 4 3155 ’
96 3162 197 3226 μενος
211 3138 424 3227 Σπαρτιήτης
440 3147 680 3227 συγκαταιρέει.
710 3149 832 3229 μοῦνοι
853 3144 891 3210 66
905 3139 946 3229 δῆ
961 3143 1099 3211 πάντων

97 3233 292 3322 άνθράπων
307 3231 520 3323 ἐγένοντο*
477 3264 572 3307 ουτοι
585 3239 814 3327 Σπαρτιήτησι
830 3245 992 3326 πολιῆται
1016 3245 1052 3309 οί
1061 3240 1098 3309 66

3 3378 4 3429 ,
96 3329 229 3401 πέντε’
209 3339 337 3419 αγάνες
352 3338 423 3405 οἵδε
442 3339 615 3423 έγένοντο·
644 3333 691 3417 εἷς
704 3337 767 3425 μέν
786 3340 842 3406 καὶ
857 3362 986 3423 πρωτος
1001 3329 1096 3418 οὗτος

3 3450 4 3505 3
99 3456 116 3497 ο
103 3427 169 3497 έν
181 3437 382 3522 Πλαταιῆσι,
400 3436 453 3503 έπλ
467 3433 532 3503 66
518 3462 536 3504 ο
552 3437 590 3503 έν
604 3437 707 3524 Τεγέη
720 3432 804 3523 πρὸς
817 3433 980 3520 Τεγεήτας
993 3459 1029 3502 τε
1043 3435 1099 3503 καί

3 3514 7 3745 ῆ
182 3539 281 3580 aunon.
302 3527 334 3582 11
