2566 3934
365 259 449 316 LIB.
481 261 514 315 11.
548 258 647 317 CAP.
679 265 819 323 36-39.
1031 258 1094 325 1³5

80 416 156 486 οὔτε
178 421 427 506 δαπανέονται,
448 415 532 502 ἀλλά
549 418 604 487 καί
628 425 715 488 σιτία
732 424 797 505 σφί
814 415 881 489 ἐστι
896 419 951 511 ίρά
968 420 1093 492 πεσσό-

80 546 181 607 μενα,
203 523 261 589 καί
284 526 399 607 κρεῶν
412 522 521 616 βοέων
536 522 592 588 καὶ
617 524 748 607 χηνέων
768 521 899 609 πλῆθός
918 549 951 591 τι
965 522 1092 615 έκάστφ

79 628 207 710 γίνεται
230 619 363 690 πολλδν
380 623 518 708 ἑκάστης
531 619 672 710 ήμέρης,
693 627 820 692 δίδοται
836 625 877 692 δέ
889 643 951 710 σφι
967 628 1023 694 καὶ
1040 624 1094 694 ,οἶ-

81 748 137 801 νος
149 718 345 808 ἀμπέλινος.
368 721 500 807 ἰχθύων
511 721 548 788 δὲ
559 720 602 788 ού
612 741 673 807 σφι
685 726 789 802 ἔξεστι
802 723 985 809 πάσασθαι.
1008 723 1093 791 κυά-

79 846 164 907 μους
180 820 218 888 δὲ
240 817 319 888 οὔτε
339 846 371 887 τι
384 820 475 906 μάλα
489 826 665 905 σπείρουσι
678 822 858 907 Αίγύπτιοι
880 824 918 890 έν
937 828 979 911 τῇ
992 821 1093 909 χάρη,

79 919 159 997 τούς
172 944 210 986 τε
225 921 431 1004 γενομένους
442 916 520 985 οὔτε
530 917 700 1005 τράγουσι
711 917 789 987 ούτε
800 921 938 1001 ἔδοντες
951 920 1094 987 πατέον-

79 1042 150 1085 ται·
175 1021 212 1085 οί
226 1016 264 1084 δὲ
281 1013 323 1104 δή
338 1018 423 1104 ίρέες
438 1013 518 1084 οὐδὲ
535 1014 689 1104 ὁρέοντες
705 1014 890 1105 ἀνέχονται,
904 1023 1093 1105 νομίζοντες

80 1113 121 1182 ού
136 1115 301 1202 καθαρόν
317 1142 377 1201 μιν
392 1113 478 1182 εἶναι
493 1112 645 1202 ὄσπριον.
679 1120 789 1204 ἐρᾶται
804 1119 851 1185 δὲ
875 1114 938 1186 ούκ
953 1112 999 1196 εἷς
1014 1115 1089 1185 ἐκά-

80 1237 162 1284 στου
176 1222 250 1283 τῶν
264 1223 374 1304 θεῶν,
396 1214 480 1286 ἀλλά
496 1219 614 1285 πολλοὶ
621 1268 631 1302 ,
652 1223 721 1285 τῶν
752 1210 801 1297 εἷς
825 1217 893 1285 ἐστὶ
918 1209 1088 1306 άρχιρεύς·

80 1311 185 1383 ἐπεάν
207 1315 250 1381 δέ
255 1336 316 1392 ’τις
336 1311 513 1406 ἀποθάνῃ,
533 1315 657 1383 τούτου
677 1312 696 1383 ὁ
718 1330 795 1395 ταῖς
816 1312 1089 1386 ἀντικατίσταται.

83 1412 171 1494 Τούς
187 1413 225 1481 δὲ
240 1419 324 1499 βοῦς
334 1410 413 1493 τούς
424 1420 562 1502 ἔρσενας
575 1421 637 1481 τοῦ
648 1412 799 1501 Ἐπάφου
814 1414 898 1483 εἶναι
909 1421 1090 1503 νομίζουσι,
1105 1439 1141 1495 33

80 1516 130 1583 καὶ
153 1513 285 1582 τούτου
309 1515 438 1580 εἵνεκεν
457 1512 673 1598 δοκιμάζουσι
694 1512 818 1593 αύτούς
836 1506 918 1583 άδε·
938 1520 1033 1603 τρίχα
1048 1510 1092 1603 ήν

80 1615 132 1681 καὶ
149 1618 236 1699 μίαν
254 1616 364 1697 ίδηται
384 1615 551 1680 ἐπεοῦσαν
567 1615 746 1702 μέλαιναν,
767 1611 810 1682 οὐ
830 1611 986 1699 καθαρὸν
1006 1612 1091 1683 είναι

81 1717 218 1801 νομίζει,
241 1714 368 1797 δίζηται
382 1711 537 1780 δὲταῦτα
551 1714 604 1780 ἐπὶ
619 1715 727 1805 τούτῳ
743 1715 941 1802 τεταγμένος
957 1721 1026 1782 τῶν
1041 1742 1091 1797 τις

82 1814 181 1899 ἐρέων
198 1809 258 1877 καὶ
280 1807 391 1897 ὀρθοῦ
405 1813 561 1890 ἑστεῶτος
575 1818 637 1881 τού
652 1814 789 1901 κτήνεος
806 1818 861 1883 καὶ
874 1812 1013 1902 ὑπτίου,
1035 1815 1091 1882 καί

82 1910 140 1999 τήν
160 1914 324 1998 γλῶσσαν
348 1909 534 1996 ἐξειρύσας,
559 1917 598 1979 εί
621 1910 753 1999 καθαρὴ
769 1919 838 1979 τῶν
862 1914 1091 2000 προκειμένων

83 2016 247 2097 σημηίων,
262 2003 304 2075 τά
317 2003 382 2094 ἐγά
397 2010 434 2074 ἐν
445 2005 536 2100 ἀλλφ
551 2010 643 2101 λόγῳ
657 2014 747 2098 ἐρέω.
770 2018 896 2102 κατορᾷ
912 2013 948 2079 δὲ
963 2008 1090 2088 καὶτὰς

23 2118 25 2123 ’
84 2117 191 2196 τρίχας
205 2114 266 2193 τῆς
283 2103 404 2193 ούρής,
428 2112 458 2175 εί
472 2105 556 2174 κατὰ
573 2110 680 2195 φύσιν
694 2114 759 2194 ἔχει
776 2115 973 2194 πεφυκυίας.
996 2104 1040 2195 ήν
1054 2109 1091 2176 δὲ

84 2209 211 2275 τούτων
233 2198 410 2292 πάντωνή
430 2204 598 2295 καθαρὸς,
621 2215 815 2294 σημαίνεται
829 2206 945 2298 βύβλῳ
959 2208 1035 2289 περὶ
1049 2201 1090 2272 τά

82 2307 177 2395 τέρεα
197 2309 372 2390 είλίσσων,
395 2306 451 2371 καί
468 2310 598 2372 ἔπειτεν
610 2313 676 2392 γῆν
686 2310 891 2394 σημαντρίδα
908 2304 1090 2383 ἐπιπλάσας

82 2405 254 2495 ἐπιβάλλει
270 2400 332 2471 τὸν
346 2402 543 2471 δακτύλιον·
566 2408 621 2473 καί
637 2403 726 2473 οὕτω
743 2402 919 2492 ἀπάγουσι.
938 2399 1090 2492 ἀσήμαν-

81 2530 137 2572 τον
153 2502 194 2571 δέ
210 2500 363 2571 θύσαντι
378 2501 529 2579 θάνατος
542 2497 563 2587 ή
578 2505 672 2585 ζημίη
687 2500 858 2570 ἐπικέεται.
882 2503 1089 2589 δοκιμάζεται

81 2605 140 2688 μέν
161 2627 231 2669 νυν
254 2598 291 2667 ιδ
313 2606 434 2687 κτῆνος
455 2600 575 2691 τρόπω
593 2601 727 2686 τοιῷδε,
759 2606 863 2686 θυσίη
886 2604 926 2669 δέ
945 2622 1006 2689 σφι
1029 2600 1090 2690 ἥδε

80 2703 277 2785 κατέστηκε·
295 2696 479 2785 ἀγαγόντες
489 2695 527 2765 τὸ
539 2698 792 2783 σεσημασμένον
802 2705 921 2783 κτῆνος
930 2697 1014 2788 πρὸς
1024 2697 1084 2769 τόυ
1100 2714 1136 2771 39

81 2796 208 2888 βωμὸν,
225 2795 311 2866 ὅκου
325 2792 370 2864 άν
384 2798 507 2883 θύωσι,
525 2801 593 2882 πῦρ
609 2792 820 2882 ἀνακαίουσι,
840 2801 968 2867 ἔπειτεν
982 2802 1018 2869 δὲ
1033 2799 1086 2870 ἐπ’

82 2896 186 2965 αύτού
203 2892 302 2963 οίνον
322 2892 406 2964 κατά
429 2902 492 2962 τοῦ
507 2899 619 2980 ίρηίου
640 2896 887 2974 ἐπισπείσαντες
901 2900 957 2966 καὶ
971 2899 1088 2967 ἐπικα-

82 2999 236 3073 λέσαντες
247 2992 309 3061 τόν
319 2992 407 3063 θεὸν
417 2994 593 3080 σφάζουσι,
608 2990 793 3080 σφάξαντες
807 2992 843 3061 δδ
857 2990 1088 3085 ἀποτάμνουσι

82 3091 140 3181 τήν
154 3093 321 3179 κεφαλήν.
356 3099 451 3179 σῶμα
467 3090 529 3178 μέν
546 3088 587 3179 δή
608 3098 669 3159 τοῦ
689 3091 827 3179 κτήνεος
845 3097 1002 3184 δείρουσι,
1031 3123 1088 3166 κε-

83 3202 169 3284 φαλή
181 3196 221 3263 δέ
233 3196 345 3283 ἐκείνη
357 3192 464 3260 πολλὰ
474 3192 739 3279 καταρησάμενοι
756 3193 912 3281 φέρουσι,
927 3210 1012 3263 τοῖσι
1026 3198 1088 3282 μὲν

84 3288 123 3359 ἀν
144 3287 168 3382 ή
189 3288 298 3378 ἀγορή
316 3292 373 3359 καί
388 3288 546 3379 Ἕλληνές
566 3311 627 3377 σφι
651 3297 730 3360 ἐωσι
750 3292 917 3380 ἐπιδήμιοι
938 3299 1087 3382 ἔμποροι,

85 3399 116 3462 οί
126 3395 188 3481 μὲν
203 3394 365 3480 φέροντες
380 3395 414 3472 ἐς
429 3389 493 3480 τήν
509 3389 639 3480 ἀγορήν
655 3390 714 3461 ἀπ’
733 3386 782 3462 άν
799 3397 933 3474 ἔδοντο,
953 3399 1037 3453 τοῖσι
1051 3390 1089 3454 δὲ

86 3485 126 3558 ἀν
139 3489 183 3579 μή
198 3494 349 3580 παρέωσι
355 3489 531 3580 Ἕλληνες,
550 3495 583 3560 οἱ
598 3489 630 3559 δ’
651 3490 850 3578 ἐκβάλλουσι
865 3487 899 3560 ές
911 3479 972 3548 τὸν
985 3500 1087 3545 ποτα·
