2606 3930
225 257 288 328 308
595 265 847 328 HERODO'I'I

222 432 340 515 ἔλεγον
359 424 424 515 ηάρ
440 421 484 496 ἀυ
504 429 559 497 καλ
574 428 730 515 Σκύθαι,
753 424 798 508 ώς
814 430 890 517 περὶ
912 434 981 498 τών
1000 428 1224 520 μουυοφθάλ-

221 552 296 612 μων
310 531 453 613 λέγουσι.
478 524 552 598 ἀλλ’
570 524 716 617 Ἡσιόδφ
737 529 800 613 μέν
820 528 889 595 έστι
902 531 979 615 περὶ
1015 525 1224 617 Ὑπερβορέω

223 628 395 714 εἰρημένα,
417 632 484 695 ἔστι
506 623 543 694 δὲ
564 629 620 694 καί
633 624 766 717 Ὁμήρῳ
787 624 1056 713 ένἘπιηόνοισι,
1078 632 1109 695 εί
1121 623 1162 714 δὴ
1177 631 1224 716 τῷ

171 737 204 791 33
225 726 313 794 ἐόντι
329 723 518 813 γε”Ομηρος
531 732 636 793 ταῦτα
654 722 696 793 τά
719 730 799 793 έπεα
819 727 961 811 ἐποίησε.
1005 730 1127 814 Πυλλςδ
1141 726 1182 792 δέ
1192 750 1223 792 τι

224 832 360 893 πλείστα
375 826 450 910 περὶ
465 821 578 895 αὐτόν
594 824 714 912 Δήλιοι
730 825 882 910 λέγουσι,
898 822 1043 910 φώμευοι
1059 819 1114 905 ίρά
1129 822 1224 889 ένδε-

225 927 346 1009 δεμένα
357 925 394 991 έν
404 923 536 1012 καλάμῃ
547 930 666 1008 πυρώυ
680 926 713 1004 ἐξ
722 919 952 1010 Ὑπερβορέων
962 921 1133 1010 φερόμενα
1143 916 1223 988 ἀπα

223 1023 382 1090 κνέεσθαι
397 1023 431 1101 ές
445 1023 606 1110 Σκύθας,
628 1020 693 1090 ἀπὸ
709 1023 746 1090 δὲ
759 1025 928 1092 Σκυθέων
942 1020 1006 1110 ἤδη
1021 1024 1222 1108 δεκομένους

223 1120 286 1187 αίελ
299 1116 380 1198 τούς
393 1120 644 1209 πλησιοχώρους
658 1122 817 1202 ἑκάστους
827 1128 974 1210 κομίζειν
987 1118 1072 1191 αύτά
1086 1119 1123 1190 τὰ
1137 1118 1222 1206 πρός

223 1219 361 1304 ἑσπέρης
384 1220 552 1289 ἑκαστάτω
573 1222 625 1288 ἐπὶ
646 1216 708 1286 τόν
719 1217 869 1309 Ἀδρίην,
896 1224 1059 1290 ἐνθεῦτεν
1078 1220 1116 1288 ab
1137 1215 1221 1306 πρὸς

222 1321 431 1404 μεσαμβρίην
450 1319 713 1408 προπεμπόμενα
734 1321 888 1408 πρώτους
904 1327 1132 1400 Δωδωναίους
1146 1316 1221 1388 Ἑλ-

222 1415 335 1503 λήνων
355 1421 528 1507 δέκεσθαι,
551 1416 617 1488 ἀπό
641 1422 678 1489 δὲ
699 1421 830 1490 τούτων
853 1429 1068 1511 καταβαίνειν
1087 1423 1140 1490 ἐπὶ
1160 1417 1221 1489 τὸν

223 1518 356 1599 Μηλιέα
378 1515 506 1585 κόλπον
526 1520 582 1587 καὶ
603 1518 867 1607 διαπορεύεσθαι
883 1522 917 1600 ές
931 1518 1098 1608 Εὔβοιαν,
1119 1519 1220 1589 πόλιν

220 1640 256 1682 τε
269 1616 303 1692 ές
317 1615 417 1684 πόλιν
431 1619 574 1705 πέμπειν
588 1623 683 1708 μέχρι
693 1620 891 1710 Καρύστου,
912 1617 950 1689 τό
966 1617 998 1689 δ’
1016 1616 1083 1688 ἀπὸ
1098 1618 1220 1705 ταύτης

221 1717 367 1785 ἐκλιπεῖν
383 1714 545 1807 Ἄνδρον·
566 1728 777 1810 Καρυστίους
790 1718 856 1811 γὰρ
874 1718 959 1790 εἶναι
972 1716 1052 1800 τούς
1065 1725 1216 1807 κομίζον-
1287 1722 1288 1739 ³

219 1843 278 1896 τας
293 1818 325 1897 ές
343 1824 469 1906 Τῆνον,
495 1827 637 1910 Τηνίους
658 1822 695 1893 δλ
716 1824 749 1902 ές
765 1827 891 1908 Δῆλον.
921 1818 1139 1891 ἀπικνέεσθαι
1156 1823 1219 1906 μέν

219 1940 286 1985 νυν
298 1923 403 1985 ταῦτα
421 1915 464 1987 4τά
485 1918 541 2004 ίρά
562 1919 651 1990 οὕτω
671 1925 807 2009 λέγουσι
827 1921 860 2000 ές
875 1926 1008 2010 Δῆλον,
1029 1925 1162 2009 πρώτον
1181 1917 1217 1986 δδ

218 2012 297 2096 τούς
307 2013 546 2106 Ὑπερβορέους
556 2023 683 2108 πέμψαι
699 2019 869 2109 φερούσας
883 2016 926 2087 τά
936 2015 993 2107 ίρά
1004 2018 1066 2089 δύο
1081 2017 1216 2104 κούρας,

217 2114 277 2196 τάς
294 2114 518 2205 οόνομάζουσι
534 2121 656 2208 Δήλιοι
677 2119 762 2190 εἶναι
773 2118 956 2208 Ὑπερόχην
969 2145 1006 2188 τε
1025 2120 1081 2188 καὶ
1093 2121 1218 2188 Λαοδί-

217 2241 298 2303 κην·
330 2216 400 2303 ἅμα
426 2217 462 2287 δὲ
488 2216 607 2311 αότησι
632 2217 815 2309 ἀσφαλείης
837 2223 966 2289 εἵνεκεν
988 2222 1115 2307 πέμψαι
1138 2213 1217 2294 τούς

211 2312 452 2405 ’Ὑπερβορέους
472 2324 540 2387 τών
560 2317 671 2390 ἀστών
692 2320 817 2410 ἀνδρας
844 2323 943 2390 πέντε
962 2314 1117 2406 πομποάς
1136 2314 1218 2384 τού-
1286 2324 1287 2369 ἓ

216 2441 312 2502 τους,
334 2422 369 2485 οί
387 2423 452 2484 νῦν
465 2423 654 2508 Περφερέες
675 2425 868 2507 καλέονται,
888 2416 986 2505 τιμάς
1008 2416 1157 2505 μεγάλας
1179 2417 1217 2484 ἕν

216 2513 319 2606 Δηλφ
334 2520 471 2602 ἔχοντες.
506 2523 578 2592 ἐπεὶ
612 2522 650 2590 δὲ
679 2534 764 2590 τοῖσι
772 2518 1017 2608 ’Ὑπερβορέοισι
1037 2512 1117 2595 τούς
1131 2513 1217 2584 &²¹0-

217 2622 433 2701 πεμφθέντας
447 2612 553 2687 όπίσω
564 2615 627 2689 οάκ
638 2617 866 2707 ἀπονοστέειν,
878 2613 972 2688 δεινὰ
983 2617 1215 2703 ποιευμένους,

217 2721 252 2781 εί
261 2734 365 2801 σφεας
380 2719 442 2786 αἰεί
457 2718 704 2806 καταλάμψεται
720 2717 983 2795 ἀποστέλλοντας
996 2710 1040 2803 μὴ
1055 2710 1218 2782 ἀποδέκε-

216 2820 315 2898 σθαι,
336 2812 424 2881 οότω
440 2814 480 2904 δὴ
497 2820 662 2906 φέροντας
677 2821 710 2900 ές
723 2816 803 2899 τούς
817 2816 940 2905 οὔρους
955 2812 996 2884 τά
1012 2809 1069 2903 ίρά
1084 2815 1217 2882 ένδεδε-

215 2911 300 2995 μένα
317 2912 354 2978 έν
367 2921 486 2999 πυρῶν
506 2917 638 3008 κωλύμη
652 2932 721 2998 τοῖς
741 2915 983 3005 πλησιοχώροις
1002 2913 1215 3002 ἐπισκήπτειν

214 3005 412 3089 κελεύοντας
423 3019 633 3103 προπέμπειν
643 3012 730 3104 σφέα
741 3012 807 3084 ἀπό
820 3016 955 3084 ἑωυτῶν
966 3016 999 3092 ές
1009 3010 1092 3082 ἀλλο
1103 3017 1212 3088 ἑθυος.

213 3108 269 3175 καὶ
283 3112 387 3175 ταῦτα
396 3111 459 3197 μὲν
471 3110 559 3183 οὕτω
570 3114 833 3205 προπεμπόμενα
849 3110 1070 3183 ἀπικνέεσθαι
1081 3111 1213 3197 λέγουσι

213 3208 247 3284 ές
260 3212 394 3294 Δῆλον·
418 3208 492 3280 ολδα
505 3213 542 3283 δὲ
557 3213 657 3297 αότός
670 3217 818 3286 τούτοισι
831 3228 917 3285 τοῖσι
931 3218 1033 3302 ίροϊσι
1045 3212 1123 3280 τόδε
1137 3232 1213 3278 ποι-

214 3304 359 3393 εύμενον
379 3310 583 3400 προσφερὲς,
610 3311 670 3394 τὰς
689 3321 848 3403 Θρηικίας
872 3315 927 3383 καὶ
952 3309 1012 3391 τάς
1030 3312 1213 3386 Παιονίδας
1284 3384 1285 3389 1

211 3417 390 3492 γυναῖκας,
413 3405 516 3475 έπεάυ
528 3410 641 3482 θύωσι
655 3420 696 3502 τῇ
713 3411 876 3502 Ἀρτέμιδι
894 3417 935 3502 τῇ
953 3411 1128 3499 βασιλείη,
1150 3402 1212 3474 οάκ
1284 3432 1285 3493 j

165 3507 200 3569 δέ
215 3497 297 3575 ἀνευ
308 3510 427 3593 πυρόν
436 3504 585 3601 καλάμης
592 3507 754 3598 ἑρδούσας
764 3509 805 3585 τά
819 3510 885 3607 ίρά.
908 3510 964 3582 καὶ
978 3505 1155 3601 ταῦταμὲν
1169 3507 1210 3603 δη
