2606 3920
207 217 269 285 192
584 224 837 282 HERODOTI

208 382 297 476 ἀλλμ
317 385 354 453 δὲ
370 383 565 471 παρήσομεν
585 380 699 450 οὐδενὶ
720 381 927 469 ναυαρχέειν.
953 380 1064 468 μότην
1082 376 1150 466 γὰρ
1171 376 1218 446 ἀν

209 473 274 550 όδε
283 480 438 568 πάραλον
445 478 615 568 Ἑλλήνων
628 477 771 567 στρατόν
783 486 940 548 πλείστου
950 488 1064 566 είημεν
1075 481 1217 564 ἐκτημέ-

207 606 272 666 νοι,
287 585 318 648 εί
324 584 566 667 Συρηκοσίοισι
577 577 689 657 ἐόντες
699 576 872 665 Ἀθηναίω
883 576 1144 665 συγχωρήσομεν
1154 582 1216 660 τῆς

206 676 403 768 ἡγεμονίης,
418 676 639 768 ἀρχαιότατον
655 678 717 766 μὲν
731 684 833 757 ἐθνος
843 677 1075 764 παρεχόμενοι,
1089 683 1216 763 μοῦνοι

208 779 245 848 δέ
265 778 376 856 ἐόντες
394 776 436 847 οῦ
456 778 657 865 μετανάσται
672 775 858 865 Ἑλλήνων,
878 781 947 843 τῶν
960 776 1015 843 καὶ
1027 772 1173 862 Ὅμηρος
1194 770 1213 843 ὁ
1282 802 1286 807 ·

208 873 366 955 ἐποποιός
379 873 486 964 ἀνδρα
498 874 636 963 ἄριστον
650 881 755 963 ἔφησε
764 878 798 955 ἐς
807 873 908 945 Ἴλιον
922 873 1102 943 ἀπικέσθαι
1115 873 1213 953 τάξαι

207 999 244 1042 τε
261 975 317 1042 καί
330 977 552 1061 διακοσμῆσαι
562 975 715 1062 στρατόν.
738 971 828 1041 οῦτοι
839 970 902 1042 οῦκ
913 970 1042 1052 ὄνειδος
1051 968 1133 1061 ήμίν
1143 972 1213 1039 ἐστὶ

142 1088 193 1144 102
207 1069 308 1140 οῦδέν
330 1075 441 1158 λέγειν
462 1079 576 1141 ταῦτα.
615 1070 781 1160 Ἀμείβετο
802 1074 918 1141 Γέλων
938 1074 1077 1141 τοισίδε·
1114 1074 1212 1149 aava

204 1167 378 1257 Ἀθηναῖε,
395 1166 490 1256 ῦμεῐς
506 1180 618 1240 οίκατε
633 1169 712 1250 τοῦς
723 1170 785 1257 μέν
796 1169 957 1256 ἀρχοντας
970 1175 1068 1257 ἔχειν,
1082 1158 1213 1249 τοῦςδέ

208 1265 413 1355 ἀρξομένους
428 1266 491 1338 οῦκ
505 1270 600 1351 ἕξειν.
629 1271 699 1339 ἐπεὶ
712 1275 829 1338 τοίνυν
843 1264 944 1337 οὐδέν
956 1265 1109 1347 ὑπιέντες
1123 1272 1212 1354 ἐχειν

207 1363 245 1435 τδ
267 1373 336 1434 πῦν
355 1369 504 1454 ἐθέλετε,
525 1365 590 1437 οῦκ
608 1363 653 1436 ἀν
668 1369 833 1454 φθάνοιτε
852 1364 915 1454 τήν
929 1371 1084 1453 ταχίστην
1102 1362 1211 1435 ὀπίσω

208 1462 498 1549 ἀπαλλασσόμενοι
511 1468 567 1535 καὶ
580 1463 795 1553 ἀγγέλλοντες
811 1472 851 1555 τή
859 1461 1008 1550 Ἑλλάδι,
1030 1462 1082 1534 ὅτι
1096 1467 1134 1534 ἐκ
1149 1471 1211 1532 τοῦ

207 1564 365 1630 ἐνιαυτοῦ
375 1558 412 1629 τό
425 1568 484 1649 ἔαρ
496 1561 581 1654 αὐτῇ
591 1567 808 1651 ἐξαραίρηται.
825 1556 934 1642 Οὗτος
945 1564 981 1631 δὲ
991 1560 1010 1632 ὁ
1021 1561 1100 1642 νόος
1109 1568 1212 1632 τοῦδε

206 1666 268 1728 τοῦ
282 1658 444 1747 βήματος,
457 1657 496 1729 τό
511 1664 620 1730 ἐθέλει
634 1667 761 1748 λέγειν·
783 1666 866 1749 δῆλα
877 1658 953 1749 γάρ,
969 1658 1014 1741 ὡς
1028 1663 1067 1729 ἐν
1077 1666 1124 1752 τῷ
1139 1663 1212 1728 ἐνι-

206 1764 298 1848 αυτςῦ
318 1759 386 1826 ἐστὶ
407 1754 445 1825 τό
467 1763 526 1848 ἐαρ
548 1761 793 1847 δοκιμώτατον,
821 1765 879 1847 τῆς
899 1759 935 1828 δέ
956 1766 1024 1828 τόν
1042 1756 1211 1847 Ἑλλήνων

207 1860 361 1943 στρατιῆς
380 1852 443 1942 τήν
462 1861 589 1927 ἐωυτοῦ
604 1859 771 1947 στρατιήν.
790 1861 1063 1947 στερισκομένην
1083 1851 1133 1928 οἶιν
1147 1857 1202 1945 τήι

202 1949 343 2022 Ἑλλάδα
357 1960 414 2043 τῆς
429 1957 557 2025 ἑωυτοῦ
568 1963 752 2044 συμμαχίης
763 1962 869 2037 εἴκαζε
884 1954 928 2036 ἀς
944 1963 974 2025 εί
981 1954 1019 2026 τό
1030 1960 1089 2043 ἐαρ
1099 1959 1137 2026 ἐκ
1147 1964 1209 2027 τοῦ

204 2051 363 2120 ἐνιαυτοῦ
377 2055 637 2143 ἐξαραιρημένον
654 2065 714 2142 είη.

139 2162 191 2220 Ιδδ
290 2155 336 2219 Οί
349 2153 412 2237 μὲν
433 2150 474 2240 δή
491 2161 559 2221 τῶν
576 2151 746 2240 Ἑλλήνων
762 2150 897 2240 ἀγγελοι
916 2160 1061 2223 τοσαῦτα
1081 2160 1128 2245 τῷ
1143 2159 1207 2223 Γέ-
1232 2177 1237 2185 ·

204 2255 287 2316 λωνι
306 2253 588 2337 χρηματισάμενοι
608 2250 803 2338 ἀπέπλωον,
823 2255 939 2321 Γέλων
956 2253 993 2322 δὲ
1006 2250 1090 2339 πρὸς
1103 2260 1208 2321 ταῦτα

204 2348 314 2422 δείσας
327 2345 390 2430 μέν
404 2350 480 2433 περὶ
491 2362 576 2416 τοίσι
582 2346 733 2435 Ἕλλησι,
751 2345 796 2435 μή
811 2346 854 2418 οῦ
868 2350 1036 2419 δύνωνται
1046 2349 1107 2419 τδν
1121 2347 1209 2436 βόρ-

202 2448 310 2530 βαρον
324 2438 586 2532 ὑπερβαλέσθαι,
602 2443 717 2514 δεινόν
729 2446 766 2515 δέ
775 2449 831 2517 καὶ
843 2447 905 2517 οῦκ
918 2446 1101 2534 ἀνασχετὸν
1108 2471 1208 2532 ποιη-

202 2537 347 2627 σόμενος
363 2538 475 2611 ἐλθόν
494 2546 528 2623 ἐς
542 2545 806 2633 Πελοπόννησον
827 2545 989 2634 ἀρχεσθαι
1011 2542 1079 2615 ὑπὸ
1096 2552 1208 2614 Λακε-

201 2645 386 2727 δαιμονίων
401 2640 466 2712 ἐόν
477 2652 634 2734 Σικελίης
642 2646 826 2735 τύραννος,
839 2647 966 2734 ταύτην
976 2650 1039 2734 μέν
1050 2640 1114 2733 τήν
1124 2642 1207 2715 ὁδὸν

199 2737 360 2829 ήμέλησε,
372 2737 391 2809 ὁ
405 2745 443 2812 δὲ
453 2741 554 2831 ἀλλης
568 2753 688 2831 είχετο·
712 2750 786 2815 ἐπεί
792 2772 828 2815 τε
837 2743 903 2833 γὰρ
914 2745 1049 2833 τάχιστα
1060 2744 1206 2814 ἐπόθετο

200 2835 262 2905 τόν
273 2842 410 2927 Πέρσην
420 2844 642 2930 διαβεβηκότα
654 2840 716 2913 τόν
725 2842 980 2933 Ἑλλήσποντον,
992 2844 1113 2930 πέμπει
1124 2866 1206 2911 πεν-

201 2941 429 3025 τηκοντέροισι
441 2944 529 3029 τρισὶ
545 2942 687 3031 Κάδμον
701 2942 763 3014 τόν
773 2946 923 3014 Σκύθεω
936 2942 1044 3032 ἀνδρα
1057 2949 1160 3034 Κῷον
1173 2944 1208 3022 ἐς

200 3034 369 3125 Δελφοῦς,
382 3044 497 3124 ἔχοντα
507 3038 658 3128 χρήματα
670 3040 778 3114 πολλά
788 3044 845 3114 καὶ
855 3050 988 3130 φιλίους
998 3041 1133 3128 λόγους,
1144 3067 1207 3110 κα-

200 3134 431 3221 ραδοκήσοντα
445 3135 508 3225 τήν
521 3139 631 3228 μα’χην
644 3151 684 3232 τῇ
695 3149 867 3231 πεσέεται,
882 3147 938 3213 καί
950 3140 994 3232 ήν
1008 3143 1070 3230 μέν
1086 3140 1105 3213 ὁ
1119 3142 1207 3231 βόρ-

199 3240 304 3320 βαρος
317 3237 412 3321 νικᾷ,
427 3233 518 3304 τότε
531 3238 682 3324 χρήματα
698 3239 789 3333 αῦτβ
806 3240 938 3310 διδόναι
951 3242 1008 3310 καί
1017 3247 1084 3329 γῆν
1100 3266 1136 3310 τε
1150 3243 1207 3310 καί

199 3329 292 3417 ὕδωρ
307 3336 376 3398 τῶν
387 3327 480 3418 ἄρχει
490 3332 509 3401 δ
520 3341 645 3423 Γέλων,
660 3334 706 3424 ἦν
722 3339 760 3410 δέ
773 3347 808 3411 οί
814 3339 981 3429 Ἕλληνες,
998 3338 1105 3411 ὀπίσω
1116 3337 1206 3409 ἀποί-

133 3441 183 3495 164
197 3451 279 3511 γειν.
310 3424 347 3495 ‘O
363 3431 400 3496 δέ
414 3431 551 3517 Κάδμος
567 3428 666 3515 οὗτος
686 3440 853 3527 πρότερον
869 3439 1000 3508 τούτων
1013 3441 1209 3527 παραδεξό-
