2566 3934
345 255 431 318 ΗΒ.
463 258 496 318 11.
533 256 630 318 cAP.
664 264 806 327 92-95.
1015 256 1075 324 161

70 416 203 508 ἄρχεται
217 424 435 505 πίμπλασθαι
449 423 645 507 διηθέοντος
664 427 726 488 τοῦ
746 417 868 501 ύθατος
881 423 918 491 ἐκ
937 429 999 493 τού
1012 446 1077 492 πο-

71 523 194 604 ταμοῦ·
218 517 278 585 καὶ
294 514 418 595 ,αὐτίκα
435 545 471 587 τε
491 521 574 588 πλέα
592 524 720 604 γίνεται
742 524 863 605 ταῦτα,
891 523 947 591 καὶ
966 546 1076 606 παρα-

73 624 179 704 χρῆμα
209 617 345 704 ίχθύων
368 626 520 708 σμικρῶν
543 625 727 706 πίμπλαται
742 610 872 689 πάντα.
913 623 1020 692 κόθεν
1039 622 1075 692 θλ

74 713 164 794 οίκός
195 710 324 792 αύτούς
354 721 526 803 γίνεσθαι,
558 716 625 803 έγύ
658 741 715 802 μοι
749 720 855 786 δοκέω
884 722 1077 795 κατανοέειν

72 818 189 881 τοῦτο·
219 817 283 879 τοῦ
303 816 468 901 προτέρου
489 820 578 893 ἔτεος
604 806 707 883 έπεάν
731 812 876 904 ἀπολίπῃ
900 814 918 885 ὁ
944 825 1076 902 Νεῖλος,

73 913 106 978 οί
118 907 239 995 ἰχθύες
261 913 296 976 oc
314 911 505 991 ἐντεκόντες
519 908 567 1003 ρόά
588 914 622 990 ές
634 908 697 997 τὴν
710 910 788 981 ίλάν
803 911 872 999 ἀμα
885 921 932 1006 τῷ
953 915 1077 1005 έσχάτφ

71 1005 175 1076 ἀθατι
190 1004 481 1078 ἀπαλλάσσονται·
503 1007 606 1078 έπεάν
621 1009 658 1077 δὲ
671 1011 909 1097 περιελθόντος
922 1019 984 1081 τοῦ
995 1013 1077 1101 χρό-

72 1135 138 1177 νου
153 1108 259 1177 πάλιν
273 1110 397 1196 έπέλθη
410 1106 448 1176 τὸ
460 1107 564 1199 ὕδωρ,
585 1112 702 1179 ἐκτῶν
713 1107 788 1202 φῶν
799 1112 929 1181 τούτων
942 1137 1076 1202 παραυ-

70 1218 148 1280 τίκα
162 1216 315 1297 γίνονται
330 1214 364 1278 οί
374 1210 498 1297 ίχθύες.
542 1213 598 1280 καί
618 1213 694 1297 περὶ
714 1209 775 1296 μὲν
794 1208 873 1291 τούς
892 1217 990 1299 ἰχθῦς
1014 1212 1076 1282 ού-

70 1334 116 1377 τω
133 1313 210 1397 έχει.
379 1326 385 1331 ’

133 1402 326 1493 ’Ἄλείφατι
345 1406 381 1476 δέ
400 1410 554 1497 χρέονται
576 1413 772 1496 Αἰγυπτίων
792 1413 826 1478 οί
841 1411 918 1499 περὶ
937 1408 977 1480 τά
1000 1412 1075 1479 ἕλεα
1089 1443 1122 1498 94
1145 1448 1151 1455 ·

73 1508 242 1585 οἰκέοντες
261 1502 327 1575 ἀπό
348 1515 417 1577 τῶν
435 1515 678 1596 σιλλικυπρίων
695 1515 759 1577 τοῦ
779 1517 927 1598 καρποῦ,
956 1506 994 1578 τό
1008 1536 1075 1578 κα·

72 1616 170 1678 λεῦσι
184 1607 249 1692 μὲν
263 1607 441 1689 Αἰγύπτιοι
456 1616 535 1692 κίκι,
554 1616 688 1679 ποιεῦσι
703 1610 739 1678 δέ
754 1602 834 1678 ύθε·
848 1607 938 1696 παρά
952 1606 993 1678 τά
1007 1616 1076 1698 χεί·

70 1712 127 1776 λεα
146 1708 218 1773 τοῖν
242 1729 279 1772 τε
304 1709 464 1792 ποταμῶν
488 1705 546 1773 καὶ
570 1709 640 1774 τάν
665 1707 808 1794 λιμνέων
834 1715 1011 1797 σπείρουσι
1035 1706 1077 1777 τά

71 1803 284 1894 σιλλικύπρια
309 1811 432 1892 ταῦτα,
458 1802 499 1874 τά
526 1808 564 1876 όν
587 1805 721 1896 Ἕλλησι
747 1804 915 1898 αὐτόματα
941 1809 1075 1897 φύεται·

72 1913 176 1975 ταῦτα
196 1908 236 1976 έν
257 1912 298 1996 τῇ
317 1908 477 2001 Αίγύπτφ
499 1911 703 1997 σπειρόμενα
723 1909 853 1998 καρπόν
872 1912 967 1997 φέρει
988 1916 1072 1977 πολ-

72 2002 131 2074 λόν
151 2007 233 2092 μὲν,
263 2006 416 2074 όνσύθεα
436 2009 488 2075 δέ·
513 2012 635 2075 τοῦτον
655 2004 758 2076 ἐπεάν
778 2011 1016 2093 συλλέξωνται,
1042 2014 1075 2077 oc

70 2109 132 2190 μὲν
145 2103 313 2185 κόψαντες
329 2102 507 2192 ἀπιποῦσι,
531 2109 564 2174 οἱ
577 2106 613 2174 δέ
626 2107 683 2175 καὶ
696 2107 882 2193 φρύξαντες
896 2103 1072 2191 ἀπέψουσι,

70 2204 124 2271 καὶ
138 2197 177 2270 τό
191 2197 363 2290 ἀπορρέον
377 2200 436 2271 ἀπ’
452 2201 558 2272 αύτοῦ
572 2210 835 2293 συγκομίζονται.
865 2209 933 2275 ἔστι
948 2207 984 2272 δέ
995 2217 1073 2271 πλον

68 2302 123 2370 καὶ
138 2297 245 2370 οὐδὲν
262 2302 361 2370 ἕσσον
376 2308 438 2370 τοῦ
453 2304 567 2372 ἐλαίου
582 2310 629 2396 τῷ
643 2305 755 2397 λύχνφ
768 2307 948 2391 προσηνές,
966 2297 1073 2388 ὀδμὴν

67 2400 105 2469 δὲ
123 2400 258 2490 βαρέαν
278 2407 460 2490 παρέχωσι.
502 2401 596 2494 Πρός
618 2406 655 2474 δὲ
674 2403 753 2485 τούς
773 2405 936 2486 κύνωπας
957 2402 1072 2492 ἀφθό·
1089 2436 1122 2491 95

66 2524 152 2580 νους
167 2495 286 2578 ἐόντας
301 2499 379 2569 τάθε
393 2507 458 2588 σφί
476 2503 544 2571 έστι
559 2505 823 2591 μεμηχανημένα.
860 2500 940 2582 τούς
956 2502 1018 2589 μὲν
1031 2498 1071 2570 τά

65 2596 140 2667 ἀνω
157 2603 230 2665 τῶν
244 2599 346 2666 ἑλέων
360 2603 529 2681 οἰκέοντας
543 2605 578 2669 οί
589 2603 714 2688 πύργοι
729 2597 924 2687 ἀφελέουσι,
946 2601 980 2680 ές
994 2597 1073 2678 τούς

65 2695 314 2784 ἀναβαίνοντες
337 2702 544 2786 κοιμέονται·
575 2704 610 2768 οί
633 2695 699 2785 χάρ
730 2698 889 2777 κώνωπες
911 2694 979 2764 ὑπό
1005 2702 1073 2764 των

65 2792 205 2884 ἀνέμων
227 2792 292 2864 ούκ
312 2792 380 2866 οἷοί
391 2798 430 2866 τό
444 2802 506 2866 είσι
520 2794 612 2879 ὑψοῦ
627 2798 796 2865 πέτεσθαι.
831 2808 916 2864 τοῖσι
940 2795 977 2863 δὲ
996 2797 1073 2880 περὶ

60 2891 108 2962 τά
128 2895 208 2963 ἕλεα
228 2896 376 2963 οίκέουσι
395 2894 475 2963 τάόε
497 2892 571 2963 ἀντὶ
584 2901 653 2963 τῶν
672 2892 813 2980 πύργων
828 2888 911 2960 ἀλλα
925 2891 1073 2979 μεμηχά-

58 3018 182 3080 νηται·
210 2997 278 3073 πᾶς
291 2989 376 3081 ἀνὴρ
391 2991 503 3064 αὐτῶν
518 2992 771 3085 ἀμφίβληστρον
783 2989 944 3079 κέκτηται,
954 2998 1000 3084 τῷ
1014 2998 1072 3080 τῆς

56 3095 128 3178 μὲν
147 3086 278 3179 ἡμέρης
303 3095 401 3177 ίχθῦς
425 3090 579 3182 ἀγρεύει,
607 3091 669 3181 τὴν
690 3093 726 3162 ἀὲ
747 3092 853 3165 νύκτα
876 3092 956 3161 wide
980 3090 1071 3183 αύτςό

54 3196 202 3278 χρᾶται·
224 3188 263 3255 έν
276 3194 316 3278 τῇ
331 3185 538 3272 ἀναπαύεται
552 3197 657 3281 κοίτη,
678 3193 755 3277 περὶ
769 3189 896 3277 ταύτην
909 3192 1019 3276 ἵστησι
1033 3188 1070 3258 τό

53 3284 341 3375 ἀμφίβληστρον,
368 3288 424 3357 καὶ
447 3292 576 3380 ἔπειτεν
600 3287 699 3369 ένθύς
719 3287 779 3358 ὑπ’
798 3287 888 3378 αὐτῷ
908 3285 1071 3357 κατεύθει.

51 3389 101 3461 ολ
112 3387 148 3456 θλ
165 3384 345 3480 κύνωπες,
372 3381 417 3479 ἦν
437 3388 501 3481 μέν
514 3392 552 3459 έν
566 3394 683 3488 ίματίφ
698 3386 941 3479 ἐνειλιξύμενος
955 3376 1072 3477 εύόηῆ

148 3497 285 3563 mom.
893 3500 926 3557 ll
