2606 3920
188 271 251 335 202
566 276 817 335 HERODOTI

189 430 322 522 άπαθής
336 460 370 502 τε
385 442 500 504 κακῶν
509 428 586 522 ήνὸ
602 431 751 522 στρατδς,
766 436 819 503 καὶ
831 440 961 521 πλῆθος
974 428 1018 525 ήν
1031 442 1175 523 τηνικαῦ

188 559 229 600 τα
240 538 298 618 έτι,
315 528 360 611 ὡς
371 530 436 620 έχιδ
451 532 726 620 συμβαλλόμενος
741 528 1040 618 εδρίσκω,[τόσον]·
1050 538 1119 600 τῶν
1130 531 1195 618 μὲν

188 633 224 698 έκ
239 634 308 697 τῶν
319 637 409 698 νειδν
419 637 488 699 τῶν
501 634 537 699 ἑκ
551 639 610 717 τῆς
622 628 747 717 Ἀσίης,
762 632 909 699 ἐουσέων
920 631 1001 700 ἑπτά
1012 635 1066 700 καὶ
1077 636 1195 718 διηκο-

189 734 272 796 σίων
285 730 341 798 καὶ
355 734 488 815 χιλίων,
506 725 567 795 τδν
582 731 644 814 μὲν
661 725 801 814 άρχαίον
816 727 964 796 ἑκάστων
978 734 1047 796 τῶν
1062 730 1194 795 ἐθνέων

189 824 287 892 ἐόντα
302 823 421 912 ὅμιλον
437 826 593 910 τέσσερας
607 826 662 894 καὶ
677 834 781 894 είκοσι
797 824 962 911 μυριάδας
976 828 1031 894 καλ
1044 822 1128 910 πρὸς
1142 851 1194 910 χι-

188 921 288 990 λιάδα
302 946 337 989 τε
357 924 412 990 καί
433 929 682 1011 τετρακοσίους,
705 918 749 1000 ὡς
769 918 835 989 άνά
857 926 1047 1009 διηκοσίους
1067 920 1194 1006 ἄνδρας

188 1023 430 1110 λογιζομένοισι
446 1026 483 1092 έν
498 1024 619 1113 ἑκάστη
633 1030 698 1111 νηί.
729 1023 933 1111 ἐπεβάτευον
946 1025 982 1092 δέ
997 1025 1049 1093 ἐπὶ
1062 1023 1194 1092 τούτων

188 1127 257 1189 τῶν
277 1127 382 1207 νεῶν,
409 1125 517 1208 χωρὶς
532 1121 680 1190 ἑκάστων
704 1128 774 1189 τῶν
793 1123 979 1208 ἐπιχωρίων
998 1122 1192 1209 ἐπιβατέων,
1289 1182 1290 1213 ,

187 1219 799 1307 ΠερσέωντεκαλΜήδωνκαλΣακέων
808 1219 987 1307 τριήκοντα
995 1218 1124 1303 ἄνδρες.
1136 1209 1194 1285 οὗ·
1289 1220 1290 1281 3

188 1343 244 1396 τος
257 1314 357 1395 άλλος
372 1314 488 1404 ὅμιλος
502 1325 628 1404 γίνεται
642 1318 833 1406 τρισμύριοι
845 1320 900 1386 καλ
915 1319 1122 1403 ἑξακισχίλιοι
1138 1316 1193 1381 καὶ

188 1412 273 1499 πρδς
286 1415 456 1500 διηκόσιοί
467 1442 501 1485 τε
517 1419 572 1486 καὶ
586 1418 676 1485 δέκα.
699 1417 884 1503 προσθήσω
899 1413 932 1484 δ
951 1422 998 1485 ἔτι
1015 1414 1123 1504 τοάτω
1138 1416 1193 1481 καὶ

187 1519 234 1604 τω
220 1515 401 1600 προτέρω
415 1511 551 1605 άριθμω
564 1511 644 1593 τοδς
659 1518 696 1583 έκ
711 1542 780 1584 των
794 1515 1076 1601 πεντηκοντέρων,
1095 1510 1175 1598 ποιή
1183 1553 1198 1562 -

188 1632 249 1690 σας
265 1608 286 1680 6'
301 1637 332 1678 τι
347 1604 486 1680 πλέον
464 1639 509 1698 ην
525 1639 638 1682 αυτων
652 1641 674 1700 η
660 1611 871 1684 ἑλασσον’
851 1640 895 1681 αν
899 1608 1155 1700 ’ὀχδωκοντα”
1132 1637 1197 1678 αυ-

189 1714 270 1797 δρας
284 1710 417 1780 ένετναι.
441 1714 628 1799 συνελέχθη
639 1713 675 1781 δὲ
689 1720 794 1781 ταῦτα
804 1739 844 1782 τα
832 1710 966 1798 πλοῖα,
983 1736 1028 1788 ς
983 1712 1095 1778 καὶ
1090 1707 1196 1874 Z696-

187 1806 288 1892 τερόν
301 1835 357 1895 μοι
373 1835 388 1877 ε
390 1809 505 1898 ίρέθη,
527 1819 698 1898 τρισχίλια
729 1810 793 1900 ήδη
814 1804 864 1879 ιδν
881 1803 1037 1896 άνδρες
1015 1833 1059 1874 αν
1074 1832 1090 1874 ε
1090 1804 1142 1874 ίεν
1156 1808 1194 1874 έν

188 1903 317 1975 αὐτοῖσι
334 1909 485 1997 τέσσερες
499 1911 661 1998 μυριάδες
675 1914 729 1981 καί
745 1921 858 1981 είκοσι
882 1916 981 1979 τοῦτο
996 1911 1058 2028 μέν
1072 1932 1138 1974 νυν
1153 1901 1190 1972 τδ

187 2009 276 2075 ἑκ
238 2033 295 2093 της
305 2002 414 2094 Ἀσίης
426 2008 589 2078 ναυτικὸν
602 2002 663 2098 ήν,
682 2010 819 2099 σύμπαν
833 2007 891 2078 έδν
905 2005 1113 2093 πεντήκοντα
1126 2028 1191 2090 μυ-

189 2103 301 2188 ριάδες
315 2105 370 2172 καὶ
383 2110 462 2193 μία,
485 2107 630 2191 χιλιάδες
643 2136 679 2177 τε
694 2115 800 2179 ἔπεισι
815 2110 867 2177 έπδ
887 2105 1024 2195 ταάτησι
1041 2105 1122 2171 ἑπτα
1110 2098 1193 2167 καὶ

187 2198 271 2286 πρὸς
286 2203 502 2282 ἑκατοντάδες
513 2207 546 2285 ἑξ
558 2207 613 2275 καὶ
625 2208 732 2288 δεκάς.
754 2210 864 2278 τοῦδέ
875 2210 976 2288 πεζοῦ
987 2201 1193 2291 ἑβδομήκον-

187 2326 227 2368 τα
242 2301 297 2367 καλ
318 2297 438 2367 έκατδν
453 2303 615 2388 μυριάδες
631 2307 799 2392 ἐγίνοντο,
821 2311 890 2372 τῶν
906 2305 942 2371 δὲ
959 2295 1122 2371 ίππέων’
1104 2295 1191 2366 οκτιδ

186 2395 355 2486 μυριάδες.
378 2400 563 2486 προσθήσω
578 2399 611 2468 δ’
628 2409 675 2471 ἔτι
692 2402 839 2472 τούτοισι
854 2400 913 2481 τάς
927 2400 1098 2489 καμήλους
1113 2393 1193 2475 τούς

189 2496 393 2576 ἐλαύνοντας
403 2493 579 2586 Ἀραβίους
591 2505 646 2570 καὶ
660 2501 740 2581 τοὺς
755 2500 794 2571 τά
809 2500 939 2589 άρματα
954 2506 1091 2587 Λίβυας,
1107 2501 1194 2580 πλῆ-

186 2606 250 2674 θος
260 2594 401 2683 ποιησας
411 2602 608 2687 δισμυρίους
619 2600 753 2692 ἄνδρας.
767 2605 823 2673 καὶ
834 2600 922 2690 δη
883 2628 920 2669 το
932 2626 968 2669 τε
978 2601 1014 2667 ἑκ
1024 2622 1093 2665 των
1103 2619 1193 2661 νεων

187 2700 242 2768 καὶ
255 2723 318 2766 του
302 2703 429 2780 πεζοῦ
439 2707 571 2788 πλῆθος
582 2707 828 2791 συντιθέμενον
839 2708 965 2789 γίνεται
980 2694 1149 2784 διηκόσιαί
1156 2718 1192 2759 τε

186 2796 347 2884 μυριάδες
362 2799 417 2865 καὶ
436 2799 616 2886 τριήκοντα
637 2804 691 2871 καὶ
707 2808 767 2890 μία
783 2805 837 2870 καί
853 2796 936 2888 πρδς
950 2795 1094 2885 χιλιάδες
1110 2787 1191 2859 ἑπτὰ

186 2897 242 2963 καὶ
257 2895 473 2975 ἑκατοντάδες
487 2900 519 2977 ἓξ
532 2900 587 2967 καὶ
602 2901 709 2980 δεκάς.
733 2906 833 2969 τοῦτο
847 2902 888 2985 μέ
888 2924 909 2965 ν
919 2921 957 2964 το
945 2892 1003 2974 ἑξ
1017 2887 1120 2976 αὐτῆς
1133 2893 1192 2974 τῆς

183 2992 291 3080 Ἀσίης
305 2992 494 3081 στράτευμα
508 2997 692 3085 ἐξαναχθὲν
707 3008 850 3086 εἴρηται,
866 2994 949 3064 ἄνευ
963 3017 998 3060 τε
1013 2994 1070 3075 τῆς
1085 2995 1192 3072 θερα-

185 3095 338 3177 πηδης
298 3117 357 3177 της
371 3093 533 3179 ἑπομένης
548 3097 684 3164 καὶτῶν
698 3100 894 3184 σιταρωγων
906 3094 1033 3161 πλοίων
1047 3079 1138 3152 καὶ”
1116 3100 1191 3149 οσοι

13 3216 14 3219 ’
119 3204 168 3260 185
184 3192 353 3260 ένέπλωον
364 3189 522 3260 τούτοισι
548 3191 594 3262 Τό
610 3196 646 3262 δὲ
659 3193 700 3282 δή
715 3199 806 3265 έκ
767 3222 825 3282 της
841 3190 1007 3279 Εὐρώπης
1022 3181 1192 3270 ἆίθμῑνθν

183 3285 373 3373 στράτευμα
387 3291 435 3353 ἑτι
450 3293 692 3377 προσλογιστέα
705 3293 813 3384 τούτῳ
828 3292 927 3359 παντὶ
941 3294 988 3378 τῷ
1008 3287 1192 3369 ἐξηρίθμη-

184 3386 289 3472 μένω·
306 3381 447 3468 δοκησιν
458 3385 494 3453 δέ
509 3389 576 3454 δέει
587 3391 705 3472 λέγειν
728 3392 806 3468 νέας
817 3392 881 3476 μέν
889 3411 956 3455 νυν
966 3378 1026 3451 ολ
1007 3402 1073 3448 ατο
1060 3375 1192 3461 Θρηϊ

183 3502 244 3561 κης
262 3475 420 3564 Έλληνες
446 3484 501 3550 καὶ
526 3485 562 3551 ἑκ
586 3510 649 3551 τωτ
675 3484 789 3573 νήσων
814 3491 884 3554 τῶν
910 3481 1129 3566 έπικειμένων
1145 3489 1191 3572 τῇ
