2606 3930
369 225 455 287 LIB.
489 227 534 284 lv.
571 225 668 284 GAP
702 232 807 290 116-
764 237 877 292 -.12o
1059 231 1122 298 345

117 414 190 469 τας.
210 385 292 469 τούς
305 411 342 459 τε
361 388 405 472 δη
419 382 543 465 ἄλλους
557 381 654 471 ἔχει
636 409 684 454 υπ
687 381 834 481 ’ἑωυτῷ
851 392 996 481 Θρήικας
1010 397 1066 467 καὶ
1079 393 1122 486 δή

118 488 178 557 καὶ
189 483 271 567 τους
281 482 364 574 ημίυ
374 482 491 562 ἐοντας
500 483 750 570 πλησιοχωρους
759 488 871 568 Γέτας
906 496 1018 561 Ταυτα
1028 500 1124 562 Σκυ-
1141 509 1188 563 119

118 593 214 658 θέων
234 586 531 674 ἐπαγγελλομένω
544 583 765 670 ἐβουλεύοντο
787 592 822 657 οί
839 593 990 675 βασιλέες
1006 589 1074 660 οβ’
1054 591 1120 663 απὺ

118 694 189 756 τοῖν
199 683 363 758 ἐθνέων
338 708 494 772 ηκοντες,
516 687 577 752 καί
588 699 703 769 σφεων
713 684 916 774 ἐσχίσθησαν
930 695 967 759 αί
974 697 1105 780 γνῶμαι

120 811 139 854 ο
126 782 225 904 ’μὲν
230 780 383 862 Γελωνός
403 778 488 850 καΓ
473 806 492 850 ο
506 782 670 859 Βουδῖνος
690 778 776 850 uaz‘
761 806 780 850 ο
795 788 1020 877 Σαυρομάτης
1036 788 1119 860 κατὰ

118 880 228 951 τώυτό
242 879 418 969 γευόμενοι
433 876 637 948 ὑπεδέκοντο
648 878 808 968 Σκύθησι
821 885 1035 977 τιμωρήσειν,
1051 886 1119 959 ὑδδ

115 979 326 1069 Ἀγάθυρσος
347 981 403 1051 καί
421 976 557 1066 Νευρὸς
582 980 638 1047 καὶ
659 975 887 1071 Ἀνδροφάγος
911 989 968 1056 καί
996 992 1032 1058 οί
1052 1014 1121 1058 των

118 1078 385 1169 Μελαγχλαίνων
395 1082 450 1150 καὶ
464 1078 609 1167 Ταύρων
618 1077 698 1146 τάδε
708 1079 868 1202 Σκύθησι
877 1079 1118 1172 ὑπεκρίναντο

118 1188 165 1252 El
176 1178 295 1269 μδν
253 1206 298 1267 μη
313 1177 408 1268 ὑμεῖς
424 1185 498 1248 ἔατε
517 1182 553 1247 ol
569 1176 737 1264 πρότερον
757 1174 975 1270 ἀδικήσαντες
987 1188 1119 1276 Πέρσας

117 1282 174 1350 καὶ
187 1278 345 1370 ἔρξαντες
354 1281 517 1367 πολέμου,
531 1277 662 1347 τούτων
672 1276 825 1364 δεόμενοι
837 1285 907 1351 τῶν
922 1289 990 1350 νῦν
999 1286 1119 1354 δέεσθε

117 1384 229 1467 λέγειν
241 1403 278 1448 τε
298 1373 343 1446 ἂν
359 1380 540 1465 ἐφαίνεσθε
558 1373 640 1464 ήμίν
656 1373 762 1466 ὀρθαί,
787 1381 842 1449 καλ
857 1376 952 1468 ἡμεῖς
965 1378 1119 1451 ὑπακού-

119 1503 237 1561 σαντες
251 1476 358 1549 τώυτό
379 1475 424 1548 ἂν
439 1475 522 1566 ὑμίν
540 1477 760 1566 ἐπρήσσομεν.
791 1485 858 1548 νύν
872 1478 910 1550 δέ
925 1477 1021 1569 ὑμεῖς
1034 1507 1070 1552 τε
1084 1485 1118 1562 ἐς

117 1577 181 1667 τήν
205 1581 344 1648 ἐκείνων
362 1577 559 1666 ἐσβαλόντες
578 1584 643 1665 γῆν
665 1575 749 1646 ἄνευ
771 1573 885 1666 ήμέων
907 1582 1118 1668 ἐπεκρατέετε

116 1679 292 1765 Περσέων,
308 1675 391 1747 ὅσον
400 1677 525 1767 χρόνον
535 1674 617 1764 ὑμῖν
627 1673 646 1747 ὁ
656 1673 740 1757 θεός
750 1681 950 1766 παρεδίδου,
964 1683 1021 1751 καλ
1030 1683 1118 1751 ἐκεί-

118 1802 191 1866 νοι,
212 1780 286 1847 ἐπεί
302 1797 407 1866 σφεας
427 1774 533 1857 ὑυτὺς
551 1773 635 1857 θεός
655 1780 791 1865 ἐγείρει,
812 1774 875 1865 τήν
894 1775 1015 1869 ὁμοίην
1035 1780 1118 1869 ὑμῖν

103 1872 326 1945 ύποδιδοὺσι.
348 1873 443 1964 ήμείς
457 1878 498 1945 δέ
511 1876 589 1946 οὑτε
602 1902 635 1946 τι
648 1876 724 1945 τότε
742 1873 948 1966 ἠδικήσαμεν
961 1877 1041 1960 τούς
1055 1877 1117 1949 ἄν·

120 1983 200 2064 δρας
217 1976 359 2057 τούτους
379 1975 497 2066 οὐδὲν,
517 1977 597 2047 οὔτε
616 1985 683 2059 νῦν
707 1977 865 2065 πρότεροι
887 1979 1116 2068 πειρησόμεθα

119 2072 318 2146 desudem*
295 2103 340 2165 ην
353 2081 467 2194 μέντοι
482 2081 557 2165 ἐπίῃ
573 2080 629 2147 καί
649 2073 757 2146 ἐπὶ
721 2103 784 2166 την
798 2073 964 2166 ἡμετέρην
982 2078 1066 2170 ἄρξῃ
1080 2106 1116 2149 τε

118 2168 366 2264 ιἰδικέων,καὶ
346 2189 441 2263 ημείς
454 2202 495 2245 ου
486 2172 749 2296 ’περιοηόμεθα
762 2177 856 2264 μέχρι
871 2174 908 2244 δὲ
921 2184 1020 2245 τοῦτο
1036 2180 1117 2246 ίδω-
1233 2258 1238 2265 ,

116 2296 195 2358 μεν,
213 2273 376 2359 μενέομεν
390 2270 470 2359 παρ’
488 2269 570 2360 ἡμῖν
589 2269 736 2340 αύτοίσι·
757 2297 854 2392 ηκειν
874 2270 939 2361 γὰρ
955 2277 1115 2396 δοκέομεν

117 2367 180 2438 ούκ
195 2367 248 2439 ἐπ’
269 2367 373 2457 ἡμέας
386 2374 537 2459 Πέρσας,
558 2368 632 2440 ἄλλ’
656 2372 709 2439 ἐπὶ
724 2368 806 2450 τοὺς
824 2376 950 2453 αἰτίους
969 2378 1027 2460 τῆς
1041 2369 1117 2443 660-

115 2474 188 2554 κίης
202 2471 412 2555 γευομένους.

201 2572 314 2637 Ταυτα
326 2565 620 2657 ὑςύιιενειχθέντα
632 2532 1000 2658 ἐπύθοντοοίΣκύθαι,
1015 2574 1110 2661 ἐβου-
1138 2601 1186 2656 χρη

114 2664 253 2736 λεύοντο
267 2667 506 2756 δθυμαχίηνμέ
507 2695 529 2735 υ
548 2672 713 2757 μηδεμίαν
728 2667 904 2737 ποιέεσθαι
920 2670 958 2737 ἐκ
977 2675 1038 2736 τοῦ
1055 2671 1115 2756 ἐμ-

117 2763 294 2852 φανέος,”
273 2792 325 2835 οτι
339 2765 382 2856 δή
396 2787 458 2854 σφι
473 2760 570 2837 ουτοί
575 2792 615 2855 γε
626 2765 793 2854 σύμμαχοι
807 2789 850 2834 ου
838 2762 1115 2854 ’προσεγένουτο,

120 2861 309 2946 ὑπεξιόντες
323 2868 361 2937 δὲ
374 2869 431 2936 καὶ
446 2862 730 2949 ὑπεξελαύνοντες
745 2860 786 2934 τό
804 2865 949 2953 φρέατα,
969 2859 1011 2933 τό
1027 2887 1116 2954 παρ-

116 2969 234 3047 εξίοιεν
256 2964 370 3055 αὑτοὶ,
390 2969 446 3037 καὶ
465 2965 524 3047 τὰς
543 2965 670 3056 κρήνας
690 2970 856 3054 συγχοῦν,
878 2959 941 3050 τήν
961 2970 1063 3051 ποίην
1078 2987 1115 3034 τε

6 3094 11 3126 ι
114 3064 148 3131 ἐκ
168 3069 227 3151 τῆς
246 3070 307 3151 γής
322 3066 503 3151 ἐκτρίβειν,
526 3067 621 3152 διχοὺ
636 3066 740 3152 σφέας
754 3059 929 3141 διελόντες.
960 3064 1016 3131 καί
1029 3058 1115 3146 πρός

80 3187 86 3193 ·
114 3157 229 3241 μὲν
192 3186 256 3248 την
280 3167 362 3248 μίαν
382 3170 450 3232 τόν
469 3167 633 3251 μοιρέων,
653 3170 712 3253 τής
731 3165 903 3250 ἐβασίλευε
921 3158 1113 3244 Σκωπασις,

114 3264 388 3350 προσχωρέειυΣ
351 3265 591 3353 Σαυρομάτας·
611 3265 752 3343 τούτους
766 3261 829 3355 μὲν
843 3257 918 3350 δή
898 3259 1055 3346 υπόγειν,
1068 3252 1112 3346 ήυ

114 3360 282 3432 ἐπὶτοῦτο
300 3359 466 3450 τρέπηται
486 3388 505 3431 ο
492 3359 670 3453 Πέρσης,
697 3358 765 3431 ίθὺ
777 3360 942 3436 Τανάιδος
961 3360 1113 3441 ποταμοῦ

111 3451 199 3542 παρέ
216 3453 280 3547 τήν
293 3463 444 3555 Μαιῆτιν
460 3457 622 3550 λίμνην“
604 3459 880 3546 υποφεύγοντας,
901 3451 1109 3527 ἀπελαύνον-
