2606 3930
105 230 110 243 .
206 197 270 264 ιεε
470 184 472 189 ’
594 193 846 265 ιιειιοοοτι

75 404 78 409 -
118 420 122 427 .
208 361 306 443 είδός
328 387 363 431 τε
382 364 494 449 ἑωυτῷ
511 353 663 443 άσφαλέα
677 357 815 424 ἔκδυσιν
835 357 958 422 ἐοῦσαν
977 354 1014 422 ἐκ
1027 357 1086 441 τῆς
1103 348 1209 440 νήσου

80 470 83 477 ’
208 463 283 534 τότε
314 458 424 531 ἐπεάν
432 454 533 538 αὐτός
547 457 725 546 βούληται·
751 457 925 542 ἐπεποίητο
943 453 1008 541 γάρ
1026 456 1061 523 οί
1079 450 1208 543 κρυπτὴ

198 565 333 682 ,διῶρυξ
365 562 402 629 ἐκ
437 565 495 646 τῆς
522 555 725 645 ἀκροπόλιος
759 557 909 645 φέρουσα
944 555 997 623 ἐπὶ
1020 552 1207 629 θάλασσαν.

208 655 308 739 αὐτὸς
339 659 401 744 μέν
431 651 511 752 ,δὴο
494 683 513 725 ο
532 653 746 751 Μαιάνδριος
772 650 914 721 ἐκπλόει
940 651 977 718 ἐκ
1004 657 1062 737 τῆς
1075 649 1208 738 Σάμου,

206 753 287 836 νοός
314 757 351 825 δέ
377 746 580 855 ἐπικούρους
600 752 731 833 πάντας
760 745 937 829 ὁπλίσας
923 776 941 817 ο
962 754 1134 836 Χαρίλεως
1155 748 1209 817 καὶ

207 853 417 934 ἀναπετάσας
443 850 503 935 τάς
529 844 639 933 πάλας
668 854 762 939 ἐξῆκε
786 852 839 919 ἐπὶ
867 846 946 929 τούς
971 849 1105 936 Πέρσας
1132 843 1209 915 οὔτε

208 954 497 1043 προσδεκομένους
513 958 645 1022 τοιοῦτο
675 947 777 1019 οὐδὲν
799 947 977 1027 δοκέοντάς
993 973 1029 1017 τε
1046 944 1086 1035 δη
1099 946 1209 1017 πάντα

47 1102 50 1107 -
142 1137 144 1140 Α
209 1052 427 1141 συμβεβάναι.
457 1050 656 1139 ἐμπεσόντες
681 1053 718 1118 δέ
749 1053 784 1120 ol
812 1051 985 1135 ἐπίκουροι
1021 1054 1090 1116 τόν
1117 1055 1210 1136 Περ-

208 1152 295 1219 σέων
333 1145 413 1229 τούς
448 1150 784 1238 διφροφορευμένους
817 1174 853 1217 τε
890 1148 946 1216 καί
978 1144 1082 1234 λόγου
1115 1154 1210 1216 πλεί·

117 1298 120 1304 «
209 1269 291 1327 στου
315 1248 440 1328 ἐόντας.
455 1254 615 1318 ἐκτεινον.
660 1250 716 1317 καί
735 1238 830 1317 οὗτοι
857 1246 919 1335 μέν
938 1253 1043 1317 ταῦτα
1063 1250 1208 1336 ἐποίευν,

208 1346 228 1437 ἡ
266 1348 302 1418 δέ
338 1345 421 1436 άλλη
455 1344 591 1436 στρατιάς
624 1344 646 1435 ἡ
681 1343 829 1436 Περσικὴ
870 1340 1056 1437 ἐπεβάθεε,
1099 1347 1211 1428 πιεζό-

208 1474 304 1537 μενοι
335 1447 372 1516 δέ
398 1444 433 1518 ol
463 1451 636 1536 ἐπίκουροι
667 1445 773 1518 ὀπίσω
805 1448 1052 1536 κατειλήθησαν
1083 1448 1117 1526 ἐς
1147 1443 1210 1534 τὴν

147 1560 194 1616 Ιίλ
210 1543 404 1633 ἀκρόπολιν.
445 1544 583 1635 Ὀτάνης
604 1546 641 1616 δὲ
661 1544 680 1615 ὁ
702 1543 884 1636 στρατηγός
903 1544 987 1616 ίδιόν
1000 1546 1112 1625 πάθος
1124 1539 1220 1632 μέγα

210 1648 342 1733 Πέρσας
353 1645 567 1727 πεπονθότας
584 1647 723 1727 ἐντολάς
750 1672 784 1717 τε
809 1643 868 1726 τάς
886 1657 1031 1733 Δαρεῖος
1047 1642 1210 1715 άποστέλ-

132 1787 135 1792 -
207 1753 277 1813 λων
291 1745 555 1833 ἐνετέλλετο,’
507 1772 605 1835 μητε
604 1752 748 1815 κτείνειν
760 1748 888 1834 μηδένα
901 1753 1043 1833 Σαμίων
1053 1772 1134 1864 μητε
1145 1742 1211 1813 άν-

208 1847 484 1945 δραποδίζεσθαι,
499 1842 633 1915 άπαθέα
646 1872 682 1914 τε
698 1870 812 1913 κακων
828 1839 1065 1913 άποδοῠναι
1030 1871 1091 1933 την
1102 1851 1210 1931 νῆσον

207 1937 422 2031 Συλοσωντι,
436 1943 566 2013 τοότων
579 1943 700 2033 μὲν
654 1970 722 2013 των
737 1946 899 2013 ἐντολέων
909 1947 1117 2032 μεμνημένος
1131 1946 1208 2014 ἐπε-

207 2039 451 2130 λανθάνετο,“
435 2069 455 2112 ο
476 2042 513 2113 δέ
524 2044 776 2133 παρήγγειλε
737 2071 777 2135 τη
791 2051 928 2135 στρατιῇ
942 2044 1069 2133 πάντα,
1086 2042 1147 2113 τὸν
1164 2039 1209 2112 άν

209 2140 353 2229 λάβωσι,
382 2139 556 2229 καίάνδρα
580 2146 637 2214 καὶ
663 2147 784 2232 παίδα,
811 2140 933 2234 ὁμοίως
955 2152 1106 2215 κτείνειν.
1151 2147 1209 2214 έν-

134 2294 137 2299 <
208 2246 320 2309 θαῦτα
334 2247 392 2328 τῆς
405 2249 560 2331 στρατιῆς
576 2247 612 2313 οί
627 2245 691 2331 μέν
703 2241 766 2333 τὴν
777 2240 962 2333 άκρόπολιν
980 2243 1208 2332 ἐπολιόρκεον,
1279 2316 1280 2321 ,

111 2392 114 2399 .
182 2385 185 2391 »
207 2336 290 2407 oco&
305 2342 455 2406 ἔκτεινον
465 2338 575 2407 πάντα
584 2336 646 2411 τόν
655 2339 812 2429 ἐμποδάν
821 2341 1019 2430 μινόμενον
1034 2337 1157 2429 ὁμοίως
1171 2347 1209 2410 ἐν
1279 2354 1280 2423 ζ

80 2486 82 2491 -
143 2456 199 2512 με
207 2462 242 2504 τε
263 2439 325 2527 ίρφ
263 2436 395 2504 ί”καί
421 2439 483 2518 ἐξω
505 2442 591 2526 ίροῦ.
630 2437 897 2527 Μαιάνδριοςδ’
918 2436 1068 2529 άποδράς
1091 2441 1128 2508 ἐκ
1151 2465 1209 2527 της
1279 2432 1280 2449 ’

207 2534 328 2622 Σάμου
344 2532 486 2619 ἐκπλωει
497 2537 530 2616 ἐς
543 2543 795 2628 Λακεδαίμονα·
827 2532 1080 2631 άπικόμενοςδ’
1093 2540 1126 2617 ἐς
1144 2535 1209 2606 αό-

123 2723 125 2727 .
205 2658 268 2721 την
276 2630 361 2701 καὶ
342 2658 602 2720 ανενεικαμενος
612 2662 653 2705 τα
641 2631 751 2723 ἐχων
763 2633 953 2725 ἐξεχωρησε,
961 2635 1206 2706 ἐποίεετοιαδε

205 2728 293 2811 όκως
316 2730 459 2821 ποτήρια
470 2728 622 2823 άργάρεά
634 2762 671 2805 τε
685 2740 741 2807 καὶ
753 2739 879 2839 χρύσεα
892 2734 1117 2856 προθέοντο,ο
1099 2727 1207 2822 οίμὲν

204 2830 412 2918 θεράποντες
431 2828 537 2902 αὐτοῦ
552 2836 698 2925 ἐξέσμων
722 2831 824 2925 αὐτά,
855 2830 963 2904 ὁδ””
942 2860 986 2902 αν
1005 2831 1066 2902 τόν
1081 2832 1206 2921 χρόνον

204 2938 326 2999 τοῦτον
339 2955 385 3023 τφ
371 2937 583 3023 Κλεομένει·
590 2960 636 3028 τφ
622 2931 908 3024 Ἀναξανδρίδεω
924 2936 960 3004 ἐν
975 2931 1106 3021 λόγοισι
1128 2927 1205 3017 ἐων,

204 3026 416 3120 βασιλεύοντι
432 3032 608 3122 Σπάρτης,
625 3037 754 3157 προῆγέ
765 3061 824 3123 μιν
838 3031 924 3115 ἐςτα
939 3039 1043 3104 οἰκία
1065 3030 1154 3113 όκως
1171 3030 1206 3100 δέ

204 3134 308 3200 ίδοιτο
326 3130 567 3220 Κλεομένης
530 3161 571 3202 τα
585 3135 745 3224 ποτήρια,
782 3129 983 3223 άπεθόμαζέ
1009 3158 1045 3201 τε
1065 3134 1120 3201 καί
1136 3134 1206 3213 ἐξε·
1277 3170 1278 3179 1

203 3229 384 3320 πλήσσετο·
413 3259 432 3302 ο
419 3229 531 3302 ‘w
509 3260 553 3302 αν
572 3236 703 3305 ἐκέλευε
723 3231 829 3303 αὐτόν
842 3234 1074 3322 ἀποφέρεσθαι
1091 3226 1206 3300 αὐτόν

204 3328 268 3397 οσα
277 3328 442 3418 βονλοιτο
454 3356 554 3401 τουτο
565 3336 621 3403 καί
628 3336 739 3414 διςκαδ
748 3336 819 3423 τρίς
829 3342 982 3413 εἴπαντος
989 3335 1206 3421 Μαιανδρίου

203 3459 222 3505 ο
210 3428 420 3533 Κλεομένης
435 3432 642 3523 δικαιότατος
657 3431 847 3533 άνδράνί
808 3461 830 3532 μ
843 3459 946 3530 νεται,
961 3428 998 3521 ὃς
1012 3438 1131 3522 λαβείν
1145 3433 1207 3527 μὲν
