2622 3928
362 281 450 336 ΗΒ.
483 282 527 336 να
563 235 663 339 m.
699 286 839 340 19—24.
1063 284 1105 346 69

100 464 182 527 σαν,
197 459 263 510 συν
279 441 317 507 δέ
327 460 388 528 σφι
403 445 583 526 Μιλησίων
597 442 631 507 οί
644 439 894 531 ἐκπεφευγότες.
923 440 977 512 Ἐν
993 437 1103 536 ᾦτοι-
1119 461 1153 515 23

53 555 57 563 '
99 537 234 626 όνδσδή
247 563 279 605 τι
293 536 473 624 συνήνεικε
484 538 660 624 γενέσθαι·
681 537 882 628 Σάμιοιγάρ
893 542 1104 630 κομιζόμενοι

99 642 133 718 ἐς
152 642 313 723 Σικελίην
333 637 519 723 ἑγίνοντοί
519 662 540 701 ν
554 644 713 723 Λοκροῖσι
735 650 820 705 τοῖσι
810 634 1104 761 Ἐπιζεφυρίοισι,
1297 696 1298 719 ,

98 742 155 806 καλ
165 745 345 822 Ζαγκλαῖοι
359 732 459 804 αύτοί
465 761 501 803 τε
511 731 593 803 καὶ*
578 761 597 804 ο
608 731 766 821 βασιλεὺς
777 732 899 822 αυτόν,
915 744 961 827 τῷ
975 734 1105 824 οὔνομα
1228 812 1229 817 1
1297 738 1298 749 ’

99 829 525 956 ἦνΣιιύθης,περικατέατο
539 832 639 902 πολιν
649 838 874 909 τωνΣικελωι
888 836 1010 921 ξελετν
1021 843 1106 922 βου·
1218 822 1227 837 ’

99 932 160 1014 λομ
166 960 244 1011 ενοι,
236 928 434 1016 μαθωνδδ
443 938 548 1000 ταῦτα
559 920 723 1033 ὁῬηγίου
725 929 892 1031 τύραννος
902 928 1104 1020 Ἀναξίλεως,

101 1029 185 1100 ωσττ
198 1030 265 1108 λων
261 1032 452 1152 διάφορος
452 1043 537 1099 τοῖσι
543 1034 692 1115 Ζαγκλα
689 1048 766 1115 οισι,
774 1024 936 1117 συμμίξας
947 1045 1030 1099 τοισι
1037 1040 1104 1103 Σα

100 1136 205 1218 μίοισι
216 1116 411 1218 ἀναπείθει,
429 1156 475 1209 ως
483 1153 593 1217 χρεων
603 1136 653 1215 τίη
664 1124 782 1214 Καλην
792 1126 885 1215 μὲν
867 1154 982 1216 ακτην,
997 1126 1084 1197 ἐπ’“
1061 1156 1105 1218 ην

101 1233 249 1314 ἔπλωον,
265 1222 329 1329 ἕδη
336 1224 552 1318 χαίριιυιτῆν
565 1227 603 1296 δδ
612 1225 768 1313 Ζάγκλην
782 1240 876 1314 σχεῖν
890 1230 1014 1297 ἐοῦσαν
1007 1229 1105 1349 ἐρη-

100 1352 166 1414 μον
182 1316 327 1416 ἀνδρῶν.
355 1324 569 1414 πειθομένων
585 1324 626 1393 δὲ
642 1330 710 1392 τῶν
727 1332 868 1410 Σαμίων
886 1329 943 1393 καί
956 1327 1106 1412 σχόντων

100 1449 162 1510 την
173 1423 330 1513 Ζάγκλην
344 1428 492 1495 ἐνθαῦτα
506 1429 542 1494 ολ
549 1421 767 1512 Ζαγκλαῖοι*
745 1450 790 1503 ως
804 1423 975 1494 ἐπύθοντο
990 1428 1105 1512 ἐχομέ-

100 1548 165 1609 νην
179 1547 243 1610 την
256 1524 358 1617 πόλιν
371 1528 522 1613 ἑωυτῶν,
541 1520 761 1644 ίβοήθεον’
718 1549 803 1630 αντη
788 1528 873 1593 καλ
887 1506 1104 1594 ἐπεκαλέοντο

94 1608 313 1706 Ἱπποκράτὲα
327 1619 389 1692 τόν
402 1625 507 1709 Γέλης
523 1622 709 1709 τύραννον
731 1612 776 1708 ἦν
788 1647 854 1706 γαρ
869 1618 915 1742 δη
931 1640 992 1707 σφι
1007 1612 1105 1700 οὗτος

101 1717 280 1804 σύμμαχος.
308 1720 383 1788 ἐπεί
399 1746 434 1788 τε
452 1721 488 1788 δὲ
504 1716 634 1788 αύτοῐσι
648 1724 704 1788 καλ
724 1716 762 1787 ὁ
761 1714 973 1806 Ιπποκράτης
986 1717 1052 1787 σὺν
1066 1746 1106 1808 ιη

2 1868 3 1893 2
101 1824 237 1907 στρατιῇ
250 1844 312 1905 ηκε
322 1822 497 1938 βοηθέων,
513 1819 659 1940 Σκύθην
676 1845 698 1905 μ
700 1817 738 1887 ὲν
754 1816 815 1886 τὸν
830 1817 1024 1905 μούναρχον
1037 1844 1106 1885 των

3 1905 34 2003 ,’
100 1918 297 2007 Ζαγκλαίων
309 1914 353 1996 ὡς
364 1916 577 2005 ἀποβαλόντα
592 1915 654 2006 τὴν
668 1914 798 1987 πόλιν
783 1944 801 1987 o
812 1914 1031 2006 Ιπποκράτης
1046 1941 1106 1983 πε-

19 2066 26 2072 .
101 2012 220 2099 δήσας,
237 2014 293 2081 καλ
307 2011 367 2083 τόν
387 2013 554 2104 ἀδελφεόν
568 2013 673 2085 αὐτοῦ
687 2018 904 2103 Πυθογένεα,
928 2018 961 2095 ἐς
969 2014 1107 2085 Ἴνυκον

76 2112 84 2130 ’
101 2108 210 2182 πόλιν
218 2110 406 2203 ἀπέπεμψε,
426 2113 506 2195 τούς
519 2110 556 2185 δὲ
575 2115 714 2197 λοιπούς
728 2122 936 2221 Ζαγκλαίους
953 2122 1107 2185 κοινολο-

5 2260 7 2281 2
100 2213 289 2301 γησάμενος
302 2229 387 2287 τοῖσι
398 2223 556 2304 Σαμίοισι
566 2216 654 2285 anast
634 2241 757 2305 ορκους
771 2212 852 2296 δούς
862 2217 918 2284 καλ
929 2188 1107 2301 δεξόμενος

6 2328 7 2331 ’
101 2316 279 2438 προέδωκε.
307 2314 430 2402 μισθός
445 2318 531 2386 δέί
496 2321 531 2386 οί
544 2341 590 2403 ην
611 2340 626 2383 ε
626 2319 781 2407 ρημένος
795 2312 885 2384 ὅσι’
867 2311 934 2383 υπό
950 2339 1019 2382 των
1033 2319 1107 2380 Σα-

101 2416 203 2500 μίων,
224 2412 362 2485 πάντων
375 2423 444 2486 τῶν
459 2419 608 2486 ἐπίπλων
623 2418 678 2483 καλ
693 2410 916 2515 ἀνδραπόδων
931 2439 971 2480 τα
960 2407 1106 2533 ημίσεα

101 2518 217 2597 λαβεῖν
229 2520 297 2582 τῶν
312 2518 348 2585 ἐν
364 2542 405 2606 τη
389 2515 535 2604 πόλι,
534 2542 574 2584 τα
563 2510 623 2582 δ’
640 2514 694 2583 ἐπὶ
707 2538 775 2581 των
790 2510 904 2601 ἀγρῶν
918 2511 1026 2580 πάνια
1038 2506 1107 2577 “-Ιπ
1112 2587 1115 2593 ,

101 2612 468 2736 ποκράτεαλαγχάνειν.
481 2614 1107 2704 τουςμλνόηπλεῦναςτωνΖαγκλαίων

101 2706 204 2790 αύτός
225 2715 263 2779 ἐν
277 2710 501 2802 ἀνδραπόδων
521 2717 610 2807 λόγῳ
628 2714 691 2801 εἶχε
710 2716 828 2804 δήσας,
850 2739 929 2792 τους
947 2716 983 2780 δὲ
1003 2737 1107 2798 κορυ-

102 2811 225 2892 φαίους
246 2807 359 2878 αὐτόν
378 2821 589 2899 τριηκοσίους
604 2818 706 2882 ἔδωκε
726 2830 812 2885 τοῖσι
826 2821 984 2901 Σαμίοισι
1005 2837 1108 2880 κατα-

103 2904 237 2990 σφάξαι.
261 2904 302 2975 ού
321 2910 436 2996 μέντοι
449 2915 484 2981 οἳ
494 2937 534 2999 γι
548 2913 675 2999 Σάμιοι
688 2914 848 3000 ἐποίησαν
862 2919 974 2981 ταῦτα.
1011 2911 1107 2980 Σκύ-
1121 2919 1155 2973 λλ

101 3014 168 3092 θης
185 3004 222 3073 δὲ
241 3001 344 3075 ὁτῶν
358 3017 556 3095 Ζαγκλαίων
572 3011 760 3100 μούναρχος
776 3016 813 3079 ἐκ
827 3018 885 3098 τῆς
902 3008 1035 3080 Ἰνύκου
1053 3012 1108 3077 ἐκ·

12 3184 14 3189 .
102 3105 273 3193 διδρήσκω
285 3108 319 3186 ἐς
334 3103 481 3197 Ἱμέρην,
503 3112 540 3179 ἐκ
557 3111 594 3178 δὲ
605 3110 729 3197 ταύτης
742 3116 854 3198 παρῆν
869 3111 902 3188 ἐς
917 3107 979 3196 την
995 3106 1108 3191 Ἀσίην

101 3205 156 3272 καί
164 3200 267 3293 ἀνέβη
277 3204 369 3295 παρά
376 3211 677 3296 βασιλέαΔαρεϊον.
690 3214 749 3277 καί
756 3235 815 3295 μιν
825 3207 1109 3295 ίνόμισεΔαρείος

102 3303 239 3373 πόντων
255 3300 392 3392 ἀνδρων
405 3305 661 3378 δικαιότατον
632 3333 727 3395 ειναι,
744 3305 818 3377 ὅσοι
833 3311 870 3376 ἐκ
885 3314 943 3393 τῆς
951 3301 1109 3380 Ελλάδος

101 3427 169 3488 παρ
173 3400 512 3495 ’ἑωυτόνάνέβησαν
529 3406 634 3478 καὶ
594 3435 659 3497 γαρ
671 3406 960 3524 παραιτησαμενος
971 3404 1109 3489 βασιλέα

100 3502 261 3580 ἐςΣικελί
258 3527 302 3587 ην
313 3500 447 3597 ἀπίκετο
459 3500 659 3585 καὶαύτιςέκ
671 3511 891 3593 τῆςΣικελίης
902 3498 1007 3569 ὀπίσω
1019 3495 1108 3582 παρὰ
