2606 3920
343 210 428 264 μιν.
461 210 519 266 vn.
554 211 652 267 GAP.
685 216 859 272 εει-ιω.
1043 210 1104 276 191

103 372 334 452 Συρηκοσίων.
352 363 445 434 Ιἀλλά
466 367 589 434 τούτου
608 366 671 453 μὲν
689 368 871 456 τοῦλόγου
886 375 1104 461 μηκέτιμνη-

7 544 8 547 ,
103 472 200 552 σθῆς,
216 461 303 543 ὅκως
312 461 375 551 τὴν
384 460 568 550 ἡγεμονίην
577 488 629 530 τοι
640 465 892 552 παραδώσομεν.
915 466 989 538 ἀλλ’
1003 477 1035 541 εί
1040 473 1103 558 μέν

103 562 240 649 βούλεαι
254 561 414 648 βοηθέειν
428 568 467 649 τῆ
476 558 625 646 Ἑλλάδι,
640 571 713 630 ῖσθι
724 560 906 649 ἀρξόμενος
916 563 983 635 ὑπό
995 575 1104 636 Λακε-

6 710 8 745 ;
103 666 296 748 δαιμονίων,
309 666 339 728 εί
349 658 382 728 δ’
395 659 461 744 ἀρα
472 655 517 745 μῆ
530 663 670 738 δικαιοῖς
680 658 851 749 ἄρχεσθαι,
864 662 907 732 σύ
919 667 956 735 δέ
965 664 1010 754 μή
1022 674 1106 754 βοη-

101 761 207 827 θέειν.
242 755 335 841 Πρός
350 762 454 825 ταῦτα
469 753 487 824 ὁ
503 757 634 841 Γέλων,
652 755 765 844 έπειδὴ
784 757 854 845 ἀρα
874 758 1105 852 ἀπεστραμμέ-
1121 775 1172 830 160

6 896 8 907 =
102 882 184 936 νους
194 855 273 937 τούς
281 856 403 943 λόγους
412 853 655 942 τυὺΣυάγρον,
665 851 726 923 τόν
734 859 924 926 τελευταῖόν
935 879 997 946 σφι
1007 861 1105 931 τόνδε

104 957 242 1042 ἐξέφηνε
256 953 375 1041 λόγον·
402 946 442 1020 Ὦ
463 958 548 1033 ξεῖνε
562 959 773 1040 Σπαρτιῆτα,
795 950 925 1023 ὀνείδεα
947 959 1104 1026 κατιόντα

105 1051 277 1145 ἀνθρώπῳ
294 1055 401 1139 φιλέει
413 1051 594 1136 ἐπανάγειν
610 1047 671 1119 τόν
687 1049 811 1136 θυμόν.
834 1050 877 1119 σὺ
891 1057 1005 1138 μέντοι
1021 1052 1106 1123 ἀπο-

105 1144 283 1237 δεξόμενος
293 1148 479 1238 ὑβρίσματα
491 1152 528 1218 έν
538 1148 685 1241 τῷλόγῳ
695 1147 738 1216 οὑ
748 1175 789 1235 με
799 1158 923 1230 πείσεις
935 1150 1106 1242 ἀσχήμονα

105 1253 143 1318 έν
156 1258 196 1339 τῆ
214 1248 338 1338 ἀμοιβή
351 1250 518 1335 γενέσθαι.
541 1246 625 1318 ὅπου
640 1250 677 1316 δὲ
697 1245 792 1335 ὑμεῖς
806 1247 895 1317 οὑτω
913 1253 1106 1337 περιέχεσθε

104 1358 162 1437 τῆς
177 1347 365 1437 ἡγεμονίης,
380 1347 471 1428 οἰκός
485 1351 540 1417 καὶ
552 1350 609 1435 έμδ
618 1354 748 1435 μᾶλλον
757 1346 871 1435 ὑμέων
881 1352 1105 1438 περιέχεσθαι,

106 1453 259 1534 στρατιῆς
271 1473 307 1515 τε
321 1445 418 1516 έόντα
433 1453 680 1534 πολλαπλησίης
691 1444 842 1535 ἡγεμόνα
855 1450 910 1516 καὶ
924 1457 1012 1518 νεῶν
1022 1460 1106 1520 πολ-

105 1546 167 1617 λδυ
180 1546 345 1615 πλεύνων.
375 1543 449 1616 ἀλλ’
468 1549 542 1615 έπεί
554 1572 590 1614 τε
603 1543 686 1633 ὑμῖν
702 1543 720 1615 ὁ
735 1545 834 1632 λόγος
848 1546 937 1617 οὑτω
954 1550 1105 1635 προσόνε

5 1662 6 1665 ’
104 1675 164 1734 της
179 1653 384 1732 κατίσταται,
405 1644 498 1734 ἡμεῖς
513 1672 545 1713 τι
564 1644 744 1732 ὑπείξομεν
757 1654 819 1714 τοῦ
835 1644 975 1734 ἀρχαίου
988 1646 1102 1733 λόγον.

106 1751 209 1813 εἰτοῦ
223 1744 285 1829 μὲν
301 1749 402 1824 πεζοῦ
416 1742 509 1829 ὑμεῖς
523 1741 698 1829 ἡγέοισθε,
720 1750 780 1811 τοῦ
801 1744 838 1812 δδ
851 1750 1013 1813 ναντικού
1030 1742 1106 1830 έγοδ,

107 1847 186 1911 εἰδὲ
199 1841 281 1929 ὑμῖν
295 1839 400 1928 ἡδονὴ
420 1848 482 1908 τοῦ
499 1839 582 1913 κατὰ
603 1843 781 1911 θάλασσαν
793 1841 1024 1932 ἡγεμονεύειν,
1046 1849 1107 1911 τοῦ

2 1932 7 1999 ἶ
105 1945 207 2020 πεζοῦ
224 1938 288 2025 έγά
303 1940 419 2008 έθέλω.
448 1941 503 2006 καὶ
518 1934 540 2025 ἡ
555 1939 703 2007 τούτοισι
717 1938 820 2026 ὑμέας
834 1942 943 2029 χρεόν
957 1944 1025 2010 έστι
1045 1939 1108 2028 ἀρ-

3 2068 5 2085 1
107 2041 244 2106 κέεσθαι
259 2033 281 2123 ἡ
299 2034 433 2106 ἀπιέναι
452 2038 636 2123 συμμάχων
649 2042 798 2105 τοσῶνδε
811 2041 963 2126 έρήμους.
992 2043 1108 2110 Γέλων

3 2152 4 2159 ’
106 2136 169 2223 μὲν
186 2135 226 2224 δὴ
240 2145 344 2206 ταῦτα
361 2140 586 2222 προετείνετο,
608 2133 744 2221 φθύσας
760 2132 827 2204 δέὺ
844 2134 1032 2224 Ἀθηναίων
1045 2137 1108 2223 ἀγ·
1126 2143 1172 2199 161

3 2226 5 2297 ἶ
106 2244 202 2323 γελος
216 2233 277 2304 τόν
293 2233 567 2322 Λακεδαιμονίων
583 2233 738 2321 ἀμείβετό
751 2261 811 2321 μιν
826 2241 965 2305 τοισίδε·
990 2230 1030 2304 Ὦ
1044 2244 1107 2324 βα-

107 2340 201 2404 σιλεύ
210 2340 447 2420 Συρηκοσίων,
463 2332 526 2407 οὑκ
535 2332 700 2422 ἡγεμόνος
713 2339 853 2422 δεομένη
867 2333 1012 2423 ἡἙλλάς
1026 2334 1108 2405 ἀπέ-

107 2446 237 2520 πεμψεν
249 2430 352 2519 ἡμέας
366 2431 450 2519 πρός
465 2434 519 2519 σὲ,
541 2430 626 2503 ἀλλά
644 2441 805 2521 στρατιῆς.
835 2433 878 2503 σὺ
894 2437 931 2504 δέ
944 2431 1032 2515 όκως
1044 2436 1107 2521 μέν

107 2531 265 2620 στρατιήν
279 2534 418 2619 πέμψεις
434 2530 479 2619 μῆ
493 2531 679 2621 ἡγεύμενος
697 2540 756 2621 τῆς
768 2532 940 2621 Ἑλλάδος,
963 2533 1006 2602 ού
1021 2558 1107 2619 προ·

108 2638 254 2721 φαίνεις,
279 2628 324 2710 ὡς
338 2632 375 2700 δὲ
392 2632 627 2719 στρατηγήσεις
643 2630 762 2718 αὑτῆς,
784 2639 919 2717 γλίχεαι.
948 2630 1031 2700 ὅσον
1045 2636 1107 2717 μέν

3 2810 5 2819 Ι
109 2757 174 2799 νυν
184 2727 308 2808 παντὸς
317 2736 378 2797 τοῦ
389 2726 557 2817 Ἑλλήνων
569 2738 713 2819 στρατοῦ
724 2733 812 2799 ἐδέεο
824 2728 995 2818 ἡγέεσθαι,
1011 2733 1107 2818 έξήρ-

3 2824 5 2903 ἕ
108 2859 159 2901 κει
173 2828 254 2918 ἡμῖν
267 2842 352 2897 τοῖσι
362 2825 570 2915 Ἀθηναίοισι
585 2828 726 2917 ἡσυχίην
741 2828 835 2916 ἀγειν
851 2832 1106 2917 ἐπισταμένοισι,

3 3002 4 3007 ,
109 2926 185 3008 ὑςὺ
202 2926 326 2997 Λύκων
341 2928 457 3006 ίκανός
473 2953 525 2996 τοι
539 2934 654 3015 έμελλε
668 2935 805 2998 ἔσεσθαι
819 2933 875 3001 καὶ
893 2928 979 3013 ὑπὲρ
996 2926 1108 3017 ἀμφο-

3 3088 4 3097 ,
107 3032 214 3112 τέρων
224 3025 503 3114 ἀπολογεύμενος,
519 3029 593 3094 έπεί
602 3053 637 3095 τε
649 3029 686 3095 δέ
697 3024 826 3114 ὑπάσης
836 3025 1108 3114 ἀπελαυνόμενος

3 3128 5 3203 Ξ
108 3131 197 3195 δέεαι
210 3132 268 3213 τῆς
281 3133 440 3213 ναυτικῆς
450 3124 581 3212 ἄρχειν,
600 3124 689 3194 οὕτω
699 3130 763 3210 ἔχει
774 3149 842 3191 τοι·
865 3122 939 3192 οὐδ’
951 3119 1023 3211 ἡνό
1035 3125 1102 3192 Λά-

3 3234 5 3239 ’
107 3251 178 3293 κων
189 3227 264 3312 έπίη
273 3249 324 3292 τοι
335 3221 449 3310 ἀρχειν
460 3221 571 3309 αὑτῆς,
586 3220 680 3310 ἡμεῖς
694 3221 869 3308 ἐπήσομεν.
890 3220 1031 3309 ἡμετέρη
1040 3220 1106 3306 γάρ

108 3325 175 3390 έστι
186 3319 271 3407 αὑτη
281 3347 319 3408 γε
330 3318 374 3407 μὴ
386 3317 498 3389 αὑτῶν
508 3326 726 3406 βουλομένων
731 3321 1013 3405 Λακεδαιμονίων.
1025 3317 1107 3383 τού·

107 3441 194 3488 τυισι
209 3421 271 3504 μὲν
286 3413 335 3487 ἀν
354 3417 515 3505 ἡγέεσθαι
531 3421 767 3507 βουλομένοισι
788 3416 851 3486 οὑκ
870 3414 1107 3499 ἀντιτείνομεν,
