2588 3926
203 270 268 333 εοε
504 244 508 251 ’
583 278 835 336 νεεουοτι

207 437 342 520 δέτεροι.
365 429 386 522 ἡ
400 439 513 522 μέντοι
527 437 627 514 ἵππος
641 432 662 522 ἡ
675 439 877 521 Μαρδονίου
892 440 956 507 αίελ
968 440 1175 525 προσεκέετό
1187 467 1224 509 τε

205 534 261 603 καλ
277 534 395 604 ἐλύπεε
410 531 671 620 τούςἝλληνας·
694 539 727 603 οί
738 532 804 622 γάρ
815 542 968 622 Θηβαίοι,
982 534 1042 605 άτε
1057 542 1222 625 μηδίζον-

205 658 258 712 τες
275 631 442 720 μεγάλως,
470 632 657 720 προθύμως
676 638 801 719 ἐφερον
821 629 883 701 τόν
901 633 1052 721 πόλεμον
1073 639 1134 706 καὶ
1155 641 1218 707 αίελ

206 735 406 820 κατηγέοντο
420 736 514 820 μέχρι
528 732 651 819 μάχης,
665 729 703 800 τό
719 733 756 800 δέ
768 728 835 800 άπὸ
846 732 971 802 τούτου
980 736 1217 824 παραδεκόμε·

206 860 260 903 νοι
276 833 403 919 Πέρσαι
423 858 459 900 τε
482 832 537 900 καλ
552 836 668 919 Μῆδοι
688 831 777 920 μάλα
795 838 897 901 ἐσκον
918 839 954 902 οἳ
971 830 1215 904 ἀπεδείκνυντο

206 959 334 1020 αρετας.

157 1046 187 1099 λλ
289 1030 397 1116 Μέχρι
413 1029 475 1116 μέν
489 1055 555 1098 νυν
573 1036 641 1097 τῶν
656 1029 736 1097 δέκα
753 1026 906 1117 ἡμερέων
919 1026 1021 1099 οῦδὲν
1037 1032 1092 1098 ἐπί
1105 1036 1216 1098 πλεῦν

204 1134 331 1218 έγίνετο
351 1130 499 1215 τούτων,
522 1125 567 1207 ὡς
587 1131 624 1195 δὲ
639 1126 798 1212 ἑνδεκάτη
820 1127 973 1214 έγεγόυεε
988 1126 1216 1217 ἡμέρηάντι-

204 1229 417 1316 κατημένοισι
428 1229 668 1315 ἐνΠλαταιῇσι,
679 1227 758 1292 οἵτε
768 1221 974 1312 δὴἝλληνες
983 1235 1098 1317 πολλῷ
1106 1234 1215 1298 πλεῦ-

205 1355 259 1409 νες
270 1327 479 1415 ἐγεγόνεσαν,
491 1328 547 1395 καλ
557 1323 755 1407 Μαρδόνιος
768 1327 982 1411 περιημέκτεε
993 1331 1034 1413 τῇ
1045 1328 1136 1415 ἕδρη.
1156 1329 1215 1396 ἐν·

202 1436 315 1500 θαῦτα
335 1431 368 1508 ἐς
387 1425 509 1513 λόγους
522 1417 634 1512 ἦλθον
658 1422 852 1509 Μαρδόνιός
872 1448 909 1491 τε
928 1419 1133 1511 όΓωβρύεω
1157 1428 1215 1493 καὶ

199 1521 643 1613 ἈρτάβαζοςόΦαρνάκεος,
655 1519 692 1600 ὃς
703 1524 741 1590 έν
750 1520 1057 1609 όλίγοισιΠερσέων
1066 1516 1112 1611 ἦν
1121 1520 1212 1610 άνηρ
1279 1564 1280 1567 =

84 1641 88 1649 '
203 1624 340 1709 δόκιμος
351 1619 560 1708 παρὰΞέρξη.
574 1622 836 1707 βουλευομένων
843 1620 881 1690 δὲ
891 1624 966 1690 αἵδε
974 1614 1112 1710 ἤσαυαί
1119 1628 1212 1708 γυῦ.

86 1720 90 1727 ’
202 1750 277 1812 μαι,
295 1716 393 1810 ἡμλυ
403 1717 621 1807 Ἀρταβάζου,
640 1715 685 1797 ὡς
698 1717 807 1806 χρεων
822 1730 873 1807 είη
887 1718 1132 1804 ἀναζεύξαντας
1147 1722 1210 1811 τὴν

202 1826 356 1908 ταχίστην
376 1817 486 1887 πάντα
503 1815 563 1887 τόν
583 1816 726 1904 στρατόν
746 1821 834 1888 ίέναι
851 1822 883 1899 ές
900 1818 938 1888 τό
959 1835 1064 1909 τεῖχος
1084 1820 1123 1890 τὸ
1138 1832 1205 1910 Θη-

202 1924 324 2008 βαίων,
341 1923 426 1987 ἔνθα
441 1916 535 1987 σλτόν
550 1920 589 1986 τέ
602 1935 662 2003 σφι
677 1920 906 2005 ἐσενηνεῖχθαι
921 1917 1049 1988 πολλὰν
1062 1922 1118 1988 καλ
1126 1920 1208 2007 χόρ-

202 2044 261 2086 τον
281 2031 365 2086 τοίσι
385 2013 608 2104 ὑποζυγίοισι,
630 2013 703 2084 κατ’
727 2013 869 2104 ἡσυχίην
885 2041 921 2085 τε
941 2018 1113 2105 ἱζομένους
1133 2024 1207 2089 δια·

202 2116 412 2204 πρήσσεσθαι
433 2121 611 2193 ποιεῦντας
625 2115 714 2182 τάδε.
745 2119 833 2201 ἔχειν
847 2111 911 2201 γάρ
932 2114 1060 2203 χρυσόν
1079 2117 1208 2187 πολλόν

201 2215 263 2302 μέν
277 2216 449 2300 ἐπίσημον,
464 2209 593 2283 πολλόν
604 2212 640 2280 δέ
650 2214 706 2280 καὶ
720 2209 863 2300 άσημου,
877 2209 1005 2281 πολλόν
1018 2213 1056 2280 δέ
1071 2216 1128 2282 καλ
1145 2213 1208 2302 ἄρ
1278 2254 1279 2305 ρ

200 2311 308 2400 γυρόυ
329 2335 364 2378 τε
385 2314 440 2378 καί
457 2307 649 2396 έκπτόματα·
674 2310 805 2378 τούτων
819 2314 1042 2398 φειδομένους
1061 2313 1206 2398 μηδενὸς
1278 2314 1279 2365 3

201 2412 398 2495 διαπέμπειν
420 2408 453 2485 ἐς
473 2404 552 2485 τοῦς
567 2403 744 2492 Ἕλληνας,
765 2404 935 2495 Ἑλλήνων
954 2407 991 2476 δέ
1011 2409 1155 2495 μάλιστα
1175 2412 1208 2488 ἐς

200 2505 279 2596 τούς
293 2510 519 2593 προεστεῶτας
533 2507 571 2573 ἐν
586 2511 661 2594 τῇσι
675 2505 799 2599 πόλισι,
814 2508 869 2576 καί
884 2510 1006 2593 ταχέως
1021 2508 1124 2595 σφέας
1139 2532 1208 2575 πα-

201 2600 367 2692 ραδώσειν
386 2599 448 2691 τὴν
470 2605 686 2692 ἐλευθερίην,
713 2605 797 2691 μηδὲ
816 2601 1098 2675 ἀνακινδυνεύειν
1118 2625 1207 2694 συμ-
1278 2596 1279 2683 J

201 2703 394 2791 βάλλοντας.
417 2700 540 2771 τούτου
550 2703 614 2788 μέν
627 2699 727 2789 νυνὴ
742 2698 825 2789 αύτὴ
841 2704 968 2793 ἐγίνετο
979 2706 1035 2773 καὶ
1046 2711 1207 2793 Θηβαίων
1278 2700 1279 2741 λ

200 2802 328 2890 γνεόμη,
344 2797 389 2881 ὡς
404 2803 597 2888 προειδότος
612 2808 719 2870 πλεῦν
732 2828 764 2870 τι
781 2801 836 2869 καλ
850 2799 984 2886 τούτου,
1001 2807 1205 2889 Μαρδονίου

200 2902 236 2969 δέ
250 2904 444 2988 ἰσχυροτέρη
458 2926 494 2968 τε
514 2904 569 2970 καὶ
585 2897 861 2987 ἀγνωμονεστέρη
876 2901 932 2968 καὶ
945 2896 1102 2988 ούδαμιῦς
1118 2921 1203 3023 συγ-

199 2999 439 3087 γινωσκομένη
461 3000 592 3066 δοκέειν
604 3025 640 3066 τε
655 2996 719 3085 γάρ
734 3003 847 3090 πολλοῦ
862 3001 1028 3084 κρέσσονα
1041 2996 1178 3067 εἶναι
1141 3028 1203 3121 την

200 3099 366 3203 σφετέρην
386 3091 544 3181 στρατιην
563 3121 620 3214 της
635 3095 844 3183 Ἑλληνικῆς,
865 3094 1072 3183 συμβάλλειν
1093 3124 1128 3167 τε
1141 3097 1204 3186 τὴν

199 3178 353 3280 ταχίστην
367 3191 450 3278 μηδὲ
459 3199 622 3282 περιορᾶν
636 3195 902 3281 συλλεγομένους
915 3199 963 3263 ἐτι
977 3203 1126 3277 πλεῦνας
1135 3205 1203 3266 τῶν
1277 3270 1278 3279 ,

199 3290 537 3374 σνλλελεγμένων,’
496 3315 536 3358 τα
546 3316 583 3358 τε
594 3292 722 3412 σφάγια
732 3291 773 3361 τά
784 3290 1048 3380 Ἡγησιστράτου
1060 3296 1120 3363 ἐάν
1130 3304 1203 3382 χαί-

199 3411 272 3472 ρειν
285 3383 369 3469 μηδὲ
385 3384 576 3474 βιάζεσθαι,
604 3386 689 3458 άλλά
709 3389 857 3483 νόμφ
826 3417 871 3459 τω
858 3394 1046 3478 Περσέων
1065 3398 1204 3482 χρεομέ-

151 3498 186 3550 4κ
200 3506 281 3557 νοος
295 3479 510 3564 συμβάλλειν
535 3485 666 3554 Τούτου
678 3486 771 3555 &W
729 3512 817 3556 ουτω
829 3489 1037 3567 δικαιεῦντος
1047 3486 1204 3578 άυτέλεγε
1277 3504 1278 3563 λ
