2606 3920
198 236 259 299 226
573 238 826 303 HERODOTI

195 399 252 481 τῆς
266 390 380 481 ἀντίης
394 395 608 481 προσπλάειν
623 394 666 463 ού
676 397 725 465 κά
740 415 801 483 σφι
816 400 929 466 ε’δόκεε
943 405 1049 468 τῶνδε
1061 404 1201 490 εἵνεκεν,
1291 400 1293 515 χ

193 494 240 582 μή
256 521 323 574 κως
336 495 464 573 ίδόντες
480 493 675 579 υίἝλληνες
688 497 951 580 προσπλώοντας
961 504 995 577 ές
1009 498 1123 586 φυγὴν
1139 499 1201 585 ὁρ·
1292 520 1293 537 ³

193 594 345 681 μησειαν,
360 593 549 680 φεύγοντάς
559 620 595 662 τε
611 593 761 681 εὐφρόνη
773 597 972 684 καταλάβοι·
994 603 1050 668 καὶ
1060 606 1200 687 ἔμελλον

193 700 301 783 δῆθεν
315 694 555 780 ἐκφεύξεσθαι,
578 697 649 761 ἔδεε
660 694 696 761 δέ
711 697 795 780 μηδὲ
806 695 987 782 πυρφόρον
996 704 1043 787 τῷ
1060 701 1198 767 ἐκείνων

157 807 174 863 7
191 795 280 886 λόγω
287 793 479 881 ἐκφυγόντα
489 792 735 879 περιγενέσθαι.
748 791 841 876 Πρός
850 800 954 860 ταῦτα
966 787 1016 861 ἀν
1025 795 1105 865 τάδε
1116 799 1196 883 ἐμη-

190 894 366 978 χανέοντο·
394 898 462 958 τῶν
477 896 564 958 νεῶν
584 887 743 957 ἁπασέων
764 887 1006 976 ἀποκρίναντες
1026 896 1197 978 διηκοσίας
1292 932 1293 935 ¹

108 1036 112 1043 -
191 991 418 1075 περιέπεμπον
436 990 562 1066 ἔξωθεν
576 985 752 1070 Σκιάθου,
775 983 820 1064 ὥς
836 980 880 1053 ἀν
896 983 940 1072 μη
956 983 1107 1072 όφθέωσι
1127 987 1195 1057 ὑπό

189 1092 258 1153 τῶν
274 1090 443 1170 πολεμίων
457 1083 707 1170 περιπλάουσαι
719 1080 871 1167 Εὔβοιαν
885 1084 969 1150 κατά
985 1109 1020 1151 τε
1032 1088 1196 1172 Καφηρέα

189 1186 244 1250 καὶ
257 1180 442 1267 Γεραιστόν
456 1185 489 1261 ἐς
503 1180 564 1249 τόν
578 1179 748 1267 Εύριπον,
771 1184 828 1247 ’ίνα
852 1178 892 1266 δὴ
909 1181 1140 1270 περιλάβοιεν,
1162 1188 1198 1251 οί

188 1282 251 1369 μὲν
264 1280 369 1370 ταύτη
389 1277 586 1367 ἀπικόμενοι
601 1283 657 1348 καὶ
671 1281 858 1369 φράξαντες
878 1277 991 1347 αύτάν
1011 1279 1073 1367 τὴν
1087 1281 1194 1352 ὀπίσω

189 1381 361 1468 φέρονσαν
374 1376 468 1464 ὁδόν,
481 1393 576 1463 σφεῖς
587 1379 623 1445 δέ
635 1376 851 1463 ἐπισπόμενοι
862 1380 896 1457 ἐξ
908 1379 1067 1466 ἐναντίης.
1090 1389 1194 1449 ταῦτα
1292 1412 1293 1419 “

188 1477 455 1566 βουλευσάμενοι
467 1474 663 1561 ἀπέπεμπον
672 1482 741 1543 τόν
751 1481 840 1543 νεῶν
853 1472 912 1553 τάς
927 1484 1114 1564 ταχθείσας,
1129 1478 1195 1546 αύ·

189 1582 238 1644 τοὶ
253 1575 317 1643 ούκ
333 1580 370 1645 ἐν
385 1578 455 1668 νόφ
471 1583 600 1663 ἔχοντες
614 1576 737 1662 ταύτης
755 1584 813 1664 τῆς
825 1574 949 1664 ἡμέρης
963 1594 1048 1647 τοῖσι
1058 1578 1195 1669 Ἕλλησι

189 1674 430 1760 ἐπιθήσεσθαι,
452 1672 531 1742 οὐδὲ
545 1672 711 1762 πρότερον
730 1670 752 1762 ἦ
768 1673 805 1743 τό
820 1676 981 1764 σύνθημά
996 1699 1056 1764 σφι
1077 1685 1194 1765 ἔμελλε

189 1770 403 1856 φανήσεσθαι
418 1770 508 1859 παρά
520 1778 589 1840 τῶν
598 1772 860 1859 περιπλωόντων
872 1771 917 1852 ὡς
925 1773 1088 1861 ἡκόντων.
1109 1779 1194 1846 ταύ-

186 1894 244 1948 τας
264 1869 383 1959 μὲνδὴ
399 1874 641 1959 περιέπεμπον,
665 1879 733 1939 τῶν
749 1871 785 1939 δέ
799 1877 945 1941 λοιπέων
958 1881 1047 1942 νεῶν
1061 1878 1098 1943 έν
1117 1883 1194 1964 τῇσι

154 1967 338 2089 θἈφετῆσι
352 1976 526 2043 ἐποιεῦντο
541 1970 699 2059 ἀριθμόν.
718 1971 772 2041 Ἐν
787 1974 824 2042 δέ
837 1972 944 2065 τούτῳ
958 2001 1004 2043 τω
1019 1973 1140 2099 χρόνω,
1156 1975 1194 2042 ἐν

187 2076 232 2160 τφ
253 2096 348 2139 ουτοι
369 2069 518 2158 ἀριθμόν
535 2073 707 2140 ἐποιεῦντο
728 2078 796 2139 τῶν
816 2098 905 2140 νεων
925 2044 990 2161 (ἦν
1004 2072 1069 2175 γάρ
1090 2100 1128 2141 εν
1146 2099 1192 2162 τφ

185 2172 398 2259 στρατοπέδω
411 2171 519 2262 τούτῳ
533 2177 702 2257 Σκυλλίης
715 2180 903 2249 Σκιωναῖος
918 2171 1018 2257 δύτης
1031 2198 1100 2239 των
1118 2171 1193 2239 τότε

186 2264 415 2350 ἀνθρύπων”
392 2288 543 2353 αριστος,
557 2266 594 2346 ὃς
603 2270 686 2337 καί’
670 2295 707 2336 εν
717 2295 757 2358 τη
743 2276 963 2358 ναυηγίη”
924 2298 963 2357 τη
975 2268 1058 2339 κατά
1069 2296 1107 2337 το
1096 2267 1193 2357 Πη’-
1292 2314 1293 2319 1

184 2374 261 2433 λιον
269 2368 435 2452 γενομένη
444 2364 591 2434 πολλά
557 2393 619 2452 μεν
631 2372 733 2443 ἔσωσε
744 2395 812 2436 των
823 2369 1001 2455 χρημάτων
1009 2383 1094 2437 τοῖσι
1100 2371 1193 2452 Περ-

184 2479 280 2549 σησι,
301 2459 408 2528 πολλοὶ
424 2462 460 2530 δέ
476 2465 532 2530 καὶ
546 2461 647 2543 αύτός
660 2467 907 2554 περιεβάλετο),
929 2460 1058 2546 ούτοςὸ
1074 2475 1192 2536 Σκυλ-

183 2564 257 2681 λίης
271 2558 365 2626 ἐν’
323 2586 392 2650 νοφ
407 2560 469 2647 μευ
485 2559 585 2647 είχε”
561 2587 627 2649 αρα
643 2566 698 2632 καὶ
714 2564 881 2652 πρότερον
897 2563 1141 2651 αὐτομολήσειν
1156 2568 1190 2644 ἐς

182 2656 262 2738 τούς
268 2656 440 2748 Ἕλληνας,
456 2659 530 2729 ἀλλ’
544 2658 586 2730 ού
596 2662 662 2749 γάρ
678 2667 712 2732 οί
720 2661 896 2751 παρέσχε
874 2690 933 2743 ως
928 2665 1012 2733 τότε.
1034 2663 1116 2757 ὅτεφ
1127 2667 1192 2750 μεν

183 2756 224 2844 δὴ
239 2759 353 2851 τρόπφ
367 2787 405 2828 το
393 2757 583 2830 ἐνθεῦτεν
597 2762 678 2830 ἐπ’
659 2769 794 2832 απίκετο
807 2766 840 2843 ἐς
854 2761 934 2844 τούς
938 2763 1111 2852 Ἕλληνας,
1127 2764 1191 2834 οὐκ
1292 2838 1293 2855 χ

183 2853 298 2973 έχωί
267 2880 356 2924 επαι
372 2854 550 2942 ἀτρεκέως,
573 2861 743 2947 θωυμάζω
759 2863 811 2946 δέ,
832 2858 922 2930 είτά
937 2861 1103 2950 λεγόμενά
1120 2866 1190 2931 ἐστι
1292 2862 1293 2927 λ

182 2946 320 3036 ἀληθέα.
341 2953 525 3068 λέγεται
486 2981 562 3041 γαρ,
581 2954 627 3035 ὦς
641 2961 674 3037 ἐξ
684 2954 848 3046 Ἀφετέων
859 2955 921 3038 δύς
932 2957 1015 3038 ἐς
979 2986 1041 3047 την
1055 2960 1190 3028 θάλασ-

181 3068 247 3113 σαν
260 3043 302 3113 ού
318 3049 485 3135 πρότερον
498 3047 627 3139 ἀνέσχε,
643 3051 756 3142 πρίνη
769 3053 904 3131 ἀπίκετο
921 3052 1024 3123 ἐπὶ
989 3081 1027 3124 το
1039 3053 1187 3142 Ἀρτεμί-
1292 3084 1293 3099 ’

181 3140 273 3226 σιον,
296 3149 451 3223 σταδίους
470 3148 615 3230 μάλιστά
639 3177 681 3238 κη
702 3151 843 3231 τούτους
863 3155 896 3231 ές
916 3149 1110 3239 όγδάκοντα
1132 3152 1188 3219 διά
1292 3152 1293 3177 ³

179 3246 237 3324 τῆς
247 3240 420 3326 θαλάσσης
438 3246 629 3324 διεξελθών
653 3253 781 3335 λέγεται
791 3254 854 3335 μέν
864 3277 930 3317 νυν
941 3278 996 3319 και
985 3250 1091 3320 ἀλλα
1103 3266 1190 3330 ψευ-

180 3337 251 3400 δέσι
263 3343 356 3400 ίιιελα
368 3338 443 3421 περὶ
453 3364 514 3404 του
500 3338 650 3429 ἀνδρός
662 3346 843 3433 τούτου,τα
832 3343 892 3414 δέ
902 3351 1093 3435 μετεξέτερα
1103 3348 1189 3434 ἀλη-

179 3436 253 3495 θέα.
277 3433 353 3512 περὶ
368 3432 483 3516 μέντοι
498 3439 621 3507 τούτου
636 3444 754 3530 γνάμη
768 3471 825 3530 μοι
846 3442 1063 3533 ἀποδεδέχθω
1080 3457 1190 3541 πλοίω
