2562 3926
352 227 438 286 LIB.
468 227 513 285 111.
548 227 646 288 CAP.
678 233 820 293 'lo-73.
1024 230 1087 297 251

87 379 137 463 ιδς
156 377 222 469 ἐγιδ
242 382 387 470 κατερέω
408 382 492 472 πρὸς
512 381 573 455 τόν
588 384 708 473 μάγον.
752 385 851 475 Λέγει
874 388 959 475 πρὸς
979 398 1083 461 ταῦτα
1103 407 1138 462 72

84 476 234 570 Ὀτάνης,
261 479 471 571 ἔπειδήάρα
497 484 727 573 σπερχόμενον
746 497 911 574 Δαρείου·
958 483 1085 560 Ἐπείτε

85 580 185 670 ἡμέας
200 583 422 671 συνταχύνειν
444 583 639 673 ἀναγκάζεις
659 589 715 656 καὶ
734 583 1006 676 ὑπερβάλλεσθαι
1021 586 1084 658 οάκ

83 683 154 773 ἐᾷς,
175 684 278 763 ἔθιέξ
262 685 360 770 ξηγέο
395 681 496 765 αύτδς
515 682 598 777 ὅτεῳ
618 685 731 779 τρόπω
751 687 897 807 πάριμεν
918 683 1002 767 ἐς
966 715 1006 756 τα
1020 696 1084 777 βα-

82 777 192 870 σιλήια
209 782 265 849 καί
278 781 529 871 ἐπιχειρήσομεν
543 781 682 854 αὐτοῖσι.
708 783 862 872 φυλακάς
877 782 942 875 γάρ
957 784 1004 875 δή
1014 791 1085 856 διε-

81 876 329 959 στεάσαςοῖδάς
342 879 632 1006 κουιιαλαύτδς,ε
616 889 647 952 εί
659 880 730 971 μήί
715 887 815 971 ί,δοίν
827 881 902 954 ἀλλ’
919 883 1082 964 ἀνιούσας·

81 978 137 1060 τάς
150 982 213 1071 τέῳ
227 979 340 1102 τρόπω
355 981 560 1070 περήσομευς
592 979 774 1070 Ἀμείβεται
784 993 929 1068 Δαρεῖος
942 987 1083 1052 τοισίδε’

79 1076 213 1165 Ὀτάνη,
235 1107 257 1168 η
245 1071 378 1148 πολλα
393 1077 515 1149 ἔπειτα
530 1080 619 1172 λόγῳ
633 1077 775 1168 μὲνόυκ
796 1077 850 1150 οἷά
869 1106 904 1150 τε
925 1084 1082 1170 δηλῶσαι,

26 1171 29 1176 ’
82 1185 168 1270 ἔργω
184 1179 237 1246 δι’
270 1175 407 1247 ἀλλαδ’
434 1177 559 1249 ἐστὶ
522 1206 562 1247 τοι
583 1178 672 1271 λόγῳ
692 1180 732 1267 μὲ
733 1205 754 1246 ν
717 1174 829 1249 ὲοίά
848 1206 900 1268 τε,
922 1185 1022 1268 ἔργον
1045 1182 1082 1248 δὲ

79 1271 215 1348 ούδέν’
195 1272 254 1344 ἀπ’
270 1272 383 1345 αὐτῶν
396 1273 551 1364 λαμπρδν
566 1284 700 1364 γίνεται.
728 1275 822 1365 ὑμεῖς
837 1280 873 1346 δὲ
887 1285 956 1346 ἔστε
969 1285 1081 1363 φυλα·

80 1374 141 1456 κάς
163 1370 223 1454 τ’άς
241 1375 466 1457 κατεστεώσας
482 1376 602 1456 ἐούσας
615 1372 716 1444 ούδὲν
728 1373 872 1463 χαλεπάς
886 1383 1077 1464 παρελθεῖν.

79 1485 176 1549 τούτο
194 1476 257 1564 μὲν
275 1474 340 1566 γάρ
361 1474 473 1566 ἡμέων
493 1477 619 1548 ἐόντων
638 1481 778 1546 τοιῶνδε
797 1473 906 1557 οὐδεὶς
926 1472 1018 1555 ὅστις
1037 1468 1080 1544 οά

77 1577 238 1666 παρήσει,
258 1577 299 1647 τά
319 1579 382 1664 μέν
396 1602 461 1645 κου
477 1576 732 1664 καταιδεόμενος
753 1572 873 1664 ἡμέας,
897 1571 938 1642 τά
956 1575 996 1643 δέ
1015 1599 1080 1647 κου

79 1681 132 1748 καὶ
157 1681 356 1765 δειμαίνων,
377 1684 476 1747 τοῦτο
500 1678 538 1748 δὲ
562 1683 626 1765 ἔχω
650 1674 751 1757 αύτδς
771 1684 895 1764 σκῆψιν
916 1670 1080 1763 εύπρεπε-

78 1778 218 1865 στάτην,
233 1782 273 1866 τῇ
285 1775 448 1865 πάριμεν,
470 1774 537 1863 φάς
554 1775 628 1864 ἀρτι
642 1802 678 1845 τε
691 1774 787 1864 ήκειν
801 1778 838 1845 ἔκ
851 1775 1011 1860 Περσέων
1024 1777 1079 1840 καὶ

77 1876 265 1963 βούλεσθαί
274 1902 306 1945 τι
319 1880 397 1955 ἔπος
410 1873 501 1963 παρά
514 1882 577 1944 τοῦ
590 1874 715 1964 πατρὸς
725 1879 870 1963 σημῆναι
882 1878 927 1964 τῷ
938 1873 1075 1959 βασιλέϊ.

77 1981 161 2045 ἔνθα
175 1972 243 2062 γάρ
252 2001 284 2042 τι
295 1977 348 2043 δεῖ
359 1979 482 2057 ψεῦδος
494 1978 669 2062 λέγεσθαι,
683 1976 842 2062 λεγέσθω.
865 1976 927 2040 τοῦ
937 1967 1003 2056 γάρ
1016 1965 1079 2036 αύ-

77 2081 135 2143 τοῦ
149 2072 335 2160 γλιχόμεθα
351 2077 386 2142 οἵ
403 2101 439 2142 τε
452 2074 655 2161 ψευδόμενοι
669 2076 724 2145 καλ
739 2077 775 2142 οί
787 2079 827 2164 τῇ
848 2068 990 2158 ἀληθείη
1005 2072 1080 2135 δια-

75 2173 259 2261 χρεόμενοι.
288 2178 323 2242 οί
334 2176 396 2260 μέν
411 2200 449 2262 γε
463 2174 645 2256 ψεύδονται
657 2172 749 2260 τότε,
774 2168 877 2247 ἐπεάν
889 2195 922 2236 τι
935 2168 1079 2254 μέλλωσι

76 2288 162 2343 τοῖσι
175 2271 315 2355 ψεύδεσι
333 2281 506 2355 πείσαντες
528 2274 768 2365 κερδήσεσθαι,
790 2276 825 2340 οί
842 2267 874 2340 δ’
898 2266 1077 2358 ἀληθίζον-

74 2397 143 2458 ται,
158 2374 217 2439 ἵνα
231 2399 263 2439 τι
275 2379 316 2463 τῇ
330 2369 470 2464 ἀληθείη
484 2374 731 2444 ἐπισπάσωνται
745 2373 862 2461 κέρδος
875 2378 935 2440 καί
945 2396 977 2437 τι
990 2374 1077 2455 μάλ-

76 2473 137 2541 λόν
151 2492 214 2559 σφι
230 2473 455 2562 ἐπιτράπηται.
478 2471 566 2544 οὕτω
580 2471 622 2544 ού
638 2470 742 2543 ταύτόι
757 2470 932 2550 ἀσκέοντες
944 2465 1076 2541 τώυτοῦ

73 2568 307 2657 περιεχόμεθα.
330 2577 362 2641 εί
373 2571 410 2641 δὲ
420 2573 526 2661 μηδὲν
536 2573 758 2662 κερδήσεσθαι
769 2574 939 2658 μέλλοιεν,
954 2565 1075 2655 ὁμοίως

74 2664 116 2737 ἀν
130 2668 152 2739 ὅ
164 2695 202 2738 τε
217 2666 456 2760 ἀληθιζόμενος
470 2671 596 2761 ψευδής
611 2683 660 2760 είη
677 2668 759 2741 καὶὸ
772 2669 978 2757 ψευδόμενος
991 2663 1076 2748 ἀλη-

10 2796 12 2839 3
72 2769 146 2859 δής.
171 2767 209 2849 δς
226 2765 270 2838 άν
290 2774 353 2859 μέν
370 2799 439 2842 νυν
457 2781 526 2843 τάν
545 2776 727 2861 πυλουρῶν
743 2768 829 2840 ἑκάν
842 2776 962 2860 πυρίη,
986 2761 1076 2855 αύτῷ

10 2902 11 2909 ¹
72 2873 105 2936 οί
119 2866 263 2956 ἀμεινον
282 2871 316 2949 ἔς
333 2870 458 2959 χρόνον
478 2878 584 2941 ἔσται·
605 2869 643 2951 δς
662 2869 695 2940 δ’
717 2866 761 2939 άν
781 2868 988 2959 ἀντιβαίνειν
1003 2888 1077 2932 πει-

71 2973 187 3052 ρᾶται,
203 2969 453 3039 διαδεικνύσθω
468 2973 617 3045 ἐνθαῦτα,
631 2967 696 3038 ἔιδν
709 2972 865 3056 πολέμιος
878 2970 934 3037 καλ
949 2969 1077 3035 ἔπειτεν

71 3062 241 3151 ἀσάμενοι
264 3069 330 3134 ἔσω
350 3073 453 3156 ἔργου
474 3069 636 3156 ἐχόμεθα.
686 3071 785 3155 Λέγει
804 3066 969 3157 Γωβρύης
993 3063 1075 3150 μετὰ
1092 3080 1125 3134 73

69 3171 190 3235 ταῦτα·
216 3161 355 3252 ’Ἄνδρες
370 3174 480 3255 φίλοι,
500 3165 582 3255 ἡμῖν
596 3166 673 3236 κότε
687 3167 825 3239 κάλλιον
839 3173 973 3255 παρέξει
991 3167 1070 3234 ἀνα»
1270 3196 1271 3249 χ

70 3264 248 3334 σείσασθαι
261 3260 325 3349 τήν
339 3262 463 3353 ἀρχην,
484 3293 506 3354 η
492 3261 557 3336 ”et
567 3293 606 3355 γε
619 3294 664 3355 μη
653 3261 792 3335 οἷοίτε
806 3264 954 3353 ἐσόμεθα
968 3261 1075 3351 αάτήν
1270 3254 1271 3309 δ

67 3357 302 3450 ἀναλαβέειν,
336 3357 526 3433 ἀποθανεῖν
563 3364 620 3434 ὅτε
640 3391 679 3453 γε
695 3362 867 3453 ἀρχόμεθα
888 3364 958 3480 μὲν
965 3359 1076 3438 ἐόντες
1156 3423 1158 3427 .

68 3454 233 3554 Πέρσαι’
213 3483 283 3528 υπο
271 3454 421 3551 Μήδου
436 3458 560 3551 ἀνδρὸς
574 3464 702 3559 μάγου,
723 3465 778 3535 καί
793 3459 916 3532 τούτου
932 3449 998 3529 ἀπα
1013 3455 1076 3528 οὐκ
1158 3533 1162 3537 ,
