2606 3920
192 234 256 297 220
571 240 823 298 HERODOTI

126 410 176 466 227
194 394 316 481 μόνιον
331 398 489 467 λιπέσθαι
503 397 712 483 μνημόσυνα.
748 396 844 465 Μετά
859 399 896 467 δέ
909 406 1032 468 τοῦτον
1045 399 1205 487 ἀριστεῦ·

194 511 249 561 σαι
260 495 414 579 λέγονται
425 495 687 581 Λακεδαιμόνιοι
699 495 763 564 δάο
773 491 941 584 ἀδελφεοὶ,
951 495 1088 584 ’Λλφεός
1099 525 1135 566 τε
1147 500 1205 566 καὶ

194 591 328 677 Μάρων
339 589 563 681 Ὀρσιφάντου
574 597 698 672 παῖδες.
718 596 892 663 Θεσπιέων
903 587 943 664 δέ
951 594 1125 681 εὐδοκίμεε
1135 597 1204 682 μά-

126 706 178 761 228
194 701 289 759 λιστα
303 699 349 783 τῷ
364 690 494 779 οὕνομα
505 686 550 779 ήν
559 691 785 779 Διθύραμβος
793 690 1005 781 Ἁρματίδεω.
1030 702 1204 780 Θαφθείσι
1292 696 1295 708 “

194 793 233 860 δέ
245 811 306 877 σφι
321 789 426 859 αὐτοῦ
442 793 564 882 ταάτη,
580 798 620 880 τῇ
634 816 697 876 περ
712 798 852 877 ἔπεσον,
868 797 924 864 καί
933 809 1020 865 τοῖσι
1034 797 1202 882 πρότερον

193 892 406 980 τελευτήσασι
420 888 442 979 ή
457 890 525 961 ὑπό
540 897 716 961 Λεωνίδεω
732 892 1016 982 ἀποπεμφθέντας
1036 904 1201 982 οἴχεσθαι,
1294 944 1295 981 ,

178 993 429 1077 ,ἐπιγέγραπται
445 990 622 1078 γράμματα
634 995 773 1078 λέγοντα
786 993 882 1061 τάδε·
1248 989 1251 993 ’

236 1088 413 1172 Μοριάσιν
429 1091 508 1158 ποτὲ
522 1094 600 1179 τῇδε
614 1097 816 1177 τριηκοσίαις
832 1092 992 1179 ἐμάχοντο

273 1185 326 1254 Ἐκ
339 1186 606 1254 Πελοποννάσου
620 1188 765 1272 χιλιάδες
778 1190 916 1277 τέτορες.
1294 1250 1295 1253 ,

196 1293 308 1354 Ταῦτα
322 1287 385 1373 μὲν
405 1284 446 1372 δή
461 1301 547 1354 τοῖσι
561 1293 642 1354 πᾶσι
657 1279 908 1375 ἐπιγέγραπται,
928 1303 1013 1356 τοῖσι
1027 1289 1064 1356 δὲ
1079 1297 1199 1373 Σπαρ-
1294 1348 1295 1357 ,

192 1384 320 1471 τιήτησι
334 1388 417 1473 ίδίη·
1161 1414 1164 1421 ·
1294 1394 1295 1421 λ

230 1476 270 1548 Ὦ
287 1478 386 1565 ξεῖν’,
402 1478 576 1566 ἀγγέλλειν
590 1484 881 1569 Λακεδαιμονίοις,
901 1482 952 1551 ὅτι
966 1489 1043 1573 τῇδε

276 1583 427 1662 Κείμεθα
440 1591 509 1655 τοῖς
525 1585 647 1647 κείνων
661 1578 786 1665 ῥήμασι
795 1579 1010 1666 πειθόμενοι.

191 1680 483 1763 Λακεδαιμονίοισι
498 1674 616 1763 μὲνδὴ
631 1682 747 1762 τοῦτο,
762 1684 808 1768 τῷ
824 1682 861 1746 δὲ
875 1679 975 1764 μάντι
989 1679 1082 1748 τόδε
1198 1724 1200 1728 =

235 1781 364 1860 Μνημα
377 1774 454 1843 τόδε
469 1783 611 1844 κλειτοῖο
625 1781 813 1871 Μεγιστία,
825 1773 866 1843 όν
876 1801 960 1857 ,ποτε
975 1782 1089 1864 Μῆδοι
1177 1822 1182 1828 -
1294 1818 1295 1831 ¹

277 1870 463 1961 Σπερχειόν
477 1873 629 1959 ποταμὸν
642 1887 777 1942 κτεῖναν
791 1870 1022 1963 ἀμειψάμενοι,

234 1973 403 2059 Μάντιος,
419 1970 456 2053 δς
470 1974 544 2045 τότε
559 1980 673 2061 Κῇρας
687 1975 905 2070 ἐπερχομένας
915 1974 1012 2069 σάφα
1027 1971 1123 2054 είδάς

277 2071 350 2142 Οόιι
367 2079 443 2161 ἔτλη
456 2073 616 2161 Σπάρτης
630 2071 797 2161 ἡγεμόνας
811 2083 995 2165 προλιπεῖν.

187 2171 428 2263 Ἐπιγράμμασι
440 2176 501 2259 μέν
512 2200 579 2242 ννν
589 2176 644 2242 καί
656 2174 808 2262 στήλῃσι,
824 2169 919 2260 έξωή
932 2171 1043 2241 τὸτοῦ
1056 2175 1197 2261 μάντιος

193 2275 398 2360 ἐπίγραμμα,
412 2270 652 2358 ’Λμφικτόονές
667 2277 730 2338 είσί
740 2264 844 2357 σφεας
855 2274 889 2338 οί
903 2267 1194 2358 ἐπικοσμήσαντες,

191 2371 227 2439 τό
245 2372 281 2438 δέ
300 2377 361 2437 τοῦ
377 2369 514 2456 μάντιος
530 2377 719 2457 Μεγιστίεω
736 2376 927 2457 Σιμωνίδης
941 2370 960 2440 ὁ
975 2373 1196 2460 Λεωπρέπεός

191 2474 264 2541 ἐστι
274 2464 357 2534 κατά
373 2470 497 2553 ξεινίην
512 2466 530 2536 ὁ
546 2467 739 2561 ἐπιγράψας.

122 2576 175 2640 οῖς
207 2542 353 2694 fido
368 2567 404 2633 δέ
416 2565 547 2634 τὀότων
557 2574 626 2635 τῶν
638 2575 838 2654 τριηκοσίων
853 2569 982 2653 λέγεται
991 2563 1150 2652 Εὔρυτόν
1158 2593 1194 2633 τε

190 2668 245 2733 καί
269 2663 519 2753 Λριστόδημον,
547 2663 675 2748 παρεὸν
695 2662 825 2734 αὐτοῖσι
851 2663 1069 2752 ἀμφοτέροισι
1088 2668 1193 2752 κοινῷ

189 2763 279 2852 λόγῳ
293 2765 528 2849 χρησαμένοισι
541 2759 563 2849 ή
579 2758 800 2849 ἀποσωθῆναι
813 2762 900 2850 ὁμοῦ
915 2765 948 2842 ἐς
958 2762 1133 2849 Σπάρτην,
1150 2758 1194 2839 ὡς

189 2862 398 2944 μεμετιμένοι
411 2887 447 2929 τε
460 2854 547 2949 ἦσαν
562 2865 598 2929 ἐκ
614 2866 676 2928 τοῦ
691 2864 918 2949 στρατοπέδου
932 2859 1000 2929 ὑπὸ
1016 2863 1192 2929 Λεωνίδεω
1294 2858 1295 2865 '

189 2958 243 3024 καὶ
255 2964 429 3028 κατεκέατο
439 2963 476 3028 ἐν
486 2959 676 3047 Ἀλπηνοῖσι
687 2958 944 3047 ὀφθαλμιῶντες
953 2961 987 3038 ἐς
995 2957 1032 3026 τό
1043 2964 1193 3043 ἔσχατον,

187 3048 209 3138 ἢ
227 3061 261 3122 εί
270 3080 308 3140 γε
323 3052 366 3140 μή
378 3057 558 3143 ἐβούλοντο
570 3064 739 3144 νοστῆσαι,
755 3055 943 3125 ἀποθανεῖν
958 3055 1026 3142 ἅμα
1036 3068 1121 3123 τοῖσι
1133 3052 1194 3122 ἀλ·
1290 3085 1295 3101 <

187 3163 292 3240 λοισι,
306 3155 433 3237 παρεόν
444 3174 504 3243 σφι
518 3156 649 3225 τούτων
662 3155 702 3223 τὰ
714 3159 809 3243 ἕτερα
820 3158 948 3224 ποιέειν
960 3152 1023 3223 οὐκ
1035 3156 1194 3241 ἐθελῆσαι

188 3247 427 3337 ὁμοφρονέειν,
448 3248 533 3322 ἀλλά
553 3254 673 3341 γνάμη
693 3257 938 3341 διενειχθέντας
956 3251 1114 3339 Εὔρυτον
1130 3254 1192 3337 μὲν

188 3347 386 3433 πυθόμενον
399 3347 462 3437 τήν
474 3358 543 3419 τῶν
552 3353 713 3439 Περσέων
723 3357 899 3438 περίοδον,
914 3349 1096 3438 αἰτήσαντά
1105 3375 1142 3416 τε
1152 3345 1191 3417 τά

187 3440 274 3512 ὅπλα
287 3448 342 3513 καί
357 3445 515 3534 ἐνδόντα,
536 3448 632 3535 ἀγειν
646 3446 752 3519 αὐτόν
772 3457 927 3518 κελεῦσαι
942 3447 1003 3517 τόν
1024 3451 1143 3516 είλωτα
1159 3448 1192 3523 ἐς
