2606 3920
312 240 399 296 ΗΒ.
430 241 489 296 vn.
522 240 622 297 cAP.
656 244 832 300 166—170.
1028 235 1088 299 195

83 404 179 485 νέας,
197 402 456 483 καραδοκέοντες
466 400 520 465 καί
532 388 626 464 οὑτοι
639 394 700 464 τόν
714 397 862 483 πόλεμον
878 405 917 487 τῇ
928 402 1088 483 πεσέεται,

85 499 299 577 ἀελπτέοντες
312 502 376 584 μέν
388 492 637 582 τοὺςἝλληνας
653 495 931 584 ὑπερβαλέεσθαι,
951 499 1088 566 δοκέον-

83 625 136 677 τες
148 599 184 665 δὲ
196 595 256 664 τδν
262 600 399 683 Πέρσην
408 594 704 682 κατακρατήσαντα
714 592 842 664 πολλόν
855 595 970 682 ἀρξειν
981 594 1088 681 πάσης

12 748 14 751 .
83 703 140 783 τῆς
154 694 320 774 Ἑλλάδος.
346 698 480 764 ἐποίευν
498 685 547 761 όν
564 695 730 779 ἐπίτηδες,
744 696 803 759 ἵνα
817 698 915 779 έχωσι
930 691 1013 780 πρὸς
1029 690 1088 760 τόν

82 796 218 881 Πέρσην
228 799 339 879 λέγειν
349 790 477 860 τοιάδε·
496 784 693 876 Ὦβασιλεῦ,
700 788 793 877 ἡμεῖς
804 789 1087 876 παραλαμβανόν-

11 910 13 955 ι
82 920 152 963 των
166 889 414 978 τῶνἙλλήνων
429 886 646 975 ἡμέαςέςτδν
661 887 809 973 πόλεμον
823 894 946 955 τοῦτον
959 892 1088 972 ἔχοντες
1161 904 1164 913 ’

11 1022 13 1071 j
82 992 231 1076 δύναμιν
242 986 304 1056 οὑκ
319 991 492 1075 ἐλαχίστην
502 983 583 1054 οὐδὲ
593 990 671 1064 νέας
682 989 850 1072 ἐλαχίστας
862 983 1088 1073 παρασχόντες

82 1086 138 1175 ἀν,
154 1084 238 1156 ἀλλά
253 1093 407 1165 πλείστας
421 1085 504 1173 μετά
517 1111 556 1172 χε
568 1082 779 1172 Ἀθηναίους,
796 1082 859 1153 οὑκ
874 1081 1088 1172 ἠθελήσαμέν

81 1215 133 1258 τοι
148 1184 349 1256 ἀντιοῦσθαι
360 1183 443 1254 οόδέ
450 1214 481 1254 τι
495 1183 692 1273 ἀποθύμιον
702 1193 847 1273 ποιῆσαι.
871 1192 1018 1254 Τοιαῦτα
1032 1186 1087 1252 λέ-

81 1311 199 1374 γοντες
209 1283 346 1373 ἤλπιζον
360 1287 463 1353 πλέον
476 1310 508 1351 τι
522 1292 590 1351 τῶν
601 1283 713 1353 ἀλλων
725 1294 895 1353 οἴσεσθαι·
918 1284 958 1352 τά
969 1308 1031 1369 περ
1044 1278 1087 1349 ἀν

81 1390 138 1456 καὶ
154 1388 300 1471 ἐγένετο,
323 1381 368 1463 ὥς
384 1386 457 1471 ἐμοὶ
470 1388 586 1452 δοκέει.
614 1383 699 1470 πρὸς
713 1386 749 1453 δὲ
764 1381 842 1462 τοὺς
849 1381 1012 1468 Ἕλληνάς
1026 1406 1087 1468 σφι

9 1564 10 1569 ¹
81 1492 203 1572 σκῆψις
217 1487 402 1569 ἐπεποίητο,
418 1488 531 1572 τῇπερ
543 1479 583 1569 δὴ
596 1485 650 1550 καί
661 1482 857 1569 ἐχρήσαντο·
881 1485 1087 1567 αἰτιωμένων

9 1614 11 1619 ’
80 1584 146 1669 γὰρ
161 1589 229 1649 τῶν
239 1578 418 1667 Ἑλλήνων,
431 1577 483 1648 ότι
499 1577 562 1648 οὐκ
578 1581 754 1667 ἐβοήθεον,
771 1586 901 1667 ἔφασαν
913 1585 1086 1666 πληρῶσαι

9 1694 11 1745 ἶ
81 1679 144 1768 μέν
161 1679 320 1766 ἑξήκοντα
333 1679 504 1766 τριήρεας,
521 1676 588 1746 ὑπό
606 1680 642 1746 δέ
658 1680 815 1764 ἐτησιέων
829 1676 963 1766 ἀνέμων
980 1676 1085 1762 ὑπερ·

9 1772 16 1845 ;1
80 1781 216 1866 βαλέειν
227 1779 370 1863 Μαλέην
387 1774 450 1845 οὑκ
467 1770 578 1846 οἷοίτε
589 1780 764 1864 γενέσθαι·
786 1776 875 1844 οὑτω
892 1776 954 1845 οὐκ
969 1775 1086 1844 ἀπικέ-

8 1918 10 1939 2
81 1887 164 1945 σθαι
180 1880 212 1955 ἐς
226 1885 420 1962 Σαλαμῖνα,
435 1877 491 1942 ιιαλ
505 1871 644 1964 οὐδεμιῇ
659 1874 815 1960 κακότητι
829 1881 1013 1961 λειφθῆναι
1026 1879 1085 1960 τῆς

81 1980 274 2060 ναυμαχίης.
294 1965 387 2041 οὑτοι
399 1972 462 2059 μὲν
472 1971 561 2041 οὑτω
573 1972 812 2059 διεκρούσαντο
825 1971 904 2053 τοὺς
912 1971 1082 2059 Ἕλληνας.

165 2080 293 2160 Κρῆτες
304 2076 351 2160 δέ,
370 2076 444 2142 έπεί
451 2075 489 2142 τέ
497 2094 603 2160 σφεας
616 2074 876 2162 παρελάμβανον
891 2079 925 2141 οί
938 2077 990 2143 ἐπὶ
1006 2074 1086 2143 τοά-
1104 2092 1152 2147 169

79 2189 166 2239 τοισι
177 2172 354 2257 ταχθέντες
361 2169 542 2261 Ἑλλήνων,
556 2174 716 2258 έποίησαν
726 2172 874 2241 τοιόνδε·
897 2174 1084 2259 πέμψαντες

8 2284 10 2309 ¹
80 2275 178 2358 κοινῇ
190 2268 408 2358 θεοπρόπους
422 2275 455 2352 ές
469 2269 627 2359 Δελφοὺς
641 2269 702 2340 τὸν
721 2269 808 2340 θεόν
829 2271 1033 2358 έπειριότων,
1057 2281 1089 2338 εί

79 2392 146 2455 σφι
158 2367 298 2457 ἀμεινον
310 2376 437 2455 γίνεται
447 2372 702 2460 τιμωρέουσιτῇ
712 2367 853 2439 Ἑλλάδι.
876 2368 897 2457 ἡ
917 2374 952 2440 δὲ
966 2377 1083 2456 Πυθίη

78 2466 296 2552 ὑπεκρίνατο·
316 2461 353 2534 Ὦ
367 2469 499 2556 νήπιοι,
522 2471 768 2556 ἐπιμέμφεσθε,
790 2466 852 2537 ὅσα
869 2467 950 2555 ὑμῖν
963 2470 1001 2536 έν
1015 2474 1083 2536 τῶν

78 2572 238 2657 Μενέλεφ
249 2568 492 2655 τιμωρημάτων
499 2577 619 2649 Μίνως
631 2576 756 2656 έπεμψε
767 2576 897 2656 μηνίων
909 2568 1084 2655 δακρύμα-

77 2694 134 2754 τα,
155 2665 207 2736 ότι
222 2670 256 2734 οί
267 2667 329 2753 μέν
344 2666 387 2737 οὑ
401 2671 687 2758 συνεξεπρήξαντο
705 2667 796 2759 αὐτῷ
810 2667 870 2737 τόν
890 2672 927 2738 έν
942 2676 1082 2759 Καμικῷ

77 2767 231 2835 θάνατον
244 2766 446 2854 γενόμενον,
467 2765 563 2852 ὑμεῖς
576 2770 613 2835 δὲ
629 2772 785 2836 ἐκείνοισι
798 2765 861 2853 τὴν
875 2769 912 2835 έκ
923 2768 1081 2851 Σπάρτης

77 2862 312 2952 ἁρπασθεῖσαν
326 2859 386 2930 ὑπ’
403 2861 532 2952 ἀνδρός
548 2865 722 2953 βαρβάρου
736 2878 888 2948 γυναῖκα.
924 2873 1036 2934 Ταῦτα
1050 2870 1084 2934 οί

76 2970 204 3048 Κρῆτες
216 2958 260 3039 ὡς
271 2959 510 3049 ἀπενειχθέντα
520 2962 682 3051 ἤκουσαν,
697 2969 832 3051 ἔσχοντο
844 2972 902 3052 τῆς
913 2972 1077 3054 τιμωρίης.

8 3140 10 3153 Ι
76 3064 214 3147 Λέγεται
224 3057 291 3147 γάρ
302 3066 427 3130 Μίνων
440 3056 524 3130 κατὰ
539 3060 674 3148 ζήτησιν
684 3061 858 3130 Δαιδάλου
873 3058 1080 3149 ἀπικόμενον
1098 3083 1148 3136 170

76 3163 110 3238 ές
123 3165 305 3247 Σικανίην,
321 3157 383 3248 τὴν
399 3165 466 3228 νῦν
475 3166 635 3245 Σικελίην
650 3162 874 3247 καλευμένην,
890 3159 1079 3230 ἀποθανεῖν

76 3266 172 3350 βιαίηι
186 3257 334 3346 θανάτφ.
360 3257 426 3328 ἀνά
443 3260 480 3326 δέ
493 3257 618 3346 χρόνον
631 3265 764 3345 Κρῆτας
777 3267 865 3327 θεοῦ
880 3262 982 3344 σφέας
998 3261 1078 3328 έπο-

76 3357 276 3444 τρόναντος,
292 3358 421 3453 πάντας
435 3355 524 3444 πλὴν
534 3359 760 3444 Πολιχνιτέων
773 3382 808 3424 τε
823 3359 878 3423 καὶ
891 3363 1076 3443 Πραισίων,

76 3454 298 3539 ἀπικομένους
315 3456 422 3545 στόλφ
432 3458 565 3549 μεμάλφ
577 3459 609 3536 ές
621 3462 786 3541 Σικανίην
801 3454 1010 3604 πολιιιιρηέειν
1021 3453 1074 3521 ἐπ’
