2536 3934
186 237 230 300 24
408 328 414 336 f
563 244 811 307 HERODOTI

186 404 291 479 πίζων
305 394 366 466 τόν
381 395 468 468 θεὸν
478 401 607 487 μᾶλλόν
620 427 652 470 τι
665 403 814 471 τούτοισι
829 401 1092 493 ἀνακτήσεσθαι·
1113 414 1192 476 Λυ-

187 504 278 567 θοίσί
287 526 324 567 τε
340 506 421 568 πᾶσι
435 516 575 590 προεῖπε
593 503 697 571 θύειν
713 504 824 572 πάντα
839 501 915 572 τινά
937 502 1049 572 αὐτῶν
1064 510 1189 593 τοῦτο,

187 597 208 664 6
223 625 255 665 τι
270 604 338 685 ἔχοι
352 602 498 680 ἕκαστος.
537 599 581 680 ὡς
596 603 632 670 δὲ
646 605 683 671 ἔκ
705 609 763 688 τῆς
777 609 901 689 θυσίης
915 605 1062 690 ἐγένετο,
1082 629 1190 670 κατα-

185 695 346 783 χεάμενος
354 695 486 785 χρυσὸν.
493 696 638 768 ἀπλετον
647 698 849 788 ἡμιπλίνθια
859 703 893 780 ἐξ
900 699 1006 768 αὐτοῦ
1013 702 1188 789 ἐξήλαυνε,

187 797 240 863 ἐπὶ
256 798 319 881 μὲν
338 793 379 864 τά
394 797 584 887 μακρότερα
603 801 729 867 ποιέων
752 799 989 886 ἑξαπάλαιστα,
1011 801 1064 866 ἐπὶ
1086 801 1123 867 ἀέ
1142 797 1188 866 τά

186 897 374 986 βραχύτερα
387 899 618 987 τριπάλαιστα,
633 899 720 981 ὕψος
735 901 771 966 δέ
785 909 1014 986 παλαιστιαία,
1035 895 1190 987 ἀριθμὸν

187 1000 223 1066 δὲ
233 1001 450 1068 ἑπτακαίδεκα
464 1002 519 1067 καὶ
533 1000 663 1086 ἑκατόν,
678 1001 734 1066 καὶ
746 998 877 1068 τούτων
887 995 1046 1084 ἀπέφθου
1056 1005 1188 1085 χρυσοῦ

185 1101 340 1184 τέσσερα,
361 1103 474 1185 τρίτον
494 1095 720 1184 ἡμιτάλαντον
747 1097 888 1165 ἕκαστον
908 1098 1063 1181 ἕλκοντα,
1083 1091 1124 1161 τά
1147 1098 1188 1162 δὲ

186 1198 270 1267 ἀλλα
292 1194 494 1285 ἡμιπλίνθια
513 1205 638 1266 λευκοῦ
659 1203 804 1285 χρυσοῦ,
825 1193 980 1281 σταθμὸν
994 1194 1184 1263 διτάλαντα.

185 1301 330 1366 ἐποιέετο
346 1298 382 1364 δὲ
395 1299 450 1364 καὶ
465 1300 599 1374 λέοντος
613 1296 727 1364 εἰκόνα
741 1300 869 1382 χρυσοῦ
880 1291 1049 1381 ἀπέφθου,
1064 1296 1187 1361 ἕλκον-

186 1418 249 1464 σαν
265 1392 419 1481 σταθμὸν
433 1395 686 1475 τάλανταθέκα.
709 1386 808 1471 οὗτος
822 1390 841 1460 6
857 1395 954 1479 λέων,
978 1394 1084 1460 ἐπείτε
1101 1415 1186 1458 κατ-

65 1581 69 1587 „
185 1503 312 1564 εκαίετο
330 1491 348 1562 6
367 1496 576 1581 ἔνΔελφοῑσι
593 1499 684 1581 νηός,
696 1496 854 1561 κατέπεσε
868 1490 934 1560 ἀπὸ
945 1489 1187 1580 τῷυὴμιπλιν-

183 1601 273 1663 θίων
296 1597 361 1662 ’ἐπὶ
380 1592 445 1681 γάρ
469 1593 618 1662 τούτοισι
639 1596 770 1682 ίθρυτο·
811 1593 867 1659 καὶ
880 1598 947 1658 νῦν
961 1593 1070 1659 κέεται
1085 1594 1187 1681 έντῷ

184 1698 381 1781 Κορινθίων
402 1698 585 1783 θησαυρῷ,
608 1695 716 1760 ἕλκων
730 1687 884 1776 σταθμὸν
905 1691 1050 1777 έβὸομον
1060 1687 1188 1778 ἡμιτά-

138 1813 170 1863 51
184 1799 324 1858 λαντον·
340 1785 487 1876 ἀπετάκη
495 1787 561 1876 γάρ
569 1787 674 1858 αὐτοῦ
682 1792 839 1877 τέταρτον
846 1786 1080 1877 ἡμιτάλαντον.
1092 1788 1187 1858 Ἐπι-

184 1893 318 1965 τελέσας
332 1887 368 1955 δέ
383 1885 401 1955 6
419 1895 564 1976 Κροῖσος
580 1895 683 1957 ταῦτα
699 1885 871 1975 ἀπέπεμπε
887 1892 921 1969 ές
934 1888 1109 1977 Δελφοὺς,
1127 1894 1186 1959 καὶ

185 1990 265 2057 τάδε
276 1985 361 2056 ἀλλα
378 1985 447 2073 άμα
463 1988 628 2068 τούτοισι·
654 1996 821 2076 κρητῆρας
838 1989 900 2057 δύο
918 1989 1062 2075 μεγάθεϊ
1076 1988 1186 2075 μεγά-

184 2096 275 2173 λους,
283 2085 426 2172 χρύσεον
433 2087 489 2155 καὶ
499 2083 678 2174 ἀργύρεον,
684 2093 753 2154 τῷν
764 2084 782 2154 6
793 2087 855 2172 μὲν
860 2088 1000 2176 χρύσεος
1015 2090 1186 2157 ἔκέετοέπὶ

186 2180 275 2264 δεξιά
292 2182 415 2251 ἐσιόντι
438 2186 472 2262 ἔς
485 2181 546 2252 τὸν
560 2181 663 2272 νηόν,
679 2183 697 2253 6
714 2186 751 2253 δὲ
767 2183 932 2273 ἀργύρεος
948 2185 996 2255 ἔπ’
1011 2185 1182 2276 ἀριστερά.

186 2282 453 2369 μετεκινήθησαν
470 2284 575 2350 δὲκαὶ
591 2277 686 2352 οὗτοι
700 2281 767 2352 ὑπὸ
788 2282 849 2352 τὸν
861 2282 947 2371 νηόν
963 2288 1184 2374 κατακαέντα,

182 2382 238 2448 καὶ
253 2377 271 2446 6
286 2379 349 2464 μὲν
361 2379 502 2466 χρύσεος
514 2383 624 2449 κέεται
639 2385 676 2450 ἔν
692 2390 738 2471 τῷ
753 2388 988 2469 Κλαζομενίων
1003 2391 1183 2475 θησαυρῷ,

182 2482 290 2547 ἕλκων
310 2476 464 2565 σταθμὸν
484 2488 618 2548 είνατον
637 2478 863 2567 ἡμιτάλαντον
881 2484 937 2549 καὶ
958 2487 1005 2550 ἔτι
1028 2480 1185 2551 δυώδεκα

181 2582 294 2664 μνέας,
313 2575 331 2646 6
350 2579 385 2647 δὲ
401 2576 566 2667 ἀργύρεος
582 2582 635 2649 ἐπὶ
644 2587 705 2649 τοῦ
714 2586 880 2668 προνηίου
893 2586 952 2667 τῆς
964 2586 1098 2667 γωνίης,
1113 2605 1181 2664 χω-

182 2682 270 2765 ρέων
285 2674 455 2765 ἀμφορέας
472 2682 678 2759 ἑξακοσίους·
700 2683 907 2768 ἐπικίρναται
927 2679 992 2772 γάρ
1007 2679 1073 2750 ὑπὸ
1089 2690 1185 2750 Δελ-

183 2781 260 2860 φῷν
274 2782 501 2862 Θεοφανίοισι.
531 2781 612 2865 φασὶ
633 2782 674 2847 δέ
690 2805 750 2865 μιν
766 2784 896 2867 Δελφοὶ
918 2782 1097 2871 Θεοδώρου
1117 2786 1184 2848 τοῦ

182 2879 316 2958 Σαμίου
332 2880 433 2961 ἔργον
450 2875 545 2963 εἶναι,
560 2879 616 2945 καὶ
630 2874 695 2963 έγῷ
712 2880 833 2947 δοκέω·
855 2877 898 2948 οὐ
911 2876 977 2968 γάρ
999 2877 1037 2947 τὰ
1052 2899 1184 2946 σνντν-

181 2974 244 3062 χόν
261 2982 414 3062 φαίνεταί
426 3003 483 3063 μοι
498 2984 599 3067 ἔργον
614 2976 707 3047 εἶναι.
731 2983 786 3047 καί
806 2986 930 3058 πίθους
944 3005 980 3047 τε
992 2977 1184 3067 ἀργυρέους

180 3081 336 3166 τέσσερας
349 3075 532 3167 ἀπέπεμψε,
547 3082 628 3148 ολέν
638 3087 684 3171 τῷ
697 3086 895 3168 Κορινθίων
904 3084 1068 3168 θησαυρῷ
1083 3079 1184 3143 ἑστᾶ-

181 3203 226 3271 σι,
239 3184 294 3251 καὶ
303 3180 558 3271 περιρραντήρια
567 3179 630 3249 δύο
640 3176 795 3267 ἀνέθηκε,
808 3176 952 3268 χρύσεόν
963 3178 1063 3246 τεκαὶ
1071 3175 1180 3266 ἀρχά-

182 3311 270 3374 ρεον,
279 3288 346 3351 τῷν
354 3287 401 3375 τῷ
410 3284 541 3374 χρυσέῳ
548 3282 782 3370 ἐπιγέγραπται
790 3283 1060 3367 Λακεδαιμονίων
1068 3279 1183 3364 φαμέ-

181 3413 251 3453 νων
260 3386 372 3470 σφέων
386 3381 471 3451 εἶναι
479 3381 648 3469 ἀνάθημα,
662 3377 725 3449 οάκ
735 3378 846 3470 ὀρθῶς
854 3381 1020 3466 λέγοντες·
1039 3378 1183 3468 ἔστιγὰρ

183 3486 238 3552 καὶ
255 3490 524 3575 τούτοΚροίσον,
543 3485 708 3571 ἐπέγραψε
725 3480 763 3550 θέ
778 3483 847 3549 τῷν
859 3508 907 3560 τις
915 3484 1060 3567 Δελφῶν
1069 3488 1182 3548 Λακε-
