2560 3938
318 259 428 345 m.
460 261 482 320 1.
515 259 611 317 ιΑε.
642 262 799 320 οτ-ιοε.
1020 252 1061 319 55

69 416 116 484 δέ
132 412 239 485 αὐτοῖν
258 415 414 505 μέγιστόν
435 419 502 487 ἐστι
516 429 620 503 τεῖχος
641 411 723 484 κατὰ
738 412 798 485 τόυ
815 412 984 504 Ἀθηνέονν
998 415 1061 486 κά-

85 523 154 582 κλον
172 516 313 602 μάλιστά
333 544 375 606 κη
396 512 432 584 τὸ
453 519 608 602 μέγαθος.
644 519 705 582 τοῦ
720 516 782 599 μέν
796 511 836 600 δὴ
851 515 985 601 πράτου
998 516 1061 586 κά-

84 620 155 680 ιιλου
167 618 200 681 οί
209 615 440 703 προμαχεῶνές
455 618 516 680 είσι
535 612 665 698 λευκοί,
686 617 746 679 τοῦ
769 611 805 679 δέ
826 616 981 702 δευτέρου
1001 617 1061 700 με’-

84 715 177 795 λανες,
191 717 304 795 τρίτου
315 712 352 780 δὲ
364 709 493 779 κάκλου
504 715 683 797 φοινίκεοι,
695 707 854 797 τετάρτου
865 710 901 779 δὲ
912 710 1059 797 κυάνεοι,

83 810 218 894 πέμπτου
239 809 276 878 δὲ
295 808 546 897 σανδαράκινοι.
585 805 674 876 οὕτω
693 805 830 876 πάντων
842 816 912 877 τῶν
926 808 1060 878 κύκλων
1128 810 1130 815 ’

83 908 112 972 οί
126 914 352 994 προμαχεῶνες
372 904 573 995 ἠνθισμένοι
597 906 659 973 είσδ
680 904 902 992 φαρμάκοισι·
937 903 1000 975 δάο
1024 906 1060 973 δὲ

82 1004 110 1069 οί
119 1010 297 1089 τελευταῖοί
315 1010 376 1074 είσι
397 1002 493 1091 ὁτμὲν
512 1005 849 1090 καταργυρωμένους,
870 1001 888 1074 ὁ
909 1009 945 1074 δὲ
959 1031 1060 1072 κατα-

29 1148 31 1153 ·
82 1105 339 1189 κεχρυσωμένους
364 1107 447 1190 έχων
471 1099 551 1183 τούς
575 1108 818 1190 προμαχεῶνας.
862 1110 972 1172 Ταῦτα
996 1103 1058 1188 μέν
1073 1106 1109 1163 99

83 1192 116 1283 δὴ
135 1192 311 1284 ὁΔηιόκης
332 1201 442 1290 ἐαυτῷ
462 1225 498 1267 τε
520 1201 636 1286 ἐτείχεε
655 1201 710 1267 καί
723 1200 798 1286 περὶ
811 1196 851 1268 τά
867 1201 992 1268 ἑωυτοῦ
1009 1204 1059 1266 οί-

29 1300 30 1307 ’
80 1299 136 1381 κία,
150 1293 206 1365 τὸν
219 1297 256 1365 δὲ
271 1295 373 1365 άλλον
387 1302 495 1385 δῆμον
507 1299 600 1385 πέριξ
615 1299 745 1365 ἐκέλευε
759 1293 795 1365 τὸ
811 1310 912 1385 τείχος
926 1301 1056 1366 οίκέειν.

29 1472 30 1475 ¹
81 1396 357 1479 οἰκοδομηθέντων
368 1394 405 1461 δὲ
414 1391 551 1461 πάντων
564 1392 691 1479 κόσμον
701 1392 799 1462 τόνδε
808 1393 956 1482 Δηιόκης
966 1399 1059 1482 πρῶ·

29 1478 30 1491 ’
81 1487 127 1565 τάς
140 1491 203 1557 ἐστι
217 1487 234 1558 ὅ
253 1489 559 1578 καταστησάμενος,
581 1491 662 1578 μήτε
682 1493 804 1559 ἐσιέναι
817 1488 907 1578 παρὰ
920 1490 1058 1579 βασιλέα

29 1602 30 1607 ’
81 1589 207 1674 μηδένα,
233 1584 281 1656 δι’
304 1585 454 1674 άγγέλωυ
482 1589 518 1656 δέ
538 1588 647 1658 πάντα
672 1595 833 1676 χρᾶσθαι,
859 1585 1006 1674 ὁρᾶσθαί
1021 1612 1057 1656 τε

82 1686 200 1767 βασιλέα
226 1681 295 1752 ὑπὸ
320 1684 480 1772 μηδενὸς,
508 1686 592 1774 πρός
612 1712 646 1754 τε
668 1686 814 1755 τούτοισι
834 1691 881 1756 ἐτι
901 1693 1003 1774 γελᾶν
1022 1710 1058 1754 τε

81 1780 126 1846 καὶ
143 1778 259 1849 πτύειν
278 1779 395 1851 άντίον
414 1782 513 1852 καλ“
489 1803 593 1852 απασι
616 1782 716 1852 τοῦτο’
740 1809 779 1871 γε
803 1783 887 1853 εἶναι
911 1781 1055 1872 αἰσχράν.

83 1883 170 1945 ταῦτα
189 1882 224 1949 δέ
244 1882 322 1967 περὶ
343 1878 468 1950 ἑαυτὸν
489 1883 648 1968 ἐσέμνυνε
672 1885 834 1950 τῶνδε”
802 1908 946 1970 εινεκεν,
972 1881 1059 1960 ὅκως

82 1968 117 2040 ἐν
127 2003 166 2063 μη
155 1974 334 2064 ὁρέοντες
355 2005 372 2046 ο
373 1976 555 2067 [ὁμήλικες
569 1979 680 2059 ἐόντες
696 1974 911 2068 σύντροφοί
894 2007 929 2050 τε
943 1983 1058 2073 ἐκείνφ

29 2080 31 2095 ¹
83 2074 173 2144 κκλί
143 2081 243 2165 οίκίης
265 2101 308 2146 ου
296 2076 550 2165 ’φλαυροτέρης
589 2076 668 2146 οὐδὲ
688 2079 721 2156 ἐς
742 2074 975 2165 ἀνδραγαθίην
988 2086 1058 2146 λει-

29 2220 31 2271 ,
82 2166 220 2260 πόμενοι,
246 2180 425 2244 λυπεοίατο
445 2177 500 2244 καλ
519 2173 789 2262 ἐπιβουλεύοιεν,
814 2170 888 2242 ἀλλ’
916 2170 1059 2261 ἑτεροῖός

29 2276 31 2333 ὲ
81 2286 130 2354 σφι
147 2275 254 2343 δοκέοι
275 2271 413 2342 εἶναι
372 2300 416 2361 μη
433 2272 575 2358 ὁρέουσι
631 2267 756 2339 Ἐπείτε
780 2273 817 2341 δὲ
830 2279 933 2341 ταῦτα
948 2270 1059 2342 διεκόι·
1079 2285 1126 2340 100
1250 2274 1251 2277 ’

81 2385 170 2454 σμησε
189 2374 244 2441 καί
265 2370 426 2456 έκράτυνε
437 2370 572 2441 ἑαυτὸν
596 2378 636 2461 τῇ
644 2364 896 2461 τυραννίδι,
874 2399 919 2459 ην
942 2368 979 2440 τδ
1005 2375 1057 2440 δί-

29 2488 31 2569 ,
81 2487 163 2531 καιου
182 2466 367 2553 φυλάσσων
384 2468 533 2556 χαλεπάς.
570 2468 685 2538 ταδ’
644 2495 703 2548 τας
716 2495 751 2537 τε
764 2473 857 2549 δίκας
870 2469 1057 2557 γράφοντες

29 2626 30 2639 ,
81 2569 146 2630 είσω
158 2588 223 2651 παρ
221 2563 377 2636 ’ἐκείνου
392 2570 636 2654 ἐσπέμπεσκον,
656 2567 711 2635 καὶ
729 2569 853 2646 ἐκείνος
875 2573 1056 2688 διακρίνων

82 2653 128 2734 τὰς
140 2661 360 2749 ἐσφερομένας
373 2666 584 2750 ἐκπέμπεσκε.
628 2669 732 2732 ταῦτα
753 2666 816 2753 μὲν
837 2665 919 2736 κατά
932 2664 991 2746 τάς
1004 2670 1056 2736 δί-

82 2781 130 2847 κας
142 2760 262 2847 ἐποίεε,
283 2762 361 2831 τάδε
382 2761 420 2832 δέ
439 2760 522 2833 άλλα
543 2759 739 2849 έκεκόσμητό
765 2766 812 2830 οί·
839 2777 872 2835 εί
881 2793 955 2835 τινα
969 2790 1057 2834 πυν-

82 2852 206 2925 δάνοιτο
229 2855 422 2946 ὑβρίζοντα,
450 2866 571 2928 τοῦτον
594 2885 681 2939 ονιονς
702 2866 964 2951 μεταπέμψαιτο,
988 2859 1056 2933 κατ’

81 2946 163 3037 άξίην
176 2953 314 3022 ἑκάστου
329 2954 530 3045 ἀδικήματος
544 2959 705 3042 ἐδικαίευ,
726 2960 785 3024 καί
803 2964 838 3028 οί
854 2959 1061 3032 κατάσκοποί

83 3071 110 3112 τε
128 3052 178 3118 καλ
196 3051 350 3139 κατήκοοι
371 3047 456 3140 ἦσαν
470 3051 534 3122 νἰνά
548 3060 658 3122 πάσαν
671 3079 733 3140 την
746 3055 875 3144 χάρην,
896 3083 954 3145 της
966 3082 1055 3145 ηρχε.

81 3145 213 3234 Δηιόκης
232 3154 293 3237 μέν
313 3177 378 3219 ννν
398 3175 435 3218 το
423 3147 608 3237 Μηδικὸν
628 3157 728 3230 ἐδνος
752 3157 953 3241 συνέστρεφε
972 3160 1058 3240 μου·
1075 3169 1122 3221 101
1191 3158 1193 3161 ’

83 3266 149 3330 νυν,
172 3252 225 3317 καὶ
243 3249 365 3318 τούτου
384 3244 472 3338 ἦρξε.
516 3257 583 3320 ἐστι
605 3251 787 3377 δέΜηδιρν
807 3254 926 3323 τοσάδε
947 3259 1057 3341 γένεα,

83 3342 208 3430 noum,
234 3350 482 3434 Παρητακηνοὶ,
502 3348 729 3466 Στρούχατες,
751 3349 947 3447 Ἀριζαντοὶ,
967 3347 1058 3417 Βοά-

29 3510 30 3517 *
86 3437 155 3528 διοι,
168 3443 288 3553 Μάγοι
330 3447 428 3539 γένεα
443 3445 505 3539 μέυ
521 3443 561 3540 δη
580 3446 709 3536 Μήδαν
724 3449 791 3523 ἐστὶ
805 3438 931 3519 τοσάδε
975 3453 1058 3531 Δηι
1080 3457 1127 3518 102
