2588 3926
360 275 444 330 LIB.
474 273 519 329 IX.
553 277 651 331 cAP.
685 281 824 334 61-66.
1028 273 1091 338 319

6 498 9 505 ,
89 432 229 519 χόμενος
242 438 367 502 λευκοῦ
387 437 472 517 ἔχων
491 456 526 497 τε
541 432 616 516 περὶ
632 429 758 499 ἑωυτὸν
774 433 917 519 λογάδας
931 441 1091 524 Περσέων

6 512 9 617 Ξ
90 526 168 608 τοῦς
182 526 338 613 ἀρίστους
351 533 491 615 χιλίους,
506 528 610 616 ταύτη
623 527 660 596 δέ
677 530 732 597 καὶ
746 530 889 615 μάλιστα
902 531 981 613 τοῦς
991 537 1090 602 ἐναν-

6 620 7 631 ’
89 633 180 706 τίους
194 630 338 695 ἐπίεσαν.
361 624 443 693 ὅσον
460 628 522 712 μέν
535 651 601 693 νυν
614 625 739 712 χρόνον
748 631 946 716 Μαρδόνιος
959 637 1089 718 περιήν,

6 712 8 733 ¹
90 730 124 794 οἱ
139 724 175 792 δέ
191 721 343 811 άντελχον
357 725 412 790 καλ
422 720 629 808 άμυνόμενοι
644 726 848 812 κατέβαλλον
863 722 1008 805 πολλοῦς
1022 733 1090 794 τῶν

89 828 380 909 Λακεδαιμονίων,
402 819 447 902 ὡς
463 823 499 891 δὲ
514 822 712 909 Μαρδόνιος
726 821 875 894 άπέδανε
890 827 945 894 καί
959 823 996 893 τδ
1014 828 1089 913 περὶ

89 926 219 992 ἐκεῖνον
234 924 435 1009 τεταγμένον
448 918 506 989 ἐὰν
517 920 734 1009 ἰσχυρότατον
748 928 859 1010 ἔπεσε,
875 921 963 991 οῦτοι
978 920 1018 1011 δή
1034 925 1089 992 καὶ

89 1027 123 1092 οἱ
132 1021 227 1091 άλλοι
238 1021 420 1107 ἐτράποντο
431 1022 486 1089 καὶ
494 1017 584 1100 εἶξαν
594 1034 677 1089 τοῖσι
683 1025 982 1109 Λακεδαιμονίοισι.
996 1029 1090 1091 πλεί-

89 1143 169 1201 στου
184 1119 249 1208 γάρ
265 1139 369 1207 σφεας
389 1121 539 1207 ἐδηλέετο
553 1116 574 1207 ἡ
590 1119 692 1206 ἐσθής
706 1122 826 1207 έρῆμος
840 1121 942 1189 ἐοῦσα
956 1118 1087 1190 ὅπλων·

87 1218 172 1306 πρὸς
183 1215 247 1306 γάρ
257 1214 392 1297 ὁπλίτας
403 1217 513 1295 ἐόντες
524 1224 686 1304 γυμνῆτες
696 1214 811 1304 άγῶνα
822 1221 1002 1289 ἐποιεῦντο.
1018 1228 1088 1289 Εν-
1102 1249 1135 1304 54

87 1323 200 1386 θαῦια
213 1313 237 1403 ή
250 1339 286 1384 τε
302 1319 376 1402 δίκη
390 1322 456 1385 τοῦ
465 1316 577 1401 φόνου
586 1321 651 1383 τοῦ
665 1320 840 1385 Λεωνίδεω
857 1316 940 1386 κατὰ
954 1317 992 1387 τδ
1006 1343 1089 1407 χρη-

88 1417 225 1504 στήριον
235 1430 318 1485 τοῖσι
329 1416 556 1505 Σπαρτιήτῃσι
568 1418 605 1484 ἐκ
613 1419 814 1504 Μαρδονίου
825 1420 1020 1507 ἐπετελέετο,
1033 1423 1088 1489 καὶ

87 1520 186 1602 νίκην
206 1512 393 1602 ἀναιρέεται
417 1520 596 1602 καλλίστην
615 1511 771 1582 ἁπασέων
791 1522 860 1584 τῶν
879 1511 972 1604 ήμείς
991 1520 1088 1604 ίδμεν

87 1611 313 1702 Παυσανίηςὸ
332 1613 569 1702 Κλεομβρότου
590 1620 650 1682 τοῦ
668 1611 937 1700 Ἀναξανδρίδεω.
966 1618 1087 1686 τῶνδὲ

86 1714 280 1801 κατύπερθέ
294 1718 328 1782 οί
339 1714 518 1801 προγόνων
531 1709 572 1781 τά
590 1709 760 1799 οὐνόματα
773 1720 898 1800 εἴρηται
912 1717 946 1794 ἐς
959 1723 1087 1785 Λεωνί-

87 1819 167 1900 δην·
190 1809 290 1880 ὡυτοὶ
305 1811 369 1897 γάρ
385 1832 445 1896 σφι
459 1809 663 1896 τυγχάνουσι
678 1810 797 1889 ἐόντες.
828 1807 1037 1899 ἀποθνήσκει
1052 1816 1087 1882 δὲ

87 1909 285 1997 Μαρδόνιος
296 1906 362 1976 ῦπό
375 1906 595 1995 Ἀριμνήστου
606 1906 730 1995 άνδρδς
741 1911 778 1978 ἐν
784 1909 925 1999 Σπάρτη
936 1917 1087 1998 λογίμου,

87 2006 124 2087 ὃς
139 2005 249 2097 χρόνῳ
263 2004 406 2092 ὕστερον
416 2002 498 2092 μετὰ
513 2003 554 2073 τά
566 2004 705 2093 Μηδικά
717 2012 801 2093 ἔχων
815 2006 939 2097 άυδρας
953 2033 1089 2095 τριηκο-

87 2113 180 2184 σίους
194 2106 355 2191 συνέβαλε
370 2104 407 2171 ἐν
421 2103 644 2195 Στενυκλήρῳ
659 2107 806 2192 πολέμου
820 2106 934 2185 ἐόντος
948 2112 1088 2192 Μεσση-

86 2208 188 2270 νίοισι
205 2207 286 2268 πάσι
300 2204 355 2269 καλ
368 2198 469 2280 αῦτός
482 2227 517 2269 τε
535 2197 685 2271 άπέδανε
700 2205 755 2271 καὶ
770 2207 804 2271 οί
818 2203 1011 2291 τριηκόσιοι.
1031 2202 1085 2272 Ἐν
1101 2231 1135 2285 65

87 2301 122 2370 δὲ
133 2306 318 2389 Πλαταιῇσι
334 2304 368 2368 οί
375 2304 502 2388 Πέρσαι
515 2297 560 2380 ὡς
570 2303 753 2387 ἐτράποντο
764 2301 831 2373 ῦπδ
842 2312 911 2373 τῶν
920 2309 1086 2375 Λακεδαι-
1175 2368 1181 2381 ,

85 2405 229 2487 μονίων,
250 2404 397 2486 ἔφευγον
417 2397 540 2469 οῦδένα
561 2401 689 2488 κόσμον
704 2405 736 2482 ἐς
755 2399 793 2471 τδ
810 2404 1035 2487 στρατόπεδον
1048 2403 1085 2473 τδ

6 2588 8 2593 ι
86 2500 220 2567 ἑωυτῶν
239 2500 294 2566 καὶ
314 2500 347 2577 ἐς
366 2495 403 2567 τδ
421 2513 526 2586 τεῖχος
544 2498 581 2568 τό
604 2501 757 2589 ξύλινον,
783 2500 821 2570 τδ
836 2505 1033 2593 ἐποιήσαντο
1049 2508 1087 2575 ἐν

85 2603 185 2686 μοίρη
194 2603 236 2687 τῇ
252 2602 402 2686 Θηβαΐδι.
427 2606 552 2686 δῦυμα
566 2602 606 2668 δέ
616 2626 672 2686 μοι
688 2599 775 2680 ὅκως
789 2601 880 2691 παρά
894 2611 951 2691 τῆς
965 2605 1087 2692 Δήμη-

84 2720 162 2781 τρος
180 2691 217 2763 τδ
233 2693 333 2775 άλσος
348 2699 545 2784 μαχομένων
560 2697 639 2766 οῦδὲ
660 2693 706 2778 εἷς
722 2700 830 2786 ἐφάνη
845 2707 913 2768 τῶν
926 2704 1086 2790 Περσέων

85 2791 162 2861 οὔτε
178 2792 329 2862 ἐσελθοδν
345 2797 378 2874 ἐς
398 2793 436 2863 ιδ
451 2797 589 2881 τέμενος
606 2795 683 2864 οῦτε
698 2796 940 2886 ἐναποθανεδν,
961 2806 1041 2888 περί
1051 2826 1087 2869 τε

6 2958 8 2969 ,
85 2889 122 2960 τδ
140 2887 216 2978 ίρδν
233 2895 267 2960 οί
282 2900 429 2962 πλεῖστοι
444 2895 482 2961 ἐν
497 2900 543 2987 τῷ
557 2896 689 2987 βεβήλῳ
706 2901 835 2965 ἔπεσον.
859 2900 965 2965 δοκέω
982 2901 1035 2987 δὲ,
1058 2909 1092 2969 εί

6 2974 8 3089 Ξ
84 3021 116 3061 τι
133 2995 208 3080 περὶ
221 2998 290 3060 νῦν
302 2997 409 3062 θείων
419 2996 626 3081 πρηγμάτων
637 2998 766 3064 δοκέειν
778 2997 861 3083 δέει,
876 2993 991 3084 ήδεδς
1002 2995 1087 3085 αῦτή

6 3092 8 3165 ἶ
83 3113 188 3179 σφεας
209 3089 271 3161 οῦκ
285 3094 414 3161 ἐδέκετο
429 3092 662 3180 ἐμπρήσαντας
677 3094 714 3163 τὸ
730 3091 806 3181 ίρόν
823 3091 860 3162 τδ
878 3096 917 3164 ἐν
926 3091 1087 3164 Ἐλευσῖνι

84 3189 307 3277 [άνάκτορον].

167 3285 262 3375 Αῦτη
277 3289 339 3375 μέν
352 3287 452 3378 υυνή
472 3289 560 3377 μάχη
576 3293 628 3360 ἐπὶ
645 3299 782 3361 τοσοῦτο
802 3291 949 3378 ἐγένετο,
967 3290 1085 3379 Ἀρτά-
1100 3309 1135 3364 66

6 3408 8 3425 ’
85 3392 181 3475 βαζος
196 3390 232 3456 δὲ
246 3383 264 3456 ὁ
279 3388 475 3476 Φαρνάκεος
494 3384 669 3458 αῦτίκα’τε
684 3387 746 3458 οῦκ
759 3386 917 3477 ήρέσκετο
933 3387 1007 3458 κατ’
1024 3388 1087 3477 άρ-

6 3486 8 3565 ξ
85 3480 143 3569 χδς
153 3484 561 3573 λειπομένουΜαρδουίου
571 3483 636 3554 άπδ
652 3489 814 3574 βασιλέος,
829 3490 884 3556 καί
894 3485 968 3555 τότε
980 3484 1085 3558 πολλὰ
