2536 3934
209 265 251 332 οε
427 224 430 237 ’
586 267 839 328 οεοοοοτι

208 428 389 510 λαύνοντες
415 436 534 519 τοῦτο,
556 427 577 499 ό
591 455 623 498 τι
638 434 745 516 ἔχοιεν
759 428 900 497 ἔκαστοι.
930 430 985 497 καλ
1001 423 1130 497 τούτων
1146 422 1210 512 μὲν

207 528 286 609 τοῦς
309 536 454 610 πλεῦνας
476 528 652 618 Κυαξάρης
674 554 709 596 τε
733 530 788 596 καλ
803 531 918 614 Μῆδοι
941 531 1140 608 ξεινίσαντες
1154 525 1210 592 καὶ

206 627 500 715 καταμεθύσαντες
520 626 792 714 κατεφόνευσαν,
814 629 870 696 καλ
890 624 980 695 οὕτω
994 622 1210 694 ἀνεσώσαντο

205 722 267 813 τὴν
288 722 395 814 ἀρχὴν
415 731 548 814 Μῆδοι,
573 728 629 795 καί
650 722 851 812 ἐπεκράτεον
873 730 943 792 τών
963 747 1026 810 περ
1048 724 1104 792 καλ
1123 718 1211 809 πρό-

207 850 316 911 τερον,
334 828 389 893 καλ
405 824 466 912 τήν
485 851 520 894 τε
538 833 647 894 Νῖνον
662 818 752 892 εἷλον
768 819 827 908 (ὡς
842 822 879 891 δὲ
893 817 1001 910 εἷλον,
1017 824 1054 891 ἐν
1068 822 1210 910 ἕτέροισι

205 922 334 1010 λόγοισι
345 922 498 1011 δηλώσω)
513 928 568 993 καὶ
578 921 657 1003 τοῦς
664 920 861 1011 Ἀσσυρίους
871 919 1082 1010 ὑποχειρίους
1092 918 1210 1006 ἐποιη-

204 1040 306 1090 σαντο
337 1019 425 1110 πλὴν
449 1030 507 1109 τῆς
528 1028 745 1110 Βαβυλωνίης
766 1028 893 1108 μοίρης.
932 1016 1013 1107 μετὰ
1040 1020 1077 1088 δὲ
1104 1024 1209 1086 ταῦτα

206 1115 381 1205 Κυαξάρης
395 1119 473 1205 μὲν,
488 1120 689 1207 βασιλεύσας
704 1120 948 1207 τεσσεράκοντα
959 1125 1032 1189 ἔτεα
1042 1115 1107 1187 σύν
1122 1131 1209 1185 τοῖσι

139 1202 184 1260 ¹⁰⁷
207 1214 342 1285 Σκύθαι
371 1209 493 1304 ἦρξαν,
522 1225 666 1307 τελευτᾷ.
713 1215 897 1287 Ἐκδέκεται
922 1221 958 1286 δὲ
983 1215 1163 1303 Ἀστυάγης
1188 1211 1208 1282 ό

205 1313 386 1404 Κυαξάρεω
402 1330 479 1396 παῖς
496 1312 557 1403 τὴν
566 1321 753 1403 βασιληίην.
781 1323 841 1385 καί
849 1320 883 1385 οί
895 1315 1024 1403 ἐγίνετο
1039 1312 1206 1401 θυγάτηρ,

203 1420 242 1503 τῇ
264 1413 392 1504 οὕνομα
416 1422 513 1487 ἔθετο
529 1415 739 1503 Μανδάνην,
766 1413 828 1504 τὴν
849 1415 961 1485 ἐδόκεε
971 1413 1151 1502 Ἀστνάγης
1169 1416 1208 1482 ἐν

202 1517 248 1600 τῷ
266 1509 362 1603 ῦπνρι
375 1510 516 1602 οὐρῆσαι
537 1522 694 1602 τοσοῦτο,
719 1513 803 1587 ώστε
825 1522 947 1602 πλῆσαι
966 1516 1029 1602 μὲν
1043 1511 1104 1602 τὴν
1121 1514 1208 1581 ἑωυ-

202 1617 264 1679 τοῦ
287 1609 403 1699 πόλιν,
435 1611 696 1713 ἐπικατακλύσαι
721 1614 758 1682 δὲ
784 1617 840 1682 καὶ
866 1611 927 1700 τὴν
948 1609 1059 1699 Ἀσίην
1082 1619 1205 1681 πᾶσαν.

203 1709 433 1798 ὑπερθέμενος
453 1714 490 1782 δὲ
504 1719 571 1781 τών
581 1712 700 1802 μάγων
715 1729 800 1783 τοῖσι
816 1711 1062 1802 ὀνειροπόλοισι
1074 1710 1110 1782 τό
1125 1712 1208 1782 ἐνύ-

202 1834 320 1896 πνιον,
336 1809 491 1899 ἐφοβήθη
506 1809 580 1899 παρ’
597 1810 710 1881 αύτών
727 1810 812 1881 αύτά
830 1814 951 1881 ἕκαστα
967 1812 1097 1900 μαθών.
1124 1808 1208 1899 μετά

203 1909 239 1978 δὲ
262 1906 323 1997 τὴν
340 1909 532 1997 Μανδάνην
552 1910 679 1998 ταύτην
706 1912 830 1979 ἐοῦσαν
852 1908 916 1998 ἤδη
938 1908 1062 2000 άνδρός
1078 1907 1208 1999 ὡραίην

203 2011 334 2101 Μήδων
357 2013 419 2100 μὲν
440 2018 509 2080 τών
539 2012 668 2080 ἑωυτοῦ
685 2009 787 2093 ύξίων
811 2008 925 2080 οῦδενδ
946 2015 1037 2081 διδοῖ
1050 2025 1206 2099 γυναῖκα,

201 2107 360 2189 δεδοικώς
386 2107 448 2197 τὴν
468 2108 560 2196 ὄψιν,
593 2107 666 2178 ὁδε
680 2110 795 2200 Πέρση
817 2113 920 2196 διδοῖ,
946 2118 991 2200 τῷ
1017 2109 1146 2199 οὕνομα
1160 2102 1208 2197 ἦν

203 2205 399 2296 Καμβύσης,
417 2204 477 2276 τόν
500 2206 633 2295 εὕρισκε
647 2213 752 2294 οίκίης
766 2208 829 2293 μὲν
843 2205 941 2276 ἐόντα
962 2206 1109 2297 ἀγαθῆς,
1125 2206 1208 2296 τρό-

201 2332 267 2379 πον
291 2306 328 2373 δδ
347 2301 510 2393 ἡσυχίου,
541 2311 653 2396 πολλςό
689 2312 809 2393 ἔνερθε
842 2304 935 2396 ἄγων
969 2305 1074 2377 αύτόν
1100 2307 1207 2395 μέσον

201 2400 325 2490 ἀνδρός
340 2400 474 2489 Μήδου.

136 2531 184 2586 108
284 2498 536 2588 Συνοικεούσης
561 2499 598 2570 δὲ
629 2506 675 2592 τῷ
699 2500 866 2591 Καμβύση
892 2509 949 2590 τῆς
974 2501 1161 2590 Μανδάνης
1186 2500 1205 2571 ὁ

195 2596 376 2684 Ἀστυάγης
396 2605 441 2688 τῷ
462 2598 583 2691 πρώτω
604 2605 671 2669 ἐτετ
697 2596 763 2668 εἶδε
787 2598 892 2687 άλλην
913 2598 1009 2684 ὄψιν·
1038 2600 1151 2670 ἐδόκεε
1167 2602 1209 2670 δέ

198 2706 234 2771 οί
245 2701 282 2769 ἐκ
296 2703 365 2767 τών
385 2703 522 2769 αἰδοίων
533 2706 590 2787 τῆς
605 2697 777 2788 θυγατρός
791 2699 915 2787 ταύτης
926 2707 1032 2788 φῦναι
1044 2698 1205 2789 ἄμπελον,
1255 2784 1256 2787 ¹

199 2798 260 2889 τὴν
285 2801 321 2868 δδ
346 2796 495 2886 ἄμπελον
523 2803 669 2887 ἐπισχεῖν
689 2797 751 2887 τὴν
769 2797 883 2888 Ἀσίην
906 2808 1026 2870 πᾶσαν.
1065 2797 1149 2871 ἰδών
1169 2805 1206 2870 δὲ
1255 2842 1256 2849 1

184 2905 296 2969 ,τοῦτο
308 2898 362 2965 καὶ
381 2894 611 2986 ὑπερθέμενος
621 2910 707 2994 τολσι
719 2894 967 2987 ὀνειροπόλοισι
975 2906 1205 2986 μετεπέμψατο

199 3000 235 3067 ἐκ
255 3000 324 3064 τών
337 3002 496 3080 Περσέων
511 2992 574 3082 τὴν
586 2998 759 3082 θυγατέρα
773 2997 906 3065 ἐπίτεκα
923 2996 1062 3083 ἐοῦσαν,
1084 2993 1203 3065 ἀπικο-

199 3096 304 3181 μένην
329 3094 365 3160 δὲ
388 3093 556 3180 ἐφύλασσε
575 3093 783 3182 βουλόμενος
797 3091 833 3162 τό
858 3092 1072 3181 γεννώμενον
1093 3097 1127 3176 ἐξ
1141 3093 1206 3164 αῦ-

199 3197 255 3279 της
278 3195 489 3278 διαφθεῖραι·
518 3193 555 3260 ἐκ
578 3192 644 3280 γάρ
677 3195 712 3260 οί
732 3197 789 3278 τῆς
816 3189 913 3273 ὄψιος
937 3193 972 3260 οί
994 3186 1063 3260 τών
1086 3192 1206 3281 μάγων

199 3285 410 3377 ὀνειροπόλοι
420 3287 613 3375 ἐσήμαινον,
631 3285 683 3356 ότι
694 3291 808 3374 μέλλοι
819 3284 904 3376 ὁτῆς
913 3285 1085 3409 θυγατρός
1098 3286 1206 3359 αύτοῦ

199 3391 300 3472 γόνος
318 3384 531 3472 βασιλεύσειν
552 3383 627 3454 άντδ
642 3387 782 3454 ἐκείνου.
816 3391 920 3454 ταῦτα
941 3381 982 3472 δὴ
1008 3411 1057 3454 ων
1072 3395 1203 3474 φυλασ-

198 3487 340 3576 σόμενος
356 3483 375 3555 ό
392 3482 584 3576 Ἁστυάγης,
600 3482 644 3568 ῦς
661 3488 791 3577 ἐγίνετο
808 3483 962 3576 όΚῦρος,
977 3487 1205 3579 καλέσας’Ἇρ-
