2562 3926
348 258 434 319 ΗΒ.
465 261 511 318 111.
545 258 645 321 cAP.
680 264 820 323 23-77.
1020 255 1085 323 25³

81 420 117 490 δέ
136 415 197 488 ἀπ’
220 417 427 508 Ἀχαιμένεος
443 418 681 507 ἐγενεηλόγησε
696 416 759 506 την
778 418 921 508 πατριην
935 418 997 508 τὴν
1010 422 1084 492 Κύ-

80 545 160 606 ρου,
183 516 265 605 μετὰ
280 522 316 588 δὲ
330 517 376 599 ὡς
390 522 423 598 ές
439 524 561 587 τούτου
574 520 714 606 κατέβη,
724 518 907 589 τελεντέων
915 525 1006 607 ἔλεγε
1020 517 1083 590 ὅσα

80 615 193 704 ἀγαθά
212 624 327 706 Κύρος
341 620 473 701 Πέρσας
493 617 688 703 πεποιήκοι,
716 613 899 697 διεξελθδν
924 616 961 686 δδ
980 625 1084 686 ταῦτα

80 718 231 802 ἐξέφαινε
254 715 318 803 τὴν
342 712 523 804 ἀλήθειαν,
549 715 700 802 φάμενος
724 715 890 804 πρότερον
912 717 975 802 μὲν
998 714 1084 800 κρύ-

79 836 188 881 πτειν·
213 810 256 882 ού
271 813 338 901 γάρ
352 819 387 883 οί
399 811 483 882 εἰναι
500 810 648 899 ἀσφαλὲς
662 814 774 899 λέγειν
786 810 828 881 τά
842 812 1025 901 γενόμενα;
1047 816 1084 881 ἐν

79 916 114 983 δε
127 921 175 1005 τῷ
189 913 348 998 παρεόντι
367 912 555 1000 ἀναγκαίην
569 939 629 1000 μιν
647 914 916 1002 καταλαμβάνειν
930 921 1081 1000 φαίνειν·

78 1016 132 1083 καλ
153 1010 194 1099 δὴ
216 1018 323 1101 ἔλεγε,
344 1009 404 1082 τόν
424 1013 486 1100 μὲν
508 1012 629 1098 Κύρου
645 1014 795 1099 Σμέρδιν
820 1009 865 1092 ἀς
889 1009 990 1092 αύτδς
1013 1009 1080 1082 ύπδ

78 1109 268 1199 Καμβύσεω
283 1108 551 1199 ἀναγκαζόμενος
566 1107 789 1197 ἀποκτείνειε,
809 1109 889 1191 τούς
899 1112 1030 1200 μάγους
1043 1112 1081 1181 δὲ

78 1210 277 1296 βασιλεύειν.
321 1214 470 1301 Πέρσησι
494 1212 531 1279 δδ
553 1207 662 1279 πολλοὶ
686 1210 952 1299 ἐπαρησάμενος,
980 1216 1011 1281 εἰ
1034 1208 1079 1298 μη

77 1309 318 1397 ἀνακτησαίατο
330 1308 436 1380 ὀπίσω
446 1308 508 1398 τὴν
518 1307 624 1397 ἀρχὴν
632 1310 688 1379 καὶ
697 1308 776 1389 τούς
786 1311 914 1398 μάγους
921 1318 1080 1397 τισαίατο,

76 1408 184 1498 ἀπῆκε
204 1409 331 1480 ἑωυτόν
350 1413 403 1481 ἐπὶ
423 1407 574 1498 κεφαλὴν
595 1413 760 1498 φέρεσθαι
777 1407 843 1480 ἀπό
863 1417 925 1479 τοῦ
945 1408 1079 1498 πύργον

77 1509 175 1578 κάτω
208 1510 410 1597 Πρηξάσπης
423 1510 485 1596 μέν
499 1534 565 1577 νυν
579 1505 645 1577 έεδν
657 1505 718 1577 τδν
731 1509 841 1579 πάντα
853 1506 979 1598 χρόνον
992 1506 1079 1598 ἀνὴρ

77 1608 213 1695 δόκιμος
227 1607 315 1677 οὕτω
333 1609 531 1696 ἐτελεύτησε.

161 1709 207 1774 Οί
219 1705 255 1774 δὲ
270 1703 310 1793 δὴ
333 1704 412 1777 ε’πτά
433 1713 500 1774 τῶν
513 1707 674 1791 Περσέων
690 1701 736 1785 ὦς
756 1707 1000 1794 ἐβουλεύσαντο
1015 1705 1128 1776 och-,76

75 1815 148 1876 τίκα
171 1809 367 1894 ἐπιχειρέειν
390 1821 476 1877 τοῖσι
495 1807 631 1894 μάγοισι
655 1807 711 1875 καὶ
731 1802 776 1893 μὴ
796 1803 1078 1899 ὑπερβάλλεσθαι,

75 1903 175 1993 ἤισαν
190 1901 366 1993 εὐξάμενοι
376 1921 462 1975 τοῖσι
472 1913 601 1992 θεοῖσι,
615 1911 684 1973 τῶν
694 1907 770 1992 περὶ
778 1906 981 1993 Πρηξάσπεα
991 1931 1080 1996 πρη-

76 2006 229 2089 χθέντων
244 2003 367 2084 εἰδότες
382 2002 491 2075 ούδέν.
515 2010 553 2073 έν
562 2029 599 2071 τε
611 2001 652 2090 δὴ
667 2010 708 2093 τῇ
719 2000 787 2094 ὁδῷ
797 2006 882 2095 μέση
897 2012 1079 2093 στείχοντες

76 2104 227 2188 ἐγίνοντο
237 2104 292 2171 καί
302 2100 343 2170 τδι
354 2105 431 2190 περὶ
439 2103 643 2189 Πρηξάσπεα
656 2101 820 2188 γεγονότα
831 2104 1076 2173 ἐπυνθάνοντο.

77 2201 226 2269 ἐνθαῦτα
246 2199 419 2281 ἐκστάντες
438 2208 496 2288 τῆς
516 2198 600 2270 ὁδοῦ
616 2202 772 2269 ἐδίδοσαν
793 2193 887 2282 αὖτις
902 2208 996 2290 σφίσι
1018 2202 1079 2272 λό-

75 2325 171 2385 γους,
189 2302 224 2367 οἰ
234 2298 297 2385 μὲν
311 2296 396 2389 ἀμφὶ
410 2298 471 2370 τόν
481 2297 622 2388 Ὀτάνην
637 2300 749 2387 πάγχυ
763 2302 957 2383 κελεύοντες
970 2299 1076 2390 ύπερ-

74 2395 260 2484 βάλλεσθαι
271 2397 353 2484 μηδὲ
367 2397 547 2473 οἰδεόντων
556 2405 625 2471 τόν
637 2397 842 2486 πρηγμάτων
853 2402 1075 2482 ἐπιτίθεσθαι,

74 2502 106 2568 οἰ
115 2499 153 2566 δέ
167 2493 254 2584 ἀμφὶ
267 2495 328 2567 τόν
336 2508 485 2586 Δαρείου
495 2497 613 2569 αὐτίκα
626 2526 662 2570 τε
677 2502 762 2568 ἰέναι
775 2502 831 2569 καί
841 2497 881 2567 τά
893 2501 1076 2587 δεδογμένα

74 2599 201 2666 ποιέειν
231 2597 314 2681 μηδὲ
340 2593 621 2686 ὑπερβάλλεσθαι.
654 2596 869 2684 ὠθιζομένων
899 2595 931 2666 δ’
965 2595 1078 2668 αὐτῶν

17 2752 19 2755 .
74 2694 184 2780 ἐφάνη
206 2692 335 2780 ἰρήκων
355 2692 436 2765 ε’πτά
454 2695 570 2781 ζεύγεα
586 2694 649 2764 δύο
670 2699 838 2781 αἰγυπιῶν
859 2695 975 2780 ζεύγεα
997 2692 1079 2763 δεύ-

17 2830 19 2859 ι
73 2817 177 2860 κοντα
192 2794 247 2860 καί
260 2793 415 2865 τίλλοντά
430 2818 466 2862 τε
479 2795 535 2862 καὶ
548 2790 758 2881 ἀμύσσοντα·
779 2793 908 2873 ἰδόντες
923 2791 959 2862 δὲ
974 2800 1079 2862 ταῦτα

72 2897 107 2962 οἰ
118 2889 202 2961 έπτά
216 2890 279 2978 τήν
291 2919 328 2963 τε
336 2900 487 2982 Δαρείου
500 2894 624 2974 πάντες
636 2904 752 2964 αἰνεον
765 2895 905 2984 γνάμηυ
919 2895 974 2967 καί
987 2900 1080 2966 ἒπει-

71 3018 129 3060 τεν
149 2989 253 3079 ἤισαν
269 2991 324 3060 ἐπὶ
342 2989 381 3061 τό
405 2993 561 3082 βασιλήια
583 2995 828 3082 τεθαρσηκότες
845 3008 932 3065 τοῖσι
956 2993 1075 3085 ὄρνισι.

68 3086 238 3160 Ἐπιστόισι
258 3089 295 3159 δὲ
314 3093 369 3160 ἐπὶ
392 3089 451 3171 τάς
474 3093 582 3173 πύλας
607 3094 732 3179 ἐγίνετο
757 3087 832 3162 οἷόν
851 3120 884 3162 τι
899 3100 1033 3185 Δαρείφ
1054 3089 1125 3179 ἡπ

71 3188 191 3277 γνύμη
213 3193 329 3274 ἔφερε·
361 3188 614 3276 καταιδεόμενοι
636 3187 703 3278 γάρ
723 3195 758 3260 οί
780 3192 927 3279 φύλακοι
952 3193 1078 3278 ἀνδρας

70 3286 151 3370 τούς
163 3291 326 3377 Περσέων
342 3288 512 3377 κράτους,
527 3290 580 3359 καὶ
597 3286 699 3360 οὐδὲν
717 3297 850 3360 τοιοῦτο
865 3288 1078 3360 δποπτεύον-
1148 3333 1163 3371 ρ.

70 3413 124 3468 τες
142 3390 179 3469 ἐξ
203 3382 318 3456 αὐτῶν
345 3393 498 3478 ἔσεσθαι,
520 3396 685 3478 παρίεσαν
703 3396 782 3481 δείη
804 3395 919 3477 πομπῇ
940 3387 1078 3474 χρεομί-
1189 3442 1194 3447 .

71 3515 171 3582 τους,
193 3483 269 3561 οὐδ’
287 3487 458 3587 ἐπειράτα,
472 3486 593 3579 οὐδείς.
636 3488 745 3565 ἐπείτε
768 3491 806 3566 δὲ
825 3489 881 3562 καί
899 3490 1079 3583 παρῆλθον
