2622 3928
500 180 728 241 ennnrnrro.
1117 212 1134 246 v

89 329 178 390 reliqui
197 319 320 389 πάντων,
340 330 407 378 unde
426 329 502 379 Beni.
523 332 667 393 suspicatus
687 340 724 378 est
741 343 863 386 παντως.
876 356 909 367 -
923 348 945 381 o.
956 333 999 382 73.
1018 333 1073 381 Non
1092 333 1132 394 de,

88 397 189 449 tevisset
207 395 460 464 Schweigltaeuserus
481 388 552 460 πρός
575 399 600 447 in
625 399 706 448 verbis
727 389 875 462 ἠπιστέατο
903 427 925 436 -
947 390 1135 463 ἔτπεπολεμτό·

88 464 172 527 σθαι,
193 466 215 514 si
241 481 338 516 memor
362 466 452 516 luisset
479 466 533 514 eius
558 480 633 526 usus,
657 466 688 515 de
712 483 762 529 quo
789 468 854 518 dixit
871 467 1000 524 Heindorf.
1019 471 1052 519 ad
1070 470 1134 521 Plat.

88 535 165 601 Gorg.
183 549 208 599 p.
225 535 268 586 25.
292 561 327 572 -
350 551 371 583 o.
397 537 440 586 77.
462 534 574 652 Vulpata
597 535 720 599 seriptum
739 528 767 594 le
785 531 873 592 πέδας
891 528 1027 600 δήσαντες
1045 540 1135 589 merito

88 607 163 655 eessit
180 605 212 669 ei,
230 619 305 667 quam
315 604 357 654 SV
376 604 495 655 exhibent
527 618 543 650 ν
561 597 669 661 πέδαις.
681 629 716 641 -
727 621 749 654 e.
766 604 810 660 80.
829 597 868 669 δή
883 614 942 671 post
960 603 1075 656 τοιαῦτα
1086 622 1136 658 non

84 675 153 724 male
170 688 219 727 om.
240 673 283 724 Fb.
301 700 336 710 -
358 689 380 723 e.
397 672 440 725 82.
462 668 612 722 ποιέωνται
628 673 734 723 debetur
750 674 931 734 Valckenario,
949 676 1008 727 libri
1025 673 1136 726 ποτέον-

87 757 142 794 ται.
162 768 192 777 ·-
211 760 234 794 ο.
254 741 296 793 88.
316 744 410 807 Reeepi
426 742 548 792 suadente
566 741 646 793 Eltaio
662 756 687 806 p.
701 741 751 794 332
769 743 827 794 libri
843 743 860 793 S
878 745 1030 810 scripturam
1045 738 1076 795 ἐκ
1090 739 1136 794 τό·

87 825 125 865 τε.
161 812 188 859 ln
210 813 242 861 iis
265 812 339 869 loeis,
361 813 404 874 qui
423 811 455 860 ad
471 810 655 860 defendendam
674 812 803 877 vulgatam
821 805 851 861 ἔτι
871 825 901 861 τε
918 806 978 863 τότε
997 815 1136 879 eomparati

88 888 155 939 sunt,
174 880 214 939 Vl,
235 879 270 931 84
286 888 310 931 et
327 881 381 940 Vll,
398 881 457 939 215,
475 875 504 928 τέ
522 880 693 946 coniungendi
713 884 763 931 vim
781 882 871 941 babet,
889 897 972 946 nequa
988 884 1136 934 incredibile

87 958 125 1002 est
140 948 289 999 insolentius
305 965 386 1015 genus
408 950 508 999 dicendi
526 965 542 998 a
561 949 673 998 librariis
690 964 737 1014 per
752 950 881 1016 glossema
897 952 1051 1017 explieatnm
1069 967 1135 1003 esse.

88 1047 121 1058 -
132 1035 154 1068 o.
163 1017 207 1072 90.
225 1015 280 1068 τῶν
296 1016 412 1068 οτα.1“ο8
441 1019 510 1081 quod
526 1019 684 1083 probandum
703 1019 809 1071 videtur.
826 1045 862 1058 ·-
872 1036 894 1074 e.
905 1019 948 1075 91.
969 1018 1021 1071 νῦν
1038 1034 1135 1085 πειρη-

86 1079 195 1152 σόμεθα
220 1101 305 1151 σφεας
327 1078 386 1207 {lm
407 1056 473 1152 ομῖν
496 1078 662 1149 ἀπικόμενοι
685 1086 819 1138 τίσασθαι
838 1091 889 1139 l'ab
908 1091 987 1157 vulg„
1009 1093 1057 1143 sed
1077 1091 1135 1140 Vi'·¹

87 1174 112 1208 ν,
129 1171 160 1210 π.
177 1168 226 1218 σφ.
244 1148 271 1212 ἅ.
288 1151 314 1206 ὑ.
353 1150 479 1222 τεόμτνοι
496 1154 645 1219 τίσασθαι,
670 1172 727 1207 oum
748 1159 840 1221 quibus
862 1161 898 1208 ita
914 1161 1037 1210 consentit
1055 1158 1087 1221 S,
1109 1167 1135 1208 ut

86 1223 219 1277 τίσασθαι
238 1228 344 1282 omittet.
380 1228 536 1291 Quamquam
558 1240 607 1276 non
625 1235 692 1276 earet
705 1230 768 1306 nveri
787 1229 872 1345 speeie
890 1228 962 1278 Eltaii
980 1244 1006 1294 p.
1025 1229 1075 1281 332
1093 1245 1135 1278 su-

86 1298 166 1362 spicio
180 1296 332 1346 llerodotum
349 1298 498 1361 scripsisse:
518 1311 544 1348 ν.
563 1309 591 1344 π.
610 1307 682 1359 σφεα
701 1311 734 1352 α,
749 1288 775 1346 ei.
815 1309 956 1362 κτομενοι,
976 1307 1059 1348 tamen
1078 1313 1133 1346 eum

87 1366 148 1429 qnid
173 1366 332 1415 statuendum
355 1373 422 1414 esset
441 1365 504 1414 milri
526 1367 637 1415 nondum
655 1375 797 1425 constaret,
824 1367 952 1434 vulgatam
969 1374 1068 1417 mutare
1085 1382 1134 1417 non

87 1450 165 1484 ansus
183 1449 252 1493 sum,
270 1450 349 1497 eoque
368 1436 464 1495 minus,
482 1436 551 1497 quod
565 1435 667 1485 minime
685 1436 763 1501 inepti
779 1434 876 1486 librarii
892 1451 993 1485 manum
1012 1436 1079 1486 olere
1099 1437 1133 1486 vi·

87 1505 197 1554 deretur.
232 1502 310 1553 Paulo
328 1511 386 1569 post
404 1495 453 1553 τόν
470 1505 563 1554 reetius
579 1504 703 1563 adoletur,
718 1519 793 1568 quam
811 1520 868 1555 eum
886 1506 926 1555 PF
943 1505 1024 1555 Paris.
1043 1506 1131 1555 retine-

87 1573 163 1625 bitur.
180 1600 215 1610 —
231 1588 260 1622 o.⁴
272 1571 317 1633 02,
335 1573 351 1624 5
369 1581 434 1622 extr.
457 1572 554 1622 Vereor
573 1588 604 1622 ne
622 1573 739 1638 cupidius
758 1573 900 1624 Dindorllus
918 1575 1054 1640 arripuerit
1071 1574 1132 1623 Rela-

89 1643 143 1691 lreri
163 1641 329 1692 coniecturam
347 1639 439 1710 πολλῷ
458 1632 489 1689 δ’
505 1634 545 1691 ἔτι
563 1640 675 1699 πλείους
695 1643 733 1692 vel
753 1639 882 1701 πλεῦνας.
904 1670 938 1682 -
963 1659 987 1697 e.
1006 1643 1065 1696 101.
1083 1641 1134 1692 ble-

87 1711 216 1760 morabilis
234 1719 273 1760 est
292 1712 417 1775 scriptura
433 1709 489 1760 SVr
515 1702 549 1759 roi
571 1703 672 1775 ἔσχατα
693 1707 911 1776 πορινεμομίνον
936 1727 982 1777 pro
1004 1703 1039 1760 τὰ
1057 1724 1134 1776 περι-

86 1776 187 1844 έσχατα
207 1776 368 1843 νεμομένου.
405 1779 536 1830 Librorum
561 1783 649 1831 vitium
672 1772 723 1828 οὐκ
746 1775 858 1845 ἔχοντος
881 1772 1008 1843 ἐξήλυσιν
1033 1783 1133 1832 emend.

89 1850 197 1899 Wessel.
234 1851 261 1898 in
280 1850 443 1912 sequentibus
462 1849 588 1915 vulgatam
608 1841 673 1907 τοὺς
692 1842 744 1913 μὲν
766 1848 821 1899 τῶν
840 1848 979 1914 πολεμίων
997 1840 1133 1914 οἶμανομὲ-

87 1932 152 1975 νονς
170 1926 322 1968 commutare
340 1933 388 1970 non
406 1933 484 1968 ansus
505 1934 562 1968 sum
577 1919 652 1968 unius
677 1919 696 1968 F
716 1921 878 1983 auctoritate,
901 1934 1053 1985 quamquam
1072 1921 1133 1970 seri-

90 1998 165 2054 ptura
180 1989 234 2037 eius
251 1979 316 2045 totle
330 1981 381 2052 pia
397 1979 589 2051 ἀμυνομένους
605 1985 661 2036 τῶν
676 1986 818 2052 πολεμίων
832 1988 921 2052 habet,
940 2005 990 2051 quo
1008 2004 1135 2040 eommen-
1163 2006 1167 2012 ·

86 2057 168 2107 detur.
204 2054 255 2107 Nee
273 2059 356 2106 minus
373 2057 436 2107 mihi
454 2058 575 2108 audacius
593 2058 690 2117 visum,
708 2066 812 2124 propter
835 2058 885 2108 looi
903 2058 1075 2109 diversitatem
1090 2075 1134 2125 ge-
1180 2080 1182 2084 ⁸

87 2128 197 2175 netivnm
213 2141 260 2191 pro
271 2126 422 2192 glossemate
439 2125 540 2190 habere,
558 2126 708 2192 pmesertim
724 2142 780 2176 oum
798 2129 835 2176 sio
852 2118 917 2184 eoric
937 2119 988 2189 μέν
996 2127 1029 2177 ad
1038 2128 1123 2193 Lvdos

85 2186 150 2250 τοὺς
165 2190 196 2244 δέ
209 2195 243 2245 ad
258 2196 348 2246 Persas
366 2195 455 2246 referri
472 2197 561 2260 possit.
590 2221 625 2235 -
654 2211 676 2245 e.
698 2188 826 2259 ioapiv
845 2187 883 2260 δή
901 2195 960 2255 SV,
987 2195 1077 2259 reliqui
1096 2164 1135 2260 dvi

86 2266 213 2317 omittunt.
238 2290 273 2301 -
302 2281 325 2319 o.
345 2264 404 2318 108.
423 2266 538 2316 Formam
556 2261 733 2329 μεμηιμὲνος
759 2265 798 2330 (h.
825 2265 842 2315 i.
866 2267 909 2327 Vl,
934 2265 965 2327 13
985 2265 1041 2326 Vll,
1060 2263 1134 2330 220),

85 2347 159 2395 quam
174 2331 266 2400 Bergk.
281 2335 373 2384 Anaor.
392 2336 491 2400 Fragm.
509 2350 536 2400 p.
553 2329 851 2400 2041τιμτμετειμένος
869 2334 1015 2385 mutandam
1031 2348 1134 2384 seusus-

86 2412 133 2458 rat,
152 2403 185 2452 iis
201 2404 357 2469 argumentis
373 2403 487 2454 delendit
504 2403 579 2455 Bred.
594 2418 621 2469 p.
638 2403 705 2466 310,
725 2412 752 2453 nt
767 2404 925 2456 retinendam
939 2404 1082 2455 arbitrarer.
1098 2430 1134 2443 -

85 2487 108 2523 τ.
132 2471 188 2525 118.
207 2462 429 2537 ἀπονοστήσουσι
446 2475 478 2524 ab
497 2474 554 2522 etl*
589 2488 610 2522 r.
628 2488 651 2526 v.
670 2473 698 2535 l.,
720 2466 932 2537 ἀπονοστήσασι
951 2473 1018 2525 male
1035 2470 1053 2523 S
1070 2481 1096 2524 at
1115 2473 1134 2523 F

86 2554 124 2604 pr.
136 2557 169 2591 m.
187 2570 223 2580 -
240 2556 264 2594 e.
284 2543 344 2595 124.
363 2532 425 2606 ἄγοι
440 2541 546 2603 VSFad,
562 2486 622 2605 «lysa
640 2544 671 2592 bo
685 2543 752 2602 ald,
767 2533 820 2609 ἄγῃ
839 2544 946 2593 eonieeit
958 2542 1099 2595 Dobraeus.

152 2609 220 2660 Libri
239 2612 274 2660 VI
291 2628 312 2660 ι.
332 2613 357 2662 b.
378 2612 535 2676 Quamquam
553 2626 603 2663 non
618 2612 707 2678 ignoro
727 2611 798 2662 loeos
810 2610 959 2677 Sophooits,
982 2626 1047 2675 qnos
1067 2620 1133 2661 attu-

86 2674 116 2727 lit
132 2679 242 2732 Wessel.
260 2682 302 2731 ni.
327 2680 408 2741 1019,
431 2679 461 2730 0.
483 2680 513 2735 R.
538 2681 587 2732 041
613 2680 686 2744 (add.
699 2679 775 2742 070),
794 2687 877 2731 tamen
895 2681 980 2731 neseio
995 2696 1027 2730 an
1042 2680 1134 2729 rectius

85 2762 142 2798 enm
161 2747 219 2797 nid.
239 2747 325 2799 ABVS
347 2747 517 2816 (quamquam
535 2752 558 2800 is
575 2740 709 2812 ἄπαστής
730 2748 844 2811 exhibet)
864 2750 989 2799 scribatur
1006 2738 1133 2803 domestic

83 2806 115 2865 ἦ
131 2813 182 2879 τῆς
196 2813 257 2880 γῆς,
272 2820 339 2881 qnod
357 2820 474 2884 probavit
489 2818 632 2884 Bernhardy
649 2816 720 2885 Synt.
737 2816 780 2868 (ir.
799 2833 824 2883 p.
843 2817 895 2869 220
911 2833 936 2868 a.
952 2817 995 2870 10.
1010 2844 1044 2855 -
1054 2834 1077 2874 e.
1092 2819 1132 2868 12.

84 2877 138 2934 τίσι
156 2900 205 2936 om.
224 2885 299 2937 SVad
315 2888 381 2946 did..
398 2890 506 2940 retinent
523 2887 648 2938 MPlii'be.
659 2902 726 2937 -a
740 2886 783 2940 13.
803 2879 1003 2955 ὑπερβαλοίατο
1020 2885 1069 2936 τοῦ
1077 2889 1134 2937 Δα-

85 2957 161 3017 ρείου
175 2956 242 3008 coni.
261 2956 348 3009 Valek.
366 2958 438 3008 Libri
455 2947 505 3007 ebe
520 2956 653 3021 Δαρεῖον,
670 2958 738 3021 quod
758 2956 853 3008 lmvtra
869 2956 1035 3008 defenderunt
1053 2955 1133 3008 Gaisi.

84 3030 110 3073 et
126 3022 214 3074 llatth.
238 3023 302 3081 Elta.
316 3041 343 3092 p.
361 3023 710 3090 13οιιιο1ιιΙιτοΔαρτίον.
735 3051 771 3064 ·-
795 3042 818 3076 o.
841 3027 875 3078 23
898 3041 957 3075 eum
973 3024 991 3076 S
1009 3041 1056 3091 pro
1073 3016 1134 3074 τότε

83 3081 145 3169 ipis,
161 3094 229 3156 qnod
248 3104 330 3145 exstat
348 3095 373 3143 in
390 3096 449 3146 PFll
468 3095 537 3155 Par„
556 3095 674 3146 exhibeat
691 3084 768 3156 ὅστε,
787 3104 855 3146 reete
874 3096 1016 3146 emendavit
1033 3092 1133 3147 Sohaei.

82 3174 159 3213 ασττ.
178 3187 214 3199 -
231 3179 254 3216 ο.
271 3164 314 3215 20.
332 3163 452 3223 Quamvis
470 3163 600 3224 librorum,
616 3173 644 3214 nt
660 3165 768 3224 videtur,
787 3165 899 3215 omnium
908 3165 1047 3228 seripturat
1064 3159 1135 3211 vetis

82 3228 138 3280 triv
152 3221 183 3280 lv
198 3228 233 3298 τῇ
248 3230 390 3302 ναυμαχίᾳ
409 3234 519 3296 quodem
542 3234 616 3284 modo
635 3233 737 3285 delendi
750 3234 849 3299 possit,
874 3240 902 3285 nt
920 3232 1025 3283 delens·
1046 3240 1086 3282 est
1103 3233 1134 3281 ab

83 3299 175 3351 Bemh.
193 3298 236 3353 Gr.
255 3301 327 3368 Synt.
344 3317 371 3366 p.
385 3302 453 3363 208,
471 3317 521 3353 non
538 3303 653 3354 dubitavi
671 3302 785 3368 recipere
801 3301 900 3353 Relskii
917 3301 1134 3352 emendationem:

83 3359 136 3428 τὴν
153 3359 184 3416 lv
202 3366 236 3436 τῇ
252 3386 324 3423 ν.-
340 3387 363 3425 ο.
381 3371 425 3425 28.
444 3364 626 3435 λιμαινούσης
644 3373 783 3421 certissima
799 3379 837 3421 est
853 3370 951 3421 Reiskii
969 3378 994 3420 et
1010 3369 1135 3434 fleringae

82 3435 158 3485 iiius.
185 3438 240 3490 arit.
262 3455 287 3504 p.
307 3441 359 3490 277
384 3441 534 3491 emendans.
567 3442 635 3490 libri
662 3432 867 3504 δειμαινούσης.
904 3437 982 3487 Paulo
1001 3436 1058 3502 posl
1077 3453 1133 3486 eum
