2606 3920
203 250 270 317 266
583 260 834 319 HERODOTI

204 444 263 497 νος
276 424 337 487 τοῦ
350 425 494 507 στρατοῦ
509 436 691 508 παρασχεῖν
701 448 759 507 μοι
772 419 835 510 τήν
845 418 987 495 Ἐλλύδα
999 416 1217 514 δεδουλωμέ

204 543 286 605 νην,
311 514 417 587 αὐτόν
439 515 472 585 δ’
494 519 551 603 ἐμὲ
571 520 701 588 κελεύει
722 516 926 590 ἀπελαύνειν
948 520 1014 591 σδν
1034 531 1080 616 τῷ
1103 531 1216 615 λοιπῷ

205 623 333 708 στρατῷ
355 617 387 695 ἐς
404 613 491 705 ἤθεα
505 615 545 684 τά
564 616 635 703 ἐμά.
666 614 710 684 σύ
728 610 778 685 ἀν
792 621 880 708 ἐμοὶ,
902 624 957 689 καὶ
976 619 1042 708 γάρ
1055 623 1133 706 περὶ
1153 628 1215 707 της

204 721 388 801 ναυμαχίης
405 707 445 782 εὖ
467 714 737 802 συνεβούλευσας
757 722 815 803 τῆς
836 721 1017 806 γενομένης
1038 717 1101 786 ούκ
1124 724 1213 787 ἐῶσα

203 815 394 898 ποιέεσθαι,
414 817 480 880 νῦν
501 838 537 881 τε
557 814 814 901 συμβούλευσον
833 813 974 904 ὁκότερα
996 818 1122 886 ποιέων
1137 821 1212 887 ἐπι-

136 927 187 983 102
201 909 291 996 τύχω
308 902 347 978 εὖ
361 910 641 997 βουλευσόμενος.
680 909 716 980 ‘0
732 914 794 998 μὲν
813 920 916 982 ταῦτα
931 916 1210 1003 συνεβουλεύετο,
1279 994 1281 999 .

200 1005 222 1096 ἡ
235 1009 271 1075 δέ
282 1010 370 1094 λέγει
382 1007 476 1077 τάδε’
497 1015 654 1097 Βασιλεῦ,
665 1006 811 1095 χαλεπόν
822 1015 885 1097 μέν
896 1014 964 1080 ἐστι
975 1021 1211 1100 συμβουλευο·

202 1111 292 1201 μένω
307 1123 419 1196 τυχεῖν
433 1106 473 1177 τά
495 1107 614 1199 ἀρίστα
629 1120 786 1198 εἴπασαν,
809 1113 861 1179 ἐπὶ
875 1112 989 1198 μέντοι
1003 1127 1088 1181 τοῖσι
1101 1112 1210 1199 κατή·
1281 1130 1282 1163 ῑ

153 1244 160 1258 ·
202 1229 301 1279 κουσι
311 1207 480 1295 πρήγμασι
492 1213 599 1279 δοκέει
611 1236 668 1297 μοι
680 1206 785 1279 αὐτόν
794 1210 858 1296 μέν
869 1229 906 1279 σε
917 1207 1122 1281 ἀπελαύνειν
1132 1208 1211 1279 ὀπί-

203 1328 267 1394 σω,
291 1306 493 1392 Μαρδόνιον
508 1309 561 1394 δέ,
586 1314 617 1377 εί
634 1311 744 1378 ἐθέλει
760 1334 796 1377 τε
815 1311 870 1377 καλ
890 1305 1087 1378 ὑποδέκεται
1101 1314 1210 1376 ταῦτα
1280 1382 1282 1389 ,

203 1406 372 1493 ποιήσειν,
388 1404 493 1476 αύτοῦ
507 1416 701 1477 καταλιπεῖν
714 1406 780 1477 σύν
793 1422 878 1476 τοῖσι
894 1409 1012 1476 ἐθέλει.
1032 1414 1132 1475 τούτο
1144 1408 1209 1493 μὲν

201 1504 285 1594 γὰρ,
305 1501 350 1593 ήν
364 1512 626 1597 καταστρέψηται
640 1508 682 1577 τά
703 1528 786 1597 φησι
807 1510 939 1578 ἐθέλειν
955 1515 1014 1577 καί
1027 1513 1062 1578 οἱ
1074 1533 1208 1595 προχω-

202 1605 288 1692 ρήση
301 1602 341 1672 τά
356 1610 464 1675 νοέων
477 1609 576 1692 λέγει,
595 1603 657 1674 σόν
674 1603 711 1674 τό
728 1612 839 1694 ἐργον,
855 1599 882 1675 ἀ
899 1609 1052 1695 δέσποτα,
1067 1607 1206 1692 γίνεται,

202 1707 237 1771 οί
250 1699 315 1789 γάρ
330 1706 383 1773 σοὶ
399 1709 514 1775 δοῦλοι
528 1705 792 1792 κατεργάσαντο,
807 1712 907 1774 τούτο
921 1707 975 1793 δὲ,
990 1701 1035 1792 ήν
1047 1703 1089 1773 τά
1104 1708 1207 1774 ἐυαν-

201 1808 254 1870 τία
269 1807 325 1888 τῆς
340 1808 540 1891 Μαρδονίου
559 1803 695 1890 γνόμης
714 1803 865 1890 γένηται,
888 1799 1026 1890 οὐδεμία
1045 1800 1204 1888 συμφορή

201 1901 328 1988 μεγάλη
340 1907 430 1971 ἔσται
441 1903 497 1972 σέο
508 1928 543 1971 τε
554 1901 747 1988 περιεόντος
758 1903 813 1969 καλ
822 1902 960 1969 ἐκείνων
969 1907 1038 1968 τῶν
1049 1898 1206 1988 πρηγμά-

200 2028 269 2069 των
283 2005 359 2089 περὶ
373 1999 468 2071 οἶκον
482 1999 543 2070 τόν
556 2003 629 2071 σόν.
658 1996 703 2088 ήν
715 1999 781 2089 γάρ
801 2000 844 2068 σύ
864 2026 899 2069 τε
915 2007 1030 2090 περιῇς
1045 2003 1100 2068 καὶ
1114 1998 1206 2079 οἶκος

158 2157 162 2162 .
201 2098 300 2187 όσός,
317 2098 463 2181 πολλούς
477 2102 637 2181 πολλάκις
647 2099 780 2188 ἀγῶνας
791 2103 989 2188 δραμέονται
1004 2103 1078 2188 περὶ
1089 2104 1205 2186 σφέων

201 2195 314 2266 αὐτῶν
326 2202 360 2266 οδ
366 2197 530 2287 Ἕλληνες.
547 2205 747 2287 Μαρδονίου
759 2202 806 2286 δὲ,
816 2197 862 2287 ήν
873 2225 904 2267 τι
914 2199 1019 2289 πύθη,
1031 2198 1131 2285 λόγος
1143 2196 1205 2267 ού-
1282 2216 1283 2275 1

201 2299 267 2376 δεές
281 2302 422 2382 γίνεται·
449 2295 531 2367 υύδέ
542 2325 575 2367 τι
587 2306 746 2378 νικῶντες
760 2304 794 2368 σί
800 2297 957 2386 Ἕλληνες
970 2306 1104 2385 νικῶσι,
1120 2302 1205 2365 δοῦ·
1282 2350 1283 2355 1

199 2402 261 2464 λον
277 2393 340 2464 σόν
361 2393 598 2479 ἀπολέσαντες·
623 2398 671 2467 ’σύ
687 2398 740 2486 δέ,
760 2406 829 2468 τῶν
850 2402 979 2468 εἵνεκεν
999 2397 1060 2468 τόν
1079 2399 1204 2467 στόλον

132 2504 183 2559 103
199 2492 373 2579 ἐποιήσαο,
388 2494 548 2580 πυρύσας
561 2493 620 2575 τάς
633 2494 778 2584 Ἀθήνας
792 2494 924 2588 ἀπελᾷς.
937 2494 1050 2583 Ἥσθη
1063 2523 1098 2565 τε
1109 2494 1149 2583 δή
1162 2504 1203 2584 τῇ

199 2598 386 2682 συμβουλίη
402 2597 539 2682 Ξέρξης·
561 2598 705 2684 λέγουσα
717 2594 783 2684 γάρ
797 2595 998 2683 ἐπετύγχανε
1012 2595 1053 2663 τό
1063 2621 1125 2683 περ
1137 2594 1203 2663 αά-
1282 2644 1283 2647 ,

199 2688 255 2770 τός
271 2690 372 2761 ἐνόεε.
402 2690 482 2761 οὐδὲ
495 2691 560 2782 γάρ
581 2695 747 2774 εἰπόντες
761 2696 817 2764 καὶ
831 2699 934 2762 πᾶσαι
950 2694 1201 2780 συνεβούλευον

199 2786 289 2877 αύτῷ
303 2792 434 2878 μένειν,
451 2796 546 2878 έμενε
560 2788 603 2861 ἀν
618 2796 748 2863 δοκέειν
762 2795 849 2878 ἐμοί·
877 2789 967 2859 οὕτω
984 2792 1201 2880 καταρρωδή-

199 2910 263 2953 κεε.
287 2887 461 2967 ἐπαινέσας
478 2891 514 2958 δὲ
527 2887 590 2977 τήν
602 2889 810 2978 Ἀρτεμισίην
823 2888 949 2976 ταύτην
962 2891 1024 2976 μέν
1038 2886 1199 2959 ἀποστέλ-

197 2990 248 3051 λει
265 2980 415 3069 ἀγουσαυ
434 2983 539 3055 αὐτοῦ
553 2986 633 3069 τούς
646 2994 765 3070 παῖδας
786 2991 819 3068 ἐς
830 2986 991 3076 Ἔφεσον·
1019 2989 1119 3058 νόθοι
1134 2987 1198 3075 γάρ

131 3096 182 3151 103
196 3108 284 3161 τινες
303 3086 417 3163 παῖδές
432 3090 466 3153 σί
480 3093 689 3156 συνείποντο.
722 3089 925 3174 Συνέπεμπε
946 3085 982 3153 δέ
1001 3100 1086 3154 τοῖσι
1106 3088 1200 3153 παισὶ

199 3180 354 3266 φύλακον
369 3180 584 3272 Ἑρμότιμον,
603 3189 702 3272 γένος
715 3189 777 3273 μὲν
792 3186 891 3255 ἐόντα
904 3187 1079 3272 Πηδασέα,
1095 3184 1199 3271 φερό-

198 3305 303 3367 μενον
316 3282 353 3349 δέ
367 3280 408 3350 οὐ
424 3280 465 3351 τά
480 3285 620 3374 δεύτερα
633 3294 702 3354 τῶν
717 3285 889 3372 εύνούχωυ
902 3281 993 3372 παρά
1007 3288 1143 3372 βασιλέϊ.
1166 3290 1201 3354 οδ

198 3377 234 3444 δὲ
241 3381 410 3462 Πηδασέες
420 3383 566 3451 οἰκέουσι
577 3380 662 3471 ὑπὲρ
671 3381 922 3470 Ἀλικαρυησοῦ.
938 3384 977 3451 έν
987 3382 1023 3451 δέ
1034 3389 1198 3468 τολσιΠη-

198 3473 329 3542 δόσοισι
342 3476 490 3546 τούτοισι
504 3480 636 3551 τοιόνδε
646 3484 782 3567 φέρεται
796 3486 931 3568 πρῆγμα
944 3485 1115 3566 γίνεσθαι·
1138 3482 1200 3548 ἐπ·
