2606 3930
345 278 427 336 ΗΒ.
458 279 504 335 lv.
548 278 645 337 cAP.
677 282 852 341 λδθ-Βθῦ
1031 275 1094 344 δθῑ

87 458 151 530 σφι
172 446 347 528 μνυαικῦν
362 435 441 520 τούς
460 435 583 528 μαζούς
602 436 821 529 ἀποταμοῦσα
842 441 1024 527 περιέστιξε
1038 445 1094 513 καλ

86 540 240 610 τούτοισι
252 537 291 610 τό
305 554 419 628 τεδχος.
433 537 569 620 ’τσύςδέ
579 537 799 622 λοιπούςτῦυ
807 550 986 631 Βαρκαίων
995 549 1094 632 ληίην

88 640 246 709 έτιέλευσι
265 639 393 708 δέσδαι
412 634 653 728 τούς-Πέρσας,
672 637 764 730 πλὴν
787 639 862 713 ὅσοι
879 639 993 713 αύτοῦν
1004 637 1093 733 ἦσαν

88 739 271 810 Βαττιάδαι
286 766 323 809 τε
342 743 399 810 καὶ
416 746 479 812 τού
494 740 607 831 φόνου
626 738 669 811 ού
684 748 861 830 μεταίτιοι·
886 744 1036 814 τούτοισι
1053 745 1093 814 δέ

19 918 26 925 ,
65 866 71 872 ·
88 839 155 931 τῆν
168 839 269 911 πόλιν
282 841 441 930 ἐπέτρεψε
459 836 481 928 ῆ
495 846 670 931 Φερετίμη.
718 837 806 922 Τυύς
827 833 877 911 ἀν
897 839 939 931 δῆ
956 841 1095 923 λυττούς
1110 861 1161 917 20³

88 949 161 1012 τῦν
181 947 358 1029 Βαρκαίων
383 944 419 1009 οἱ
438 942 566 1030 Πέρσαι
593 937 922 1030 ἀνδραποδισάμενοι
947 938 1093 1031 ἀπήισαν

89 1038 216 1109 ὀπίσω·
235 1042 291 1108 καὶ
322 1039 429 1108 ἐπείτε
454 1041 507 1110 έπὶ
527 1045 568 1130 τῆ
581 1046 785 1129 Κυρηναίων
804 1040 883 1111 πόλι
898 1042 1091 1130 έπέστησαν,

89 1144 126 1209 ολ
138 1147 325 1228 Κυρηναῖοι
341 1138 460 1226 λόγιόν
479 1165 511 1208 τι
531 1135 771 1227 ἀποσιεύμενοι
792 1142 948 1228 διεξῆκαν
967 1137 1092 1219 αύτούς
1189 1194 1196 1205 .

89 1235 148 1308 διά
162 1243 224 1307 τοῦ
239 1236 363 1318 ἀστεος.
386 1236 571 1327 διεξιούσης
586 1237 623 1308 δέ
638 1245 696 1327 τῆς
709 1243 864 1326 στρατιῆς
879 1239 1013 1328 Βάδρης
1028 1238 1091 1327 μέν

88 1329 109 1403 ὃ
125 1343 188 1405 τοῦ
202 1343 364 1406 ναυτικοῦ
377 1344 522 1424 στρατοῦ
542 1334 724 1426 στρατηγός
739 1339 869 1408 έκέλενε
890 1342 1014 1428 αίρέειν
1030 1337 1092 1428 τῆν

88 1437 209 1525 πόλιν,
221 1433 360 1523 ’Ἄμασις
374 1438 412 1506 δέ
425 1434 444 1506 ό
458 1443 520 1506 τοῦ
534 1442 635 1520 πεζοῦ
649 1433 713 1506 ούκ
730 1443 784 1526 έα,
807 1442 859 1508 έπὶ
873 1437 1011 1528 Βάρκην
1024 1438 1089 1528 γάρ

88 1533 318 1622 ἀποσταλῆναι
332 1532 465 1622 μούνην
472 1531 648 1622 Ἑλληνίδα
662 1534 780 1624 πόλιν,
796 1537 829 1616 ές
846 1532 866 1604 ό
880 1540 1091 1618 διεξελθοῦσι

89 1638 146 1706 καὶ
161 1636 339 1722 ἱζομένοισι
353 1635 407 1704 έπλ
419 1629 505 1713 Διός
518 1638 671 1703 Λυκαίου
690 1631 798 1721 ὄχθον
817 1634 1018 1723 μετεμέλησέ
1028 1656 1088 1721 σφι

88 1732 134 1804 ού
153 1740 270 1820 σχοῦσι
294 1728 357 1821 τῆν
378 1731 558 1822 Κυρῆνηυ,
584 1734 641 1801 καὶ
663 1733 850 1821 έπειρέοντο
870 1730 908 1804 τό
931 1735 1090 1822 δεύτερον

89 1832 246 1922 παριέναι
270 1832 303 1911 ές
333 1827 457 1920 αύτῆν,
489 1834 523 1900 ολ
546 1830 583 1901 δέ
608 1837 796 1918 Κυρηναῖοι
822 1828 864 1900 ού
893 1832 1087 1921 περιιόρεου.

89 1946 176 2009 τοῖσι
201 1928 237 1999 δέ
258 1929 407 2019 Πέρσησι
432 1925 572 2010 ούδενός
596 1932 786 2018 μαχομένου
813 1930 920 2020 φόβος
944 1932 1088 2019 ένέπεσι,

90 2028 342 2117 ἀποδραμόντες
361 2032 399 2096 δέ
418 2027 501 2098 ὅσον
522 2024 681 2117 έξῆκοντα
700 2028 819 2098 στάδια
844 2031 961 2111 ἵζοντο.
993 2033 1090 2118 ἱδρυ-

89 2132 186 2199 θέντι
208 2129 244 2197 δέ
264 2136 311 2221 τῷ
331 2131 541 2223 στρατοπέδω
560 2123 772 2221 ταύτηῆλθε
791 2128 882 2219 παρά
899 2127 1089 2220 Ἀρυάνδεω

90 2226 230 2318 άχχελος
247 2225 446 2299 ἀποκαλέων
467 2228 598 2311 αύτούς.
632 2234 667 2299 ολ
687 2230 724 2301 δέ
742 2234 870 2319 Πέρσαι
886 2236 1090 2318 Κυρηναίων

89 2330 266 2416 δεηθέντες
283 2327 401 2398 έπόδιά
412 2346 473 2416 σφι
484 2334 604 2401 δοῦναι
615 2335 750 2419 έτυχον,
765 2329 925 2419 λαβόντες
939 2328 1089 2401 δὲταῦτα

80 2424 341 2515 (ἀπαλλάσσοντο
363 2430 396 2508 ές
419 2426 480 2515 τῆν
501 2438 685 2517 Αίηνπτον.
719 2429 969 2519 παραλαβόντες
992 2429 1029 2497 δὲ
1050 2425 1087 2495 τό

90 2528 252 2593 ἐνθεῦτεν
265 2522 389 2607 αύτούς
399 2534 523 2615 Λίβυες
535 2535 593 2617 τῆς
605 2554 642 2597 τε
656 2529 798 2617 έσδῆτος
811 2532 940 2598 εἵνεκεν
955 2530 1010 2598 καὶ
1030 2537 1088 2616 τῆς

90 2627 212 2708 σκευῆς
230 2619 309 2701 τούς
330 2622 616 2714 ὑπολειπομένους
637 2623 752 2696 αύτῦν
771 2630 827 2697 καὶ
847 2629 1088 2716 έπελκομένους

89 2721 273 2809 ἐφόνευον,
295 2724 328 2802 ές
348 2721 369 2791 ό
389 2727 422 2806 ές
442 2724 504 2814 τῆν
526 2737 702 2814 Αίχνπτον
723 2723 892 2796 ἀπίκοντο.
939 2719 1047 2806 Ούτος
1071 2724 1153 2796 6204

89 2819 249 2906 Περσέων
263 2820 401 2907 στρατός
415 2832 473 2914 τῆς
487 2827 616 2915 Λιβύης
630 2826 797 2897 ἑκαστάτω
813 2827 845 2906 ές
861 2823 1088 2916 Εὐεσπερίδας

89 2913 184 3009 ἦλθε.
207 2915 287 2998 τούς
301 2923 339 2991 δέ
351 2919 639 3013 ἠνδραποδίσαντο
653 2952 722 2995 τιιν
736 2933 930 3015 Βαρκαίων,
947 2925 1088 3006 τούτους

89 3019 126 3087 δέ
140 3019 176 3087 έκ
190 3023 248 3104 τῆς
260 3021 437 3107 Αἰγύπτου
451 3022 685 3106 ἀνασπάστους
705 3029 865 3114 έποίησαν
884 3023 975 3116 παρά
989 3034 1088 3116 βασι-

90 3119 162 3188 λέα·
184 3117 342 3205 βασιλεύς
356 3125 397 3191 δέ
414 3142 475 3212 σφι
488 3134 632 3213 Δαρεῖος
652 3130 755 3194 ἔδωκε
770 3134 828 3214 τῆς
836 3134 1007 3218 ,Βακτρίης
1019 3126 1088 3215 χύ-

89 3243 149 3306 ρης
162 3215 280 3306 κόμην
293 3221 531 3313 ἐγκατοικῆσαι.
561 3229 596 3294 οἱ
608 3223 645 3293 δέ
664 3232 705 3316 τῆ
718 3224 814 3315 κύμη
833 3225 937 3315 ταύτη
958 3225 1087 3313 ούνομα

89 3317 375 3409 έδεντοΒάριιην,
410 3316 495 3415 ῆπερ
523 3329 570 3394 έτι
591 3323 646 3392 καὶ
664 3325 697 3403 ές
718 3322 775 3411 έμέ
793 3316 838 3412 ῆν
858 3323 1035 3412 οἰκεομένη
1050 3326 1087 3393 έν

89 3423 128 3506 τῆ
142 3422 185 3507 μῆ
198 3423 240 3507 τῆ
252 3424 408 3508 Βακτρίη.

174 3511 227 3583 Ού
247 3521 309 3603 μέν
329 3515 408 3587 οὐδὲ
430 3514 451 3603 ῆ
474 3525 637 3606 Φερετίμη
659 3511 699 3588 εὖ
719 3517 782 3608 τῆν
803 3519 883 3607 ζόην
902 3519 1086 3602 κατέπλεξε.
1104 3535 1155 3588 τοῦ
