2566 3934
214 211 275 277 168
586 215 838 276 HERODOTI

213 374 465 465 ἁμαξευομένην
486 382 616 465 πᾶσαν,
628 376 742 447 ἐνδεέα
755 376 893 448 τούτων.
921 365 987 449 ἀπό
1003 377 1069 469 γάρ
1089 377 1213 450 τοῦτου

211 482 273 543 τοῦ
292 475 419 563 χρόνον
432 484 603 564 Λίγυπτος
622 477 723 544 ἐοῦσα
738 474 854 557 πεδιάς
878 486 968 547 πᾶσα
989 477 1134 559 ἀνιππος
1157 480 1212 547 καὶ

212 572 438 662 ἀναμάξευτος
453 579 587 664 γέγονε·
608 584 711 644 αίτιαι
730 575 767 643 δὲ
783 576 912 645 τούτων
928 583 964 648 αί
979 578 1138 666 διώρυχες
1153 598 1210 664 γε·

211 674 331 762 γόνασι
355 676 469 742 ἐοῦσαι
489 676 607 744 πολλαὶ
628 677 683 742 καλ
702 682 883 757 παντοίους
901 677 1047 766 τρόπους
1067 682 1207 764 έχουσαι.

211 769 392 859 κατέταμνε
403 772 440 840 δέ
453 776 552 841 τοῦδε
566 775 695 842 εἵνεκεν
708 771 771 861 τήν
782 776 897 863 χάρην
911 774 929 845 ὁ
944 776 1115 865 βασιλεῦς·
1137 771 1224 844 ὅσοι

212 877 281 938 τῶν
296 875 491 956 Αίγυπτίων
504 868 548 959 μή
574 873 627 941 ἐπὶ
650 879 697 963 τῷ
722 878 859 964 ποταμῷ
878 870 1098 952 κεκτέατοτάς
1115 873 1211 951 πόλις

211 966 285 1039 ἀλλ’
303 966 508 1058 ἀναμέσους,
533 963 645 1058 οὗτοι,
662 969 749 1051 όκως
763 997 799 1040 τε
812 967 904 1040 ἀπίοι
919 971 938 1039 ὁ
953 969 1110 1059 ποταμός,
1124 991 1211 1039 σπα-

210 1077 354 1153 νίζοντες
367 1067 501 1141 ῦδάτων
511 1075 742 1160 πλατυτέροισι
757 1073 908 1160 ἐχρέοντο
922 1086 1007 1141 τοῖσι
1022 1072 1158 1159 πόμασι,
1174 1072 1210 1139 ἐκ

210 1170 366 1257 φρεάτων
384 1171 567 1259 χρεόμενοι.
594 1171 725 1239 τοῦτον
737 1170 800 1258 μέν
815 1166 855 1257 δή
872 1174 1000 1239 εἵνεκεν
1019 1170 1209 1257 κατετμήθη

144 1269 229 1359 ιοςή
257 1279 436 1357 Αἴγυπτος.
486 1276 691 1356 Κατανείμαι
716 1268 752 1338 δὲ
776 1265 840 1355 τήν
860 1268 973 1356 χάρην
997 1275 1210 1356 Αίγνπτίοισι

210 1371 313 1440 ἀπασι
327 1378 449 1439 τοῦτον
456 1375 579 1458 ιέλεγον
602 1368 663 1439 τόν
677 1371 832 1459 βασιλέα,
853 1376 979 1457 κλήρου
995 1378 1070 1439 ίσον
1084 1367 1210 1458 ἑκάστῳ
1274 1396 1276 1459 j

210 1473 422 1561 τετράγωνον
446 1471 601 1559 διδόντα,
629 1475 685 1541 καλ
709 1469 777 1541 άπδ
796 1472 921 1541 τοῦτου
939 1469 999 1550 τάς
1022 1469 1210 1557 προσόδους
1275 1486 1276 1561 j

209 1572 431 1673 ποιήσασθαι,
453 1570 650 1652 ἐπιτάξαντα
665 1568 844 1659 ἀποφορὴν
859 1572 1035 1660 ἐπιτελέειν
1050 1566 1122 1636 κατ’
1140 1570 1210 1636 ἐνι-

210 1669 324 1738 αυτόν.
349 1675 380 1738 εί
392 1671 432 1738 δέ
448 1694 539 1749 τινος
558 1675 620 1737 τοῦ
635 1670 764 1757 κλήρου
783 1667 801 1736 ὁ
817 1667 963 1755 ποταμός
975 1693 1007 1735 τι
1022 1669 1207 1753 παρέλοιτο,

210 1768 322 1840 έλθοδν
343 1765 387 1839 ἀν
407 1768 491 1859 πρός
508 1768 613 1839 αὐτόν
627 1772 786 1859 ἐσήμαινε
804 1770 842 1840 τό
864 1771 1102 1859 γεγενημένον·
1135 1765 1209 1836 ὁδέ

209 1878 333 1960 ἔπεμπε
348 1871 426 1953 τοῦς
440 1875 722 1961 ἐπισκεψομένους
739 1877 793 1942 καὶ
814 1870 1117 1959 ἀναμετρήσοντας,
1139 1864 1209 1959 όσφ

210 1973 361 2041 ἐλάσσων
377 1969 515 2059 δχιῦρος
528 1974 662 2060 γέγονε,
685 1968 771 2051 ὅκως
785 1978 846 2039 τοῦ
867 1974 987 2038 λοιποῦ
1001 1961 1083 2035 κατὰ
1104 1963 1208 2051 λόγον

209 2077 266 2157 τῆς
276 2073 474 2158 τεταγμένης
484 2068 659 2157 ἀποφορῆς
668 2076 783 2139 τελέοι.
807 2072 913 2138 δοκέει
927 2072 967 2137 δέ
977 2091 1034 2155 μοι
1048 2067 1207 2134 ἐνθεῦτεν
1274 2134 1275 2151 J

208 2177 390 2257 γεωμετρίη
407 2167 585 2258 εὑρεθεῖσα
599 2172 632 2249 ἐς
645 2168 708 2258 τήν
716 2169 857 2240 Ἐλλάδα
872 2172 1078 2237 ἐπανελθεῖν.
1100 2164 1207 2234 πόλον
1274 2170 1275 2263 J

207 2271 270 2357 μὲν
283 2268 349 2354 γάρ
363 2272 417 2337 καί
431 2269 591 2356 γνάμονα
604 2272 659 2338 καί
673 2267 714 2338 τά
730 2270 883 2339 δυώδεκα
895 2269 996 2361 μέρεα
1010 2271 1068 2352 τής
1086 2260 1205 2352 ήμέρης
1274 2292 1275 2351 g

208 2365 299 2452 παρὰ
312 2375 540 2454 Βαβυλωνίων
554 2374 684 2455 ἔμαθον
698 2366 903 2453 οίἝλληνες.
1005 2440 1014 2448 J
1274 2370 1275 2401 ³

143 2483 192 2535 110
289 2461 452 2544 Βασιλεῦς
472 2467 535 2553 μέν
556 2464 596 2554 δή
619 2460 717 2546 οὗτος
738 2474 863 2554 μοῦνος
881 2463 1065 2551 Αίγῦπτιος
1083 2466 1206 2531 Αίδιο·

206 2555 391 2650 πίηςήρξε,
413 2565 612 2652 μνημόσυνα
626 2565 663 2634 δέ
684 2568 813 2636 ἐλίπετο
833 2560 898 2649 πρδ
912 2568 974 2628 τοῦ
991 2558 1206 2646 Ἡφαιστείου

206 2657 409 2747 ἀνδριάντας
421 2669 576 2742 λιθίνους
608 2664 671 2732 δόο
685 2666 748 2751 μὲν
760 2662 938 2751 τριήκοντα
951 2662 1099 2749 πηχέων,
1119 2659 1205 2725 έωυ·
1273 2684 1274 2745 3

204 2758 265 2827 τόν
282 2786 318 2828 τε
337 2763 392 2829 καὶ
411 2758 474 2848 τήν
493 2776 654 2850 γυναίκα,
674 2761 754 2841 τοῦς
775 2762 811 2830 δέ
825 2763 944 2838 παῖδας
959 2756 1074 2835 ἐόντας
1091 2758 1205 2824 τέσσε-
1273 2762 1274 2831 ζ

205 2881 282 2942 ρας,
304 2865 409 2927 είκοσι
423 2862 555 2948 πηχέων
568 2863 717 2930 ἕκαστον.
740 2868 808 2928 τῦν
823 2856 863 2947 δή
879 2852 1001 2944 δέρεῦς
1013 2860 1074 2924 τοῦ
1082 2851 1204 2942 Ἡφαί-

204 2971 286 3019 στου
300 2953 411 3045 χρόνῳ
435 2962 624 3044 μετέπειτεν
639 2966 753 3049 πολλῷ
766 2969 914 3046 Δαρεῖον
930 2952 991 3022 τόν
1003 2957 1140 3042 Πέρσην
1161 2949 1203 3022 οῦ
1273 3010 1274 3051 ,

204 3056 350 3139 περιεῑδὲ
365 3055 501 3125 ίστάντα
522 3063 715 3145 ἔμπροσθεν
729 3056 930 3146 ἀνδριάντα,
952 3049 1019 3139 φάς
1035 3048 1077 3119 οῦ
1096 3056 1130 3120 ολ
1142 3074 1203 3118 πε·
1273 3082 1274 3089 ¹

203 3153 365 3234 ποιήσθαι
386 3156 466 3238 ἔργα
504 3150 623 3243 οἷάπερ
643 3156 817 3245 Σεσοόστρι
841 3160 887 3245 τῷ
905 3156 1086 3240 Αίγνπτίφ.
1135 3152 1203 3218 Σέ·
1272 3236 1273 3241 J

204 3266 349 3331 σωστριν
368 3250 431 3333 μὲν
454 3247 519 3334 γάρ
540 3250 624 3322 ἀλλα
647 3279 683 3322 τε
703 3257 995 3343 καταστρέψασθαι
1016 3253 1118 3317 έθνεα
1139 3245 1202 3317 οῦκ
1272 3338 1273 3345 J

203 3342 333 3413 ἐλάσσω
348 3346 480 3414 ἐκείνου
490 3351 548 3417 καὶ
562 3349 603 3437 δή
618 3356 674 3422 καὶ
683 3355 841 3441 Σκύθας,
863 3360 1011 3435 Δαρεῖον
1025 3346 1062 3416 δέ
1083 3344 1126 3417 οῦ
1140 3352 1203 3417 δν-
1272 3350 1273 3361 ’

202 3452 370 3531 υασθήναι
384 3443 526 3527 Σκύθας
546 3449 640 3519 ἑλεῖν.
673 3449 736 3519 οῦκ
757 3445 806 3521 ἀν
820 3455 952 3523 δίκαιον
966 3442 1050 3515 εἶναι
1068 3444 1200 3515 έστάναι
