2606 3920
222 234 286 300 248
599 241 850 300 HERODOTI

221 399 286 467 έῶν
301 399 511 518 ἐπιψηφίζειν
529 395 630 470 ἀπόλι
646 396 761 486 ἀνδρί·
790 399 891 469 πόλιν
907 400 974 491 φάρ
988 402 1048 474 τόν
1064 413 1229 491 Θεμιστο-

220 497 299 563 κλέα
314 494 543 582 παρεχόμενον
558 494 648 564 οὕτω
663 500 795 566 ἐκέλευε
808 498 944 585 γνωμας
959 503 1226 590 συμβάλλεσθαι.

218 603 322 667 ταῦτα
336 599 376 663 δέ
391 598 426 664 οί
440 594 669 717 προέφερε,
648 623 699 665 οτι
712 595 889 684 ήλοόκεσάν
905 625 941 668 τε
961 603 1016 671 καὶ
1033 611 1225 692 κατείχοντο

218 692 412 780 κίἈθήναι
436 694 511 764 τότε
528 691 569 782 δή
587 692 605 762 δ
621 698 862 782 Θεμιστοκλέης
877 698 1008 767 ἐκεῖνόν
1022 726 1058 767 τε
1073 704 1128 770 καὶ
1143 701 1225 784 τοός

216 800 424 878 Κορινθίους
438 793 546 863 πολλά
560 795 661 862 τεκαὶ
675 820 760 862 κακα
749 792 874 883 ἔλεγε,
891 800 1045 868 ἕωυτολσί
1051 826 1087 868 τε
1098 801 1222 889 έδήλον

215 890 304 982 λόγφ
321 886 365 970 ὥς
381 899 431 977 είη
448 893 503 959 καί
518 890 613 970 πόλις
624 893 679 959 καὶ
692 917 735 978 νη
721 891 892 978 μέζων”
868 918 953 983 ηπερ
969 897 1135 986 έκείνοισι,
1151 904 1221 969 ἐστ’

214 986 258 1060 ἀν
278 989 446 1076 διηκόσιαι
466 991 539 1068 νέες
560 1008 622 1075 σφι
646 994 725 1057 ἐωσι
747 998 1020 1079 πεπληρωμέναι
1049 991 1221 1083 οόδαμους

166 1110 199 1169 02
214 1086 279 1177 γάρ
291 1084 460 1174 Ἑλλήνων
478 1082 601 1166 αάτους
615 1076 769 1165 ἐπιόντας
784 1084 1065 1173 ἀποκρούσεσθαι.
1085 1098 1220 1179 Σημαί-

212 1214 283 1255 νων
299 1188 336 1254 δὲ
354 1193 458 1253 ταῦτα
471 1211 518 1275 τφ
537 1184 627 1273 λόγῳ
644 1188 791 1274 διέβαινε
812 1187 845 1264 ές
858 1183 1088 1273 Εὐρυβιάδεα,
1109 1192 1220 1276 λέγων
1283 1244 1284 1249 1

211 1291 340 1372 μᾶλλον
360 1252 625 1377 ἐπεστραμμένα
658 1280 713 1351 Συ
729 1289 760 1352 εί
774 1282 958 1370 μενέεις’
916 1310 1021 1355 αυτου
1006 1291 1091 1356 ’καί
1104 1292 1219 1376 μένων

212 1389 301 1454 έσεαι
315 1379 401 1469 ἀνήρ
423 1378 568 1469 ἀγαθός·
596 1387 635 1455 εί
641 1383 679 1449 δέ
693 1379 756 1468 μή,
777 1380 973 1471 ἀνατρέψεις
986 1382 1048 1473 τήν
1063 1383 1214 1459 Ἑλλάδα

209 1480 247 1552 τό
263 1488 332 1548 πᾶν
345 1478 411 1569 μάρ
421 1478 502 1568 ἡμίν
512 1505 574 1548 τον
559 1482 732 1566 πολέμου
746 1482 888 1568 φέρουσι
903 1487 940 1551 αί
950 1485 1030 1563 νέες.
1054 1482 1127 1553 ἀλλ’
1143 1488 1217 1575 ἐμοὶ

209 1585 336 1648 πείθεο
360 1584 391 1646 εί
376 1578 440 1647 ίδὲ
454 1584 558 1645 ταῦτα
572 1575 617 1665 μή
632 1578 798 1666 ποιήσεις,
815 1576 908 1666 ήμείς
921 1579 1046 1669 μέν,
1024 1609 1068 1662 ως
1083 1589 1210 1676 ἔχομεν,
1279 1641 1284 1668 ,

208 1675 433 1764 ἀναλαβόντες
448 1673 527 1754 τούς
543 1678 671 1754 οίκέτας
691 1676 900 1763 κομιεύμεθα
920 1680 953 1757 ἐς
970 1685 1071 1767 Σίριν
1092 1678 1156 1799 τήν
1175 1685 1212 1750 ἐν

203 1770 369 1862 ’hunus'
346 1799 367 1859 η
382 1796 445 1858 περ
458 1770 600 1861 ἡμετέρη
614 1777 653 1843 τέ
662 1775 732 1842 έστι
747 1776 783 1842 ἐκ
796 1781 942 1842 παλαιοῦ
953 1781 1030 1862 ἐτι,
1026 1780 1081 1845 καὶ
1095 1775 1136 1845 τά
1152 1780 1213 1847 λό-

206 1900 262 1960 γιοι
283 1870 410 1958 λέγει’
391 1896 440 1940 υπ
443 1870 587 1961 ’ήμέων
608 1869 715 1959 αάτήν
731 1875 820 1940 δέειν
840 1879 1035 1961 κτισθῆναι·
1063 1873 1158 1962 ὑμεῖς
1175 1877 1212 1945 δὲ

206 1968 390 2056 συμμάχων
403 1974 543 2039 τοιῶνδε
563 1972 798 2057 μουνωθέντες
811 1969 1024 2058 μεμνήσεσθε
1038 1979 1106 2040 τῶν
1120 1974 1211 2059 ἐμῶν

157 2090 191 2148 63
206 2073 327 2158 λόγων.
365 2077 478 2140 Ταῦτα
498 2074 535 2138 δὲ
549 2073 788 2156 Θεμιστοκλέος
803 2072 957 2156 λέγοντος
973 2067 1210 2141 ἀνεδιδάσκετο
1282 2156 1283 2159 ¹

205 2167 427 2258 Εὐρυβιάδης.
456 2170 586 2237 δοκέειν
603 2169 642 2235 δέ
661 2193 734 2254 μοι,
757 2164 952 2256 ἀρρωδήσας
971 2169 1114 2255 μάλιστα
1130 2169 1212 2250 τούς

200 2267 402 2355 Ἀθηναίους
416 2264 664 2352 ἀνεδιδάσκετο,
681 2266 728 2353 μή
738 2285 843 2353 σφεας
858 2263 1055 2355 ἀπολίπωσι,
1069 2264 1114 2355 ήν
1123 2265 1211 2353 πρὸς

202 2369 263 2440 τόν
280 2365 416 2455 Ἰσθμόν
436 2365 546 2455 ἀνάμη
560 2364 619 2445 τάς
642 2372 728 2446 νέας.
765 2364 1000 2436 ἀπολιπόντων
1019 2364 1084 2457 γάρ
1105 2365 1209 2455 Ἀθη-

202 2475 308 2540 ναίων
320 2464 431 2535 οὐκέτι
445 2470 595 2552 ἐγίνοντο
608 2462 780 2552 ἀξιόμαχοι
793 2470 827 2534 οί
836 2471 955 2535 λοιποί.
967 2467 1094 2554 ταότην
1106 2467 1143 2536 δέ
1154 2473 1209 2536 αί-
1281 2460 1282 2465 ¹

152 2586 187 2646 σε
203 2570 312 2658 ρέεται
321 2562 383 2654 τήν
391 2563 532 2653 γνώμην
542 2561 648 2634 αὐτοῦ
658 2567 820 2651 μένοντας
827 2567 1091 2653 διαναυμαχέειν.
1107 2567 1209 2636 Οὕτω
1280 2602 1281 2609 ¹

200 2666 262 2757 μὲν
275 2669 309 2733 οί
317 2665 576 2752 περὶΣνλαμίνα
587 2668 679 2733 ἐπεσι
690 2660 1000 2752 ἀκροβολισάμενοι,
1012 2665 1086 2734 έπεί
1092 2691 1128 2734 τε
1135 2664 1208 2734 Εό-
1280 2714 1281 2717 ¹

201 2763 346 2853 ρυβιάδη
360 2767 469 2849 ἐδοξε,
490 2759 596 2831 αὐτοῦ
610 2760 897 2850 παρεσκευάζοντο
912 2758 957 2841 ὡς
970 2763 1208 2853 ναυμαχήσον-

199 2878 260 2940 τες.
287 2859 395 2948 ἡμέρη
411 2887 447 2928 τε
467 2862 593 2948 ἐγίνετο
608 2862 663 2927 καί
677 2857 746 2945 ἅμα
765 2865 812 2949 τῷ
825 2857 908 2951 ήλίφ
924 2856 1055 2928 ἀνιόντι
1071 2859 1208 2948 σεισμός

198 2960 328 3045 ἐγένετο
345 2964 383 3027 ἐν
395 2985 431 3027 τε
446 2965 486 3048 τῇ
502 2965 545 3046 μή
560 2958 615 3026 καὶ
628 2965 669 3046 τῇ
684 2957 849 3045 θαλάσση.
873 2961 965 3037 ἐδοξε
980 2960 1019 3024 δέ
1031 2975 1093 3044 σφι
1106 2957 1207 3039 εὔξα-

198 3070 281 3129 σθαι
294 3071 380 3128 τοῖσι
390 3068 501 3127 θεοῖσι
516 3059 572 3126 κοιλ
581 3060 842 3128 ἐπικαλέσασθαι
855 3054 935 3136 νοός
945 3061 1107 3137 Αἰακίδας
1116 3078 1207 3145 συμ-

196 3157 331 3245 μάχους.
354 3153 399 3237 ὡς
415 3160 455 3226 δέ
466 3175 528 3244 σφι
542 3161 650 3242 ἐδοξε,
667 3159 724 3228 καὶ
734 3160 870 3226 ἐποίευν
882 3162 1002 3224 ταῦτα·
1026 3154 1207 3243 εὐξάμενοι
1278 3174 1279 3225 4

195 3253 260 3343 γάρ
275 3261 356 3322 πάσι
366 3267 452 3322 τοίσι
462 3264 573 3323 θεοῖσι
587 3252 736 3324 αὐτόθεν
746 3257 809 3342 μὲν
822 3257 860 3324 έκ
868 3262 1062 3341 Σαλαμῖνος
1072 3255 1206 3325 Αίαντά

195 3378 230 3420 τε
250 3353 305 3419 καί
323 3358 506 3438 Τελαμῶνα
526 3355 761 3439 ἐπεκαλέοντο,
781 3354 835 3423 ἐπὶ
850 3354 887 3422 δέ
899 3349 1032 3421 Αἰακόν
1048 3351 1205 3436 καὶτοὺς

194 3447 317 3528 ἀλλους
333 3453 495 3529 Αἰακίδας
508 3454 568 3520 νέα
582 3450 783 3520 ἀπέστελλον
797 3454 829 3530 ές
843 3457 998 3537 Αἴγιναν.
