2606 3920
383 250 467 305 ΗΒ.
492 252 565 308 Vlss.
606 253 700 308 cAP.
730 259 823 310 1-6,
1048 256 1109 315 227

104 419 162 501 τάς
175 415 315 507 ’ᾼφετάς
332 419 388 486 καὶ
405 424 557 506 στρατιῆς
567 415 696 489 ἅπαντα
711 423 805 508 πλέα,
825 424 895 492 ἐπεὶ
908 423 1037 497 αὐτοῖσι
1049 457 1110 499 πα-

105 518 148 610 ρά
162 517 315 602 δόξαντά
328 515 502 608 πρήγματα
514 525 582 588 τῶν
595 517 776 608 βαρβάρων
788 519 947 609 ἀπέβαινε
960 520 981 611 ἦ
995 525 1039 607 ὡς
1052 525 1109 600 αό-

104 622 155 690 τοί
168 618 377 705 κατεδόκεον,
396 615 709 708 καταρρωδήσαντες
728 621 877 709 δρησμὸν
894 614 1110 710 ἐβδυλεόοντο
1128 697 1138 710 ,

6 722 8 747 ⁵
105 718 170 791 ἀπό
195 726 254 790 τοῦ
275 716 481 807 Ἀρτεμισίου
505 726 570 788 ἔσω
595 724 626 801 ἐς
650 719 711 808 τήν
731 715 880 792 Ἑλλάδα.
915 722 1049 811 γνόντες
1072 733 1112 798 δέ

106 845 210 909 σφεας
227 824 262 890 οί
279 818 424 907 Εὐβοέες
448 822 552 888 ταῦτα
569 826 832 909 βουλευομένους
851 826 981 895 ἐδέοντο
999 825 1110 915 Εὐρυ-

6 912 7 919 ¹
105 920 229 1009 βιάδεω
247 936 444 1010 προσμεῖναι
460 918 581 1008 χρόνον
598 917 730 1009 ἀλίγον,
755 921 821 992 ἐστ’
842 919 884 993 ἀν
901 924 996 995 αὐτοὶ
1012 933 1111 1000 τέκνα

104 1049 141 1090 τε
152 1024 208 1090 καὶ
219 1021 296 1102 τούς
307 1023 436 1101 οἰκέτας
447 1017 687 1097 ὑπεκθέωνται.
708 1017 753 1103 άς
767 1024 805 1092 δέ
818 1022 880 1094 οὐκ
893 1031 1042 1117 ἔπειθον,
1055 1059 1111 1119 με·
1190 1040 1195 1047 ’

6 1136 8 1157 ²
105 1120 265 1208 ταβάντες
280 1119 339 1191 τόν
357 1118 549 1210 Ἀθηναίων
571 1121 755 1210 στρατηγὸν
777 1133 935 1195 πείθουσι
953 1138 1111 1216 Θεμιστο-

105 1227 184 1292 κλέα
203 1224 256 1291 ἐπὶ
272 1224 385 1314 μισθῷ
396 1219 574 1310 τριήκοντα
584 1220 784 1312 ταλάντοισι,
799 1221 852 1294 ἐπ’
867 1215 943 1318 ᾧτε
955 1239 1112 1318 καταμεί-

105 1350 221 1403 ναντες
238 1320 301 1411 πρό
317 1328 377 1409 τῆς
394 1321 541 1413 Εὐβοίης
558 1321 751 1412 ποιήσονται
769 1323 830 1412 τήν
846 1335 1042 1417 ναυμαχίην.
1074 1329 1110 1401 Ὁ
1126 1342 1142 1391 5

106 1424 143 1492 δέ
157 1427 395 1512 Θεμιστοκλέης
406 1419 651 1514 τοῦςἝλληνας
664 1428 812 1514 ἐπισχεῖν
824 1418 890 1495 οἶδε
903 1432 1021 1499 ποιέει·
1039 1427 1111 1500 Εά-

105 1521 250 1614 ρνβιάδη
266 1521 394 1593 τούτων
405 1516 473 1594 τῶν
483 1525 662 1614 χρημάτων
673 1532 847 1612 μεταδιδοῖ
857 1531 955 1598 πέντε
966 1528 1111 1601 τάλαντα

105 1620 149 1705 ἀς
166 1622 247 1715 παρ’
262 1627 388 1695 ἑωυτοῦ
400 1629 508 1713 δήθεν
520 1624 644 1708 διδούς.
672 1624 716 1707 ὡς
730 1630 771 1696 δέ
778 1634 813 1697 oc
827 1617 922 1710 οὗτος
935 1626 1110 1702 ἀνεπέπει-

105 1747 179 1813 στο,
203 1724 414 1814 Ἀδείμαντος
437 1721 501 1815 γάρ
523 1723 696 1798 ὁὨκότου
713 1736 909 1816 Κορινθίων
931 1733 1111 1820 στρατηγός

104 1830 171 1895 τῶν
188 1827 315 1895 λοιπῶν
331 1821 473 1913 ήσπαιρε
485 1832 618 1913 μοῦνος,
639 1824 785 1919 φάμενος
799 1826 1062 1900 άποπλιόσεσθαί
1074 1858 1111 1900 τε

6 1932 8 1985 ἴ
105 1922 240 1994 ἀπὸτοῦ
253 1921 459 2011 Ἀρτεμισίον
472 1930 528 1995 καὶ
539 1922 579 1995 οά
593 1931 825 2015 παραμενέειν,
843 1928 924 2013 πρὸς
938 1930 980 2017 δή
992 1936 1111 2001 τοῦτον

106 2024 178 2095 εἷπε
193 2020 211 2093 ὁ
230 2027 469 2112 Θεμιστοκλέης
484 2024 661 2113 ἐπομόσας·
688 2022 739 2095 Οά
756 2025 799 2097 σά
810 2055 849 2113 γε
864 2023 966 2115 ήμέας
979 2028 1110 2100 ἀπολεί-

104 2141 196 2211 ψεις,
215 2128 291 2194 έπεί
303 2152 354 2194 τοι
369 2122 433 2212 ἐγω
451 2128 535 2214 μέζω
554 2129 645 2212 δοῖρα
658 2123 772 2215 δάσω,
791 2122 812 2214 ή
829 2128 984 2212 βασιλεὺς
1002 2127 1044 2199 ἀν
1060 2159 1110 2203 τοι

103 2225 122 2296 ὁ
133 2223 267 2314 Μήδων
280 2227 419 2314 πέμψειε
429 2224 624 2298 ἀπολιπόντι
636 2223 712 2307 τοός
722 2225 922 2316 συμμάχους.
952 2227 1063 2300 Ταῦτά
1074 2256 1111 2299 τε

104 2325 171 2416 ἅμα
187 2325 329 2415 ήγόρευε
341 2329 397 2396 καὶ
411 2329 531 2415 πέμπει
545 2331 599 2398 ἐπί
612 2326 674 2416 τήν
686 2330 746 2396 νέα
758 2327 819 2415 τήν
830 2323 1042 2418 Ἀδειμάντου
1055 2328 1110 2399 τά·

105 2440 206 2498 λαυτα
229 2423 393 2516 ἀργυρίου
416 2435 500 2516 τρία.
536 2417 631 2499 οότοί
651 2457 687 2498 τε
710 2425 752 2516 δή
775 2429 953 2515 πληγέντες
973 2429 1111 2520 δάροισι
1188 2500 1193 2509 ,,

105 2526 379 2616 ἀναπεπεισμένοι
392 2519 489 2616 ἦσαν,
501 2532 556 2599 καί
568 2547 652 2599 τοῖσι
660 2525 829 2615 Εὐβοεῦσι
840 2528 1038 2619 ἐκεχάριστο,
1052 2527 1110 2601 αά-

104 2627 159 2710 τός
176 2656 211 2697 τε
228 2627 246 2697 ὁ
266 2633 502 2717 Θεμιστοκλέης
520 2631 694 2718 ἐκέρδηνε,
719 2626 884 2699 ἐλάνθανε
901 2632 939 2700 δέ
955 2629 995 2699 τά
1012 2631 1111 2701 λοιπά

106 2737 202 2817 ἔχων,
220 2725 294 2796 ἀλλ’
314 2725 488 2816 ήπιστέατο
505 2736 541 2798 οί
554 2727 795 2818 μεταλαβόντες
813 2728 940 2799 τούτων
952 2737 1021 2801 τάν
1033 2760 1110 2820 χρη·
1150 2760 1153 2766 ·

6 2914 8 2923 J
106 2826 230 2918 μάτων,
258 2832 294 2897 ἐκ
311 2833 378 2897 τῶν
393 2825 561 2918 Ἀθηνέων
580 2834 694 2901 ἐλθεῖν
712 2833 765 2909 ἐπὶ
781 2833 828 2922 τῷ
845 2828 931 2922 λόγῳ
948 2829 1053 2924 τούτῳ
1071 2830 1111 2901 τά

6 2982 8 3013 1
105 2925 265 3018 τοίνυν

6 3066 8 3089 ι
180 3024 275 3098 Οάτω
298 3025 341 3116 δή
358 3027 553 3117 κατέμεινάν
575 3057 611 3098 τε
636 3034 672 3100 ἐν
688 3033 730 3119 τῇ
746 3027 875 3119 Εὕβοίη
892 3034 949 3101 καί
966 3030 1108 3119 έναυμά-
1125 3053 1142 3106 6

105 3153 220 3221 χησαν.
255 3131 382 3215 ἐγένετο
401 3131 438 3200 δέ
455 3121 536 3199 τόδε·
562 3134 636 3200 ἐπεί
649 3158 685 3199 τε
704 3127 745 3217 δή
763 3133 795 3212 ἐς
812 3128 870 3212 τάς
885 3127 1019 3219 Ἀφετάς
1032 3134 1109 3220 περὶ

108 3238 222 3318 δείλην
239 3237 370 3321 πρωίην
391 3233 569 3319 γινομένην
586 3228 725 3300 ἀπίκατο
747 3235 783 3300 οί
795 3229 976 3321 βάρβαροι,
1000 3230 1110 3301 πνθό-
1185 3247 1187 3251 ’
1221 3254 1227 3267 ’

107 3359 199 3419 μενοι
223 3331 284 3419 μέν
302 3338 350 3400 ἔτι
366 3334 422 3400 καί
439 3328 600 3421 πρότερον
617 3333 693 3419 περὶ
710 3328 746 3399 τό
766 3326 970 3420 Ἀρτεμίσιον
985 3340 1109 3408 ναυλο-

79 3500 84 3507 ,
107 3434 195 3520 χέειν
205 3434 283 3512 νέας
294 3424 488 3520 Ἑλληνίδας
500 3427 625 3521 ὀλίγας,
637 3430 709 3501 τότε
721 3431 758 3500 δέ
770 3429 865 3500 αάτοί
878 3429 1016 3516 ἰδόντες,
1030 3428 1108 3515 πρό-

105 3543 211 3619 θυμοι
227 3520 313 3619 ήσαν
331 3535 536 3623 ἐπιχειρέειν,
555 3545 589 3602 εί
601 3561 667 3612 κως
684 3535 791 3601 έλοιεν
808 3526 916 3608 αὐτάς.
941 3534 982 3658 ἐκ
994 3529 1055 3615 μέν
1067 3526 1108 3613 δή

900 3631 932 3681 15
