2562 3926
305 237 307 243 ’
362 268 446 326 ιιε.
473 270 506 325 11.
540 270 638 327 οιυ.
673 238 845 332 ηεξ-ωε.
1040 263 1099 333 181

101 425 169 501 τοὺς
196 430 393 508 ἐπιλοίπους
412 434 531 506 λίθους
551 435 715 517 μηχανῇσι
738 427 848 508 ξόλων
870 427 1020 517 βραχέων
1040 451 1101 497 πε·

103 532 299 619 ποιημέυησι
337 534 490 615 χαμάθεν
509 528 572 614 μὲν
592 529 644 597 ἐπὶ
664 525 724 596 τόν
739 534 872 614 πρῶτον
887 543 1016 616 στοῖχον
1032 536 1101 599 τῶν

103 627 310 718 ἀναβαθμῶν
321 626 504 716 ἀείροντες·
527 625 613 709 ὅκως
624 629 660 697 δὲ
670 626 760 698 ἀνίοι
775 624 792 695 ὁ
805 634 901 707 λίθος
916 626 968 697 ἐπ’
985 626 1099 717 αὐτόν,

101 731 132 806 ἐς
152 730 270 813 έτέρην
283 724 444 847 μηχανήν
468 729 596 796 ἐτίθετο
618 731 781 794 ἑστεῶσαν
808 727 861 794 έπί
880 733 941 794 τοῦ
965 728 1100 815 πρῶτον

101 831 250 911 στοίχου,
272 822 337 893 ἀπό
355 826 477 893 τούτου
498 826 534 895 δὲ
549 821 655 893 ἐπὶ
621 850 681 893 τον
696 825 854 913 δεύτερον
869 827 994 893 εἵλκετο
1010 841 1100 894 στοί-

101 949 160 1009 χον
180 919 234 991 ἐπ’
252 921 353 1009 άλλης
369 930 531 1010 μηχανῆς·
553 920 626 990 ὅσοι
641 919 706 1023 γάρ
727 919 767 1008 δή
789 937 912 1008 στοῖχοι
931 913 1100 1012 ήσανθῶν

100 1020 327 1111 ἀναβαθμῶν,
348 1028 504 1090 τοσαῦται
529 1022 584 1090 καί
609 1024 646 1088 αἰ
665 1009 850 1108 μηχαναὶ
828 1042 931 1109 ησαν,
960 1031 1025 1091 εἰτε
1045 1025 1100 1090 καί

100 1121 159 1211 τήν
173 1119 281 1208 αὐτήν
290 1119 441 1209 μηχανήν
453 1124 575 1190 έοῦσαν
582 1126 662 1207 μίαν
672 1121 773 1190 τεκαὶ
785 1118 1010 1211 εὐβάστακτον
1019 1148 1098 1210 μετ-

100 1220 245 1307 εφόρεον
261 1221 313 1288 ἐπὶ
324 1234 454 1306 στοῖχον
468 1221 624 1304 ἕκαστον,
648 1216 734 1297 όκως
747 1216 808 1286 τόν
824 1228 924 1290 λίθον
939 1225 1096 1303 ἐξέλοιεν·

99 1319 245 1403 λελέχθω
254 1314 319 1402 γάρ
332 1314 411 1404 ἡμῖν
425 1314 478 1387 ἐπ’
495 1315 682 1406 ἀμφότερα,
698 1317 849 1403 κατάπερ
867 1321 1003 1405 λέγεται.
1029 1324 1098 1401 ἐξε-

98 1416 227 1503 ποιήθη
249 1413 281 1481 δ’
309 1408 358 1484 ῶν
380 1414 420 1484 τά
446 1414 598 1485 ἀνῶτατα
618 1411 722 1501 αὐτῆς
742 1421 871 1500 πρῶτα,
892 1412 973 1502 μετά
1000 1418 1037 1486 δὲ
1057 1416 1097 1486 τά

99 1516 239 1603 ἐχόμενα
258 1515 388 1584 τούτων
408 1518 593 1603 ἐξεποίευν,
615 1522 785 1582 τελευταῖα
802 1512 838 1581 δὲ
853 1512 955 1602 αὐτῆς
968 1512 1009 1584 τά
1025 1519 1097 1585 έπί-

99 1641 175 1701 γαια
191 1615 249 1682 καί
268 1611 308 1680 τά
331 1616 507 1683 κατωτάτω
528 1617 730 1698 ἐξεποίησαν.
764 1610 965 1700 σεσήμανται
989 1616 1024 1682 δὲ
1042 1612 1097 1682 διά

97 1713 301 1803 γραμμάτων
314 1720 507 1802 Αἰγυπτίων
528 1716 565 1783 έν
588 1719 627 1802 τή
644 1715 805 1801 πυραμίδι
826 1710 888 1782 όσα
910 1719 943 1793 ἒς
961 1741 997 1783 τε
1014 1735 1098 1804 συρ-

98 1820 199 1901 μαίην
216 1815 272 1880 καί
286 1811 441 1900 κρόμμυα
452 1815 505 1881 καί
517 1811 662 1899 σκόροδα
674 1809 886 1899 ἀναισιμῶθη
902 1826 986 1881 τοῖσι
998 1814 1097 1900 ἐργα-

98 1914 279 1998 ζομένοισν
301 1914 356 1978 καί
372 1908 416 1990 ῶς
432 1910 488 1998 ἐμὲ
509 1903 548 1978 εὖ
562 1917 751 1998 μεμνῆσθαι
768 1908 809 1978 τά
830 1907 848 1979 ὁ
865 1911 1027 1998 ἑρμηνεύς
1039 1938 1097 1999 μοι

97 2008 330 2096 ἐπιλεγόμενος
343 2007 383 2078 τά
398 2012 574 2097 γράμματα
590 2015 670 2096 ἔφη,
693 2010 845 2090 ἑξακόσια
862 2013 916 2078 καί
936 2018 1023 2097 χίλια
1037 2038 1097 2079 τα-

96 2121 199 2179 λαντα
217 2105 391 2196 ἀργυρίου
417 2111 615 2179 τετελέσθαι.
657 2114 687 2177 εἰ
710 2105 741 2174 δ’
770 2113 838 2176 ἔστι
865 2107 953 2176 οὕτω
980 2115 1096 2194 έχοντα

95 2215 215 2293 ταῦτα,
238 2207 323 2276 κόσα
337 2205 428 2287 οἰκός
442 2206 526 2277 ἀλλα
547 2211 803 2293 δεδαπανήσθαί
820 2208 887 2275 ἐστι
902 2212 934 2287 ές
949 2233 984 2276 τε
1001 2211 1096 2293 σίδη-

96 2334 174 2395 ρον,
198 2312 245 2396 τῷ
260 2306 453 2394 ἐργάζοντο,
475 2309 530 2376 καί
547 2313 633 2375 σιτία
649 2307 734 2375 καίέ
718 2309 843 2393 έσθήτα
859 2321 943 2376 τοῖσι
961 2311 1075 2397 έργαζο
1076 2348 1095 2361 -

94 2409 243 2494 μένοισις
264 2400 362 2474 ὁκότε
374 2405 499 2493 χρόνον
508 2406 571 2492 μὲν
581 2402 778 2492 οἰκοδόμεον
787 2430 827 2473 τα
816 2401 967 2494 ἔργα
934 2433 994 2474 τον
1006 2411 1097 2495 εἰρη-

95 2508 215 2593 μένον,
238 2501 342 2573 ἀλλον
367 2504 465 2593 δὲ,
444 2533 488 2586 ως
508 2504 571 2594 έγῶ
600 2507 722 2592 δοκέω,
748 2508 785 2573 έν
807 2512 852 2596 τῶ
876 2533 953 2585 τους
977 2513 1096 2586 λίθους

96 2610 240 2689 ἔταμνον
264 2594 361 2673 καί
337 2631 423 2724 ηγον
443 2603 555 2675 καί
517 2627 557 2674 ’το
583 2602 649 2672 ὑπό
670 2612 736 2690 γῆν
755 2603 886 2692 ὄρυγμα
907 2607 1094 2694 ἐργάζοντο,

95 2700 156 2772 οὐκ
171 2698 289 2785 ὀλίγον
303 2702 435 2787 χρόνον
476 2701 526 2783 Ἐς
539 2710 637 2771 τοῦτο
651 2703 687 2770 δέ
703 2704 816 2770 έλθείν
827 2706 940 2771 Χέοπα
953 2710 1098 2794 κακότη-
1114 2726 1166 2781 ιεε

94 2826 149 2880 τος
165 2797 251 2868 ῶστε
264 2800 441 2887 χρημάτων
457 2802 617 2888 δεόμενον
631 2796 693 2891 τήν
707 2799 927 2887 θυγατέρα
891 2828 953 2889 την
969 2805 1095 2873 ἑωυτοῦ

11 2976 12 2979 ¹
94 2904 275 2966 κατίσαντα
296 2893 347 2965 ἐπ’
366 2898 543 2987 οἰκήματος
561 2899 741 2987 προστάξαι
763 2897 971 2987 πρήσσεσθαι
989 2899 1096 2989 ἀργύ-

88 3027 161 3086 ριον
187 2996 354 3084 ὁκοσονδή
380 3016 427 3065 τι·
454 2995 494 3066 οὐ
521 2996 586 3086 γάρ
601 2991 655 3083 ’δή
682 2995 784 3067 τοῦτό
809 3023 847 3084 γε
874 3002 1005 3084 ἔλεγον·
1031 2997 1092 3086 τήν

87 3100 125 3171 δὲ
146 3100 190 3171 τά
212 3127 249 3169 τε
271 3096 340 3167 ὑπό
364 3103 424 3168 τοῦ
442 3096 566 3186 πατρός
590 3098 755 3186 ταχθέντα
772 3097 997 3187 πρήσσεσθαι,
1024 3105 1093 3189 ἰδίη

87 3202 125 3272 δέ
158 3201 216 3272 καί
253 3196 360 3287 αάτήν
395 3203 615 3286 διανοηθῆναι
647 3198 812 3288 μνημήιον
846 3202 1093 3285 καταλιπέσθαι,

86 3304 231 3372 καὶτοῦ
256 3300 402 3380 ἐσιόντος
427 3299 511 3389 πρὸς
534 3298 641 3388 αὐτήν
667 3298 806 3370 ἑκάστου
833 3301 984 3382 δέεσθαι,
1008 3296 1093 3378 όκως

87 3399 130 3475 άν
147 3403 235 3495 αότή
255 3406 317 3473 ἕνα
335 3408 435 3471 λίθον
453 3403 618 3490 δωρέοιτο.
646 3403 682 3470 έκ
699 3401 828 3472 τούτων
848 3401 885 3469 δέ
900 3404 968 3468 τῶν
985 3405 1094 3465 λίθων

87 3512 217 3600 ἔφασαν
246 3502 311 3600 τήν
346 3507 518 3597 πυραμίδα
548 3508 809 3595 οἰκοδομηθῆναι
837 3498 899 3592 τήν
933 3500 970 3567 ἐν
1002 3498 1093 3596 μέσῳ
