2618 3928
360 242 445 298 LIB.
478 241 526 298 VI.
558 241 655 299 CAP.
691 246 864 302 109-115.
1054 238 1115 300 109

4 452 6 495 ,
108 399 287 487 ὀλεθρίην,
303 395 456 485 ὁρέοντες
470 394 595 477 αύτούς
612 396 761 487 ὀλίγους,
776 399 831 466 καὶ
844 398 984 477 τούτους
1000 397 1114 488 δρόμφ

109 500 344 585 ἐπειγομένους
355 494 432 564 ούτε
443 500 549 565 ἵππου
564 495 778 586 ὑπαρχούσης
788 517 850 584 σφι
863 496 940 566 ούτε
950 497 1112 583 τοξευμάψ

110 626 185 668 των.
208 604 313 665 ταῦτα
330 600 391 683 μέν
405 622 472 666 νυν
488 601 522 666 οί
533 597 700 684 βάρβαροι
714 601 922 682 κατείκαζον,
939 592 1112 680 Ἀθηναῖοι

4 734 17 753 v
109 699 145 765 δὲ
156 699 230 765 ἐπεί
235 720 272 762 τε
282 691 406 782 άθρόοι
418 697 621 782 προσέμιξαν
630 709 715 764 τοῖσι
727 693 936 783 βαρβάροισι,
952 694 1112 782 ἐμάχοντο

4 818 6 843 ³
106 793 207 875 άξίως
218 792 331 879 λόγου.
344 799 470 878 πρῶτοι
479 790 789 880 μὲνγάρἙλλήνων
797 793 933 861 πάντων
943 789 1113 881 τῶνὴμεῖς

109 897 205 978 ίδμεν
226 888 339 981 δρόμφ
356 893 390 970 ἐς
409 897 589 977 πολεμίους
611 891 809 980 ἐχρήσαντο,
831 898 957 975 πρῶτοι
977 892 1013 959 δὲ
1034 888 1113 958 άνέ-

108 1011 227 1077 σχοντο
235 990 361 1077 ἐσθῆτά
370 1016 406 1058 τε
412 987 572 1077 Μηδικὴν
582 987 734 1075 ὁρέοντες
744 990 884 1068 καὶτοὺς
894 988 1019 1074 άνδρας
1030 987 1113 1056 ταύ·

107 1114 169 1176 την
183 1090 407 1175 ἐσθημένους·
428 1090 509 1181 τέως
523 1089 560 1156 δέ
569 1080 614 1174 ἦν
624 1103 710 1157 τοῖσι
716 1086 852 1175 Ἕλλησι
866 1084 970 1156 καὶτὸ
983 1084 1112 1171 οὔνομα

110 1183 145 1254 τό
158 1185 291 1273 Μήδων
307 1185 413 1273 φόβος
427 1182 579 1254 άκοῦσαι.
604 1190 816 1274 Μαχομένων
831 1184 868 1254 δὲ
882 1188 919 1255 έν
932 1192 979 1277 τῷ
990 1192 1114 1270 Μαρα-
1128 1206 1179 1260 113

109 1288 198 1350 θῶνι
212 1281 332 1369 χρόνος
343 1285 468 1369 ἐγένετο
484 1284 615 1364 πολλός.
638 1288 693 1352 καί
704 1282 740 1353 τό
753 1285 815 1371 μὲν
825 1287 928 1371 μέσον
939 1292 1000 1353 τοῦ
1011 1303 1113 1368 στρα-

5 1382 6 1413 ³
108 1388 251 1452 τοπέδου
262 1386 383 1453 ἐνίκων
393 1390 426 1455 ολ
434 1385 618 1474 βάρβαροι,
634 1392 675 1474 τῇ
683 1387 811 1474 Πέρσαι
821 1411 857 1454 τε
867 1382 962 1453 αὐτοὶ
972 1387 1028 1452 καὶ
1038 1384 1109 1452 Σά-

4 1514 6 1519 ·
108 1511 165 1552 και
178 1484 366 1570 ἐτετάχατο·
392 1481 476 1552 κατά
490 1491 589 1551 τοῦτο
610 1482 673 1570 μὲν
692 1481 732 1569 δὴ
748 1485 870 1551 ἐνίκων
890 1488 923 1552 ολ
934 1483 1111 1570 βάρβαροι,

107 1583 163 1651 καί
176 1581 334 1671 όήξαντες
344 1584 486 1650 ἐδίωκον
497 1585 530 1662 ἐς
540 1579 603 1667 την
613 1580 808 1669 μεσόγαιαν,
823 1579 860 1650 τό
873 1583 910 1650 δέ
923 1583 1021 1667 κέρας
1032 1579 1110 1648 ἑκά·

106 1707 205 1768 τερον
218 1685 340 1749 ἐνίκων
350 1677 527 1769 Ἀθηναῖοί
534 1707 570 1749 τε
580 1677 635 1750 καὶ
644 1684 833 1760 Πλαταιέες.
856 1686 1015 1758 νικῶντες
1026 1681 1062 1748 δὲ
1073 1676 1110 1745 τό

106 1782 168 1868 μέν
184 1785 410 1869 τετραμμένον
423 1789 492 1850 τῶν
506 1780 851 1870 βαρβάρωνφεύγειν
866 1786 949 1867 ἔων,
969 1794 1055 1848 τοῖσι
1075 1779 1111 1847 δέ

4 1932 5 1935 ,
86 1950 89 1955 ,
107 1876 144 1946 τὸ
156 1879 260 1965 μέσον
269 1880 386 1966 ῥήξασι
397 1877 510 1948 αὐτῶν
518 1879 766 1967 συναγαγόντες
777 1876 817 1948 τά
829 1880 928 1965 κέρεα
938 1876 1111 1964 ἀμφότερα

4 1984 6 2043 ἔ
108 1975 268 2064 ἐμάχοντο
285 1977 342 2044 καί
355 1977 476 2045 ἐνίκων
486 1972 667 2064 Ἀθηναῖοι.
690 1976 856 2063 φεύγουσι
869 1977 906 2044 δέ
922 1987 1007 2043 τοῖσι
1021 1973 1111 2056 Πέρ-

108 2096 185 2166 σησι
200 2076 332 2144 εἵποντο
348 2076 543 2165 κόπτοντες,
566 2081 599 2158 ἐς
615 2076 635 2145 δ
654 2080 707 2147 ἐπλ
721 2075 784 2165 τὴν
799 2077 976 2147 θάλασσαν
990 2071 1113 2142 άπικό-

106 2201 202 2263 μενοι
215 2183 284 2261 πῦρ
299 2202 335 2246 τε
348 2184 461 2246 αίτεον
474 2179 531 2246 καὶ
545 2180 815 2267 ἐπελαμβάνοντο
829 2184 897 2246 τόν
912 2182 1007 2245 νεῶν.
1046 2174 1112 2242 Καὶ
1129 2192 1178 2246 111
1303 2194 1304 2199 ’

105 2277 280 2362 τοῦτομὲν
293 2274 451 2367 ἐντούτῳ
472 2282 518 2367 τῷ
532 2275 627 2368 πόνφ
643 2274 661 2346 ὁ
680 2282 885 2364 πολέμαρχος
902 2278 1110 2359 Καλλίμαχος

105 2379 347 2461 διαφθείρεται,
362 2372 448 2462 άνηρ
460 2374 643 2461 γενόμενος
653 2373 793 2466 ἀγαθός,
805 2369 870 2442 άπὸ
883 2371 915 2442 δ’
929 2378 1032 2442 ἔθανε
1042 2375 1111 2439 τάν

4 2522 6 2545 ;
105 2480 297 2558 στρατηγῶν
306 2480 496 2559 Στησίλεως
507 2471 525 2542 ὁ
539 2474 734 2562 Θρασύλεω,
747 2481 845 2541 τοῦτο
858 2473 895 2540 δέ
906 2473 1111 2557 Κυνέγειρος

4 2658 6 2667 Ι
105 2565 368 2656 ὁλνύφορίωνος
395 2575 545 2641 ἐνθαῦτα
572 2574 811 2660 ἐπιλαβόμενος
837 2579 906 2640 τάν
928 2568 1110 2667 ἀφλάστων

105 2664 191 2753 νεός,
209 2663 270 2751 την
284 2681 377 2754 χεῖρα
387 2665 568 2748 ἀποκοπεὶς
579 2674 710 2737 πελέκει
722 2676 843 2756 πίπτει,
857 2675 955 2737 τοῦτο
967 2669 1004 2736 δὲ
1015 2666 1110 2736 άλλοι

102 2763 292 2850 Ἀθηναίων
308 2771 429 2834 πολλοί
440 2792 476 2834 τε
491 2769 546 2835 καὶ
560 2764 770 2853 ούνομαστοί.
803 2763 905 2836 Ἑπτά
915 2767 978 2853 μὲν
991 2764 1031 2853 δὴ
1043 2772 1111 2833 τῶν
1127 2783 1159 2835 11

105 2868 194 2938 νεῶν
205 2864 432 2950 ἐπεκράτησαν
442 2865 555 2957 τρόπςο
566 2866 706 2957 τοιούτῳ
713 2864 897 2954 Ἀθηναῖοι,
904 2872 979 2954 τῇσι
991 2865 1028 2933 δέ
1038 2872 1111 2932 λοι-

103 2969 185 3052 τεῇσι
196 2967 231 3031 οί
238 2961 404 3051 βάρβαροι
414 2965 757 3052 ἐξανακρουσάμενοι,
770 2967 826 3033 καὶ
837 2962 1062 3053 ἀναλαβόντες
1073 2968 1109 3032 ἐκ

4 3088 12 3133 ι
104 3068 161 3149 τῆς
171 3061 289 3149 νήσου,
305 3063 393 3152 ἐντῇ
404 3069 535 3152 ἔλιπον,
551 3062 592 3133 τά
604 3065 638 3144 ἐξ
651 3063 815 3152 Ἐρετρίης
825 3063 1032 3151 ἀνδράποδα,
1048 3088 1109 3132 πε-

104 3163 269 3244 ριέπλωον
283 3160 446 3250 Σούνιον,
464 3163 667 3251 βουλόμενοι
679 3170 810 3249 φθῆναι
821 3160 899 3244 τούς
909 3162 1109 3248 Ἀθηναίους

104 3253 302 3345 ἀπικόμενοι
322 3262 356 3338 ές
369 3257 406 3327 τό
425 3258 519 3328 άστυ.
549 3267 635 3347 αἰτίη
652 3262 688 3329 δέ
703 3266 776 3346 ἔσχε
791 3263 830 3329 ἐν
848 3259 1054 3347 Ἀθηναίοισι
1075 3261 1108 3339 ἐξ

6 3444 11 3450 ἢ
99 3353 386 3445 Ἀλκμαιωνιδέων
409 3370 557 3450 μηχανῆς
584 3361 708 3444 αύτούς
735 3371 838 3434 ταῦτα
868 3369 1107 3449 ἐπινοηθῆναι·

102 3455 243 3539 τούτους
251 3458 316 3546 γάρ
329 3464 561 3549 συνθεμένους
569 3476 654 3532 τοῖσι
661 3465 809 3552 Πέρσησι
821 3460 976 3541 ἀναδέξαι
986 3459 1108 3528 άσπίδα
1173 3457 1176 3463 ’
