2618 3928
226 249 289 317 178
605 254 858 312 HERODOTI

226 438 297 480 νων
312 416 464 491 τίσοντας
492 413 629 499 λέγουσι
644 413 681 480 δὲ
696 372 826 480 αύτοέσι
839 419 944 480 ταῦτα
954 415 1076 500 Mne
1090 409 1159 481 ὑπὸ
1177 438 1237 500 με·

224 512 483 599 γαλοφροσύνης
499 510 561 580 οάκ
572 517 636 597 ἔφη
648 508 763 596 ὁμοῖος
777 517 916 580 ἔσεσθαι
925 517 1236 599 Λακεδαιμονίοισι·
1286 576 1288 599 2

224 612 374 688 ἐκείνους
384 609 447 695 μὲν
455 606 523 695 χάρ
537 610 675 695 συγχέαι
684 606 725 675 τά
740 609 879 677 πάντων
889 606 1086 696 ἀνθρώπων
1097 610 1235 697 νόμιμα,
1286 604 1288 683 ἶ

225 704 486 786 ἀποκτείναντας
499 706 664 794 κη’ρυκας,
679 703 782 785 αάτδς
796 706 833 775 δὲ
845 703 887 773 τά
902 709 1059 775 ἐκείνοισι
1073 707 1236 793 ἐπιπλησ·

225 825 293 891 σει,
320 811 425 871 ταῦτα
446 801 489 872 06
511 803 681 892 ποιήσειν,
705 801 780 872 οὐδ’
803 801 1064 883 ἀνταποκτείνας
1086 807 1236 882 ἐκείνους

158 915 208 970 131
224 901 410 973 ἀπολύσειν
423 908 764 989 Λακεδαιμονίους
724 929 782 988 της
796 909 910 989 αἰτίης
941 899 1077 988 offam}
1096 908 1235 971 Ταλθυ-

225 1008 303 1090 βίον
314 1009 413 1088 μῆνις
423 1003 479 1070 καὶ
492 1008 597 1070 ταῦτα
609 1002 824 1087 ποιησάντων
834 1004 1075 1087 Σπαρτιητέων
1086 1001 1234 1069 έπαύσα·

225 1123 263 1166 το
276 1095 314 1167 τό
329 1107 534 1186 παραυτίκα,
549 1091 609 1168 καί
621 1125 686 1184 περ
701 1096 1006 1185 ἀπονοστησάντων
1022 1102 1056 1179 ἐς
1070 1099 1234 1187 Σπάρτην

225 1197 407 1286 Σπερθίεώ
420 1226 455 1267 τε
473 1202 528 1267 καὶ
546 1199 698 1278 Βούλιος.
727 1198 838 1290 χρόνῳ
860 1198 897 1266 δέ
914 1205 1103 1286 μετέπειτεν
1122 1205 1234 1289 πολλᾷ

226 1301 396 1385 ἐπηγέρθη
406 1296 490 1367 κατά
500 1295 561 1366 τδν
571 1304 856 1384 Πελοποννησίων
866 1300 922 1366 καί
933 1295 1123 1383 Ἀθηναίων
1133 1296 1233 1365 πόλε-

226 1422 302 1483 μον,
317 1394 362 1474 ὡς
375 1399 511 1480 λέγουσι
521 1396 790 1482 Λακεδαιμόνιοι.
814 1394 915 1464 τοῦτό
924 1420 983 1482 μοι
993 1397 1031 1463 ἐν
1040 1406 1126 1462 τοῖσι
1138 1392 1234 1461 θειό-

224 1520 326 1562 τατον
339 1501 493 1579 φαίνεται
507 1495 676 1578 γενέσθαι.
700 1492 751 1561 ὅτι
766 1494 828 1578 μὲν
842 1490 909 1577 χάρ
925 1493 1111 1578 κατέσκηψε
1122 1494 1156 1569 ἐς
1173 1488 1229 1575 ἀμ

225 1591 375 1682 μέλουςη
387 1600 583 1680 Ταλθυβίου
593 1601 692 1680 μῆνις
703 1591 782 1662 οὐδὲ
792 1594 970 1678 ἐπαύσατο,
978 1593 1090 1677 πρινη
1077 1586 1233 1677 Ἰἐξῆλθε,

224 1717 262 1760 το
250 1688 466 1759 δίκαιον”
422 1716 511 1758 ουτω
519 1697 641 1811 ἔφερε,
662 1718 699 1760 το
687 1690 755 1759 δέ
771 1704 954 1777 ουμπεσειν
969 1691 1002 1768 ἐς
1015 1686 1096 1768 τούς
1113 1691 1232 1765 παῖδας

223 1815 292 1857 των
311 1784 447 1874 ἀνδρων
466 1788 597 1871 τούτων
616 1815 684 1857 των
704 1787 905 1878 ἀναβάντων
924 1786 1009 1875 πρὸς
1023 1788 1162 1875 βασιλέα
1178 1783 1231 1852 διά

222 1913 285 1974 την
296 1893 409 1972 μῆνιν,
421 1887 455 1965 ές
465 1888 643 1956 Νικόλεύν
653 1915 689 1957 τε
699 1886 760 1956 τὸν
771 1888 915 1967 Βούλιος
926 1889 981 1956 καὶ
992 1884 1045 1966 ἐς’
1042 1887 1232 1973 Ανήριστον

223 1985 284 2055 τδν
297 1983 530 2074 Σπερθίεω,
509 2013 548 2066 ος
563 2013 578 2055 ε
579 1982 628 2057 ἶλε
638 1984 766 2066 Ἀλιέας
780 1984 859 2065 τούς
875 1988 912 2053 ἐκ
930 1991 1100 2071 Τίρυνθος
1114 1984 1232 2053 ὁλκάδι

223 2086 441 2165 καταπλώσας
452 2085 574 2173 πλήρει
583 2084 729 2172 ἀνδρῶν,
738 2090 841 2173 δῆλον
852 2076 902 2152 ἀν
912 2108 981 2170 μοι,
993 2081 1044 2151 ὅτι
1054 2092 1154 2150 θεῖον
1160 2083 1233 2167 ἐχέ-

223 2208 299 2251 νετο
316 2181 353 2251 τὸ
375 2191 512 2270 πρῆγμα
525 2187 561 2251 ἐκ
574 2190 632 2271 τῆς
647 2184 774 2270 μήνιος,
804 2188 838 2251 οί
851 2181 918 2269 γάρ
938 2184 1150 2268 πεμφθέντες
1164 2178 1232 2248 ὑπὸ

222 2285 498 2366 Λακεδαιμονίων
519 2279 656 2366 άμηελοι
673 2285 707 2361 ἐς
720 2279 782 2367 τὴν
799 2278 927 2366 Ἀσίην,
953 2282 1180 2363 προδοθέντες
1197 2274 1233 2345 δέ

223 2375 290 2446 ὑπὸ
305 2379 479 2446 Σιτάλκεω
500 2385 561 2445 τοῦ
579 2379 695 2465 Τήρεω
710 2385 867 2465 Θρηίκων
887 2381 1041 2467 βασιλέος
1061 2378 1116 2445 καὶ
1132 2384 1234 2462 Νυμ-

224 2476 385 2562 φοδάρου
399 2482 461 2543 τοῦ
475 2477 604 2547 Πυθέω
625 2475 748 2560 ἀνδρὸς
759 2476 974 2567 Ἀβδηρίτεω,
995 2475 1131 2565 ἥλωσαν
1148 2474 1232 2544 κατά

223 2574 401 2661 Βισάνθην
419 2572 482 2661 τὴν
502 2579 540 2644 ἐν
555 2574 804 2670 Ἑλλησπόντῳ,
822 2581 877 2647 καὶ
894 2575 1099 2665 ἀπαχθέντες
1119 2581 1153 2656 ἐς
1170 2576 1233 2665 τὴν

212 2672 371 2763 ’Ἀττικὴν
391 2672 566 2744 ἀπέθανον
586 2674 654 2746 ύπδ
673 2675 878 2765 Ἀθηναίων,
900 2675 982 2764 μετά
997 2674 1033 2743 δέ
1049 2672 1161 2743 αὐτῶν
1178 2680 1234 2745 καέ

220 2770 386 2856 Ἀριστέας
400 2770 418 2840 6
430 2771 649 2861 Ἀδειμάντου
662 2782 848 2863 Κορίνθιος
863 2773 959 2862 ἀνήρ.

240 2912 245 2921 ·
311 2877 423 2937 Ταῦτα
440 2874 501 2957 μέν
518 2899 585 2941 νυν
598 2882 749 2943 πολλοῖσι
763 2879 849 2943 ἔτεσι
865 2871 1008 2959 ὕστερον
1023 2873 1153 2958 έχένετο
1170 2881 1233 2940 τοῦ

223 2971 376 3055 βασιλέος
396 2970 535 3057 στόλου,
561 2972 715 3059 ἐπάνειμι
731 2972 769 3040 δὲ
783 2968 889 3041 ἐπὶ
854 2996 915 3039 τον
934 2970 1100 3058 πρότερον
1116 2969 1230 3057 λόγον.

158 3074 207 3129 138
216 3065 262 3135 H
278 3068 315 3135 δὲ
335 3070 593 3158 στρατηλασίη
575 3099 597 3159 η
614 3072 825 3162 βασιλέος”
782 3099 912 3160 ουνομα
930 3071 994 3159 μὲν
1014 3070 1139 3161 εἶχε,’
1117 3100 1162 3154 ως
1178 3073 1231 3143 ἐπ’

221 3162 365 3252 Ἀθήνας
379 3168 529 3255 ἐλαύνει,
544 3176 674 3240 κατίετο
686 3174 723 3241 δέ
734 3175 767 3252 ἐς
777 3179 889 3240 πᾶσαν
899 3197 961 3256 την
970 3167 1120 3241 Ελλάδα.
1143 3197 1233 3241 πυν-

223 3263 411 3348 θανόμενοι
422 3266 458 3330 δέ
468 3290 573 3334 ταντα
583 3293 648 3353 προ
637 3267 787 3338 πολλου
797 3274 833 3338 οί
841 3265 1115 3354 Ἕλληνεςοάκέν
1126 3266 1234 3362 ὁμοίῳ

223 3358 346 3436 πάντες
361 3361 551 3428 ἐποιεῦντο
578 3368 660 3432 οί
624 3392 688 3451 μεν
702 3364 767 3454 γάρ
782 3364 895 3435 αύτάν
915 3366 1031 3446 δύντες
1044 3373 1110 3454 γῆν
1124 3394 1160 3435 τε
1177 3371 1234 3438 καί

223 3453 316 3536 ὕδωρ
328 3481 374 3522 τω
360 3459 499 3544 Πέρση
514 3457 602 3544 εἶχον
616 3461 779 3551 θάρσος*
757 3490 802 3544 ως
816 3463 917 3532 οὐδέν
927 3465 1121 3553 πεισόμενοι
1131 3465 1233 3553 ἀχάρι
1284 3536 1285 3551 ,
