2618 3928
194 237 256 303 146
572 238 827 297 HERODOTI

191 425 295 487 τρως,
319 395 356 477 δς
378 396 416 467 τό
443 402 579 485 πρῶτον
594 394 736 517 γνύμην
756 391 937 477 ἀπεδέξατο
954 398 1143 484 ίλεοθίρως
1163 394 1206 466 ού

192 494 436 583 συμβουλεύων
450 497 556 583 Ξέρξη
569 495 811 579 στρατεύεσθαι
827 492 929 562 ἐπὶ
894 519 956 581 την
963 492 1123 581 Ἑλλάδα,
1138 487 1205 563 ού-

191 619 246 674 τος
261 590 353 682 ὡνηρ
368 595 533 715 φρασθεὶς
548 595 671 679 ,Ξέρξεα
687 592 902 681 δακρύσαντα
916 601 1021 680 είρετο
1035 591 1130 660 τάδε
1157 585 1198 659 Ὦ

191 688 387 780 βασιλεύ,“
365 715 410 771 ως
424 687 552 760 πὀλλόν
566 687 722 778 ἀλλήλων
733 693 958 778 κεχωρισμένα
973 689 1117 777 ἐργάσαο
1130 696 1200 757 νύν

190 818 226 859 τε
239 793 295 859 καλ
308 787 409 879 όλίγφ
424 786 605 877 πρότερον·
627 794 812 876 μακαρίσας
829 785 893 875 γάρ
910 785 1059 857 σεωυτόν
1070 787 1199 874 δακρύ-

192 915 247 968 εις.
258 886 295 955 ‘0
307 884 437 956 δδείπε·
452 884 591 973 Ἐσῆλδε
602 887 667 975 γάρ
679 911 721 974 με
730 886 954 973 λογισάμενον
964 899 1195 973 κατοικτεῖραι,

192 984 236 1066 ὡς
247 983 374 1073 βραχύς
385 994 436 1073 είη
451 982 469 1054 6
483 991 549 1065 πᾶς
565 982 783 1074 ἀνθρώπινος
793 990 876 1073 βίος,
892 990 923 1053 εί
930 984 1060 1057 τούτων
1069 1007 1109 1069 με
1118 980 1196 1051 ἐόν-

190 1110 258 1153 των
271 1084 443 1153 τοσούτων
459 1082 571 1164 ούδελς
587 1086 620 1162 ἐς
636 1079 815 1152 ἑκατοστόν
828 1087 901 1161 ἔτος
911 1086 1089 1169 περιέσται.
1105 1078 1142 1148 Ὁ
1158 1083 1195 1147 δδ

191 1183 342 1270 ἀμείβετο
358 1183 481 1270 λόγων·
502 1180 619 1270 Ἕτερα
638 1182 762 1250 τούτου
780 1177 872 1268 παρά
886 1178 948 1268 τὴν
968 1179 1047 1267 ζόην
1066 1177 1195 1248 πεπόν-

189 1292 301 1368 θαμεν
316 1279 518 1368 οἰκτρότερα.
541 1282 580 1350 ἀν
592 1277 658 1367 γάρ
669 1277 763 1361 ,ούτω
776 1282 893 1368 βραχέι
905 1285 968 1375 βίρο
980 1276 1091 1357 ούδελς
1104 1275 1195 1345 ούτω

189 1381 371 1469 ἅνθρωπος
386 1379 452 1449 ἐόν
466 1379 634 1468 εὐδαίμων
647 1384 792 1468 τὲφνκε,
807 1375 885 1448 οὔτε
894 1378 1025 1448 τούτων
1038 1377 1115 1448 ούτε
1125 1385 1194 1446 τῶν

125 1543 129 1549 .
190 1479 320 1567 ἀλλων,
334 1487 380 1571 τῷ
396 1478 438 1548 ού
453 1480 699 1567 παραστήσεται
715 1477 875 1558 πολλάκις
889 1479 944 1545 καὶ
954 1474 1031 1546 ούκλ
1041 1474 1127 1556 ἅπαξ
1137 1501 1193 1544 τε-

189 1581 317 1649 θνάναι
332 1579 519 1668 βούλεσθαι
533 1575 699 1667 μάλλονῆ
714 1581 818 1662 ζύειν.
845 1582 883 1647 αδ
894 1603 930 1648 τε
942 1575 1007 1667 ράρ
1022 1580 1193 1666 συμφοραὶ

189 1684 457 1764 προσπίπτονσαι
467 1682 523 1749 καλ
534 1685 694 1751 αίνούσοι
704 1679 995 1768 συνταράσσουσαι
1001 1677 1193 1768 καλβραχύν

189 1776 287 1846 ἐόντα
300 1773 431 1864 μακρόν
443 1780 573 1847 δοκέειν
585 1777 670 1847 εἶναι
680 1785 812 1848 ποιεῦσι
822 1774 883 1846 τόν
893 1784 977 1865 βίον.
1001 1775 1117 1847 ούτωὸ
1129 1777 1191 1864 μὲν

187 1875 337 1955 θάνατος
347 1885 520 1965 μοχθηρῆς
527 1877 647 1964 ἐούσης
656 1885 714 1965 τῆς
723 1878 797 1964 ζόης
806 1873 981 1964 καταφορὴ
991 1874 1191 1964 αἱρετωτάτη

187 1980 233 2066 τῷ
244 1971 417 2068 ἀνδρότφ
426 1977 556 2063 γέγονε,
571 1974 590 2047 6
602 1978 639 2045 δὲ
648 1974 731 2056 θεὸς
741 1974 871 2064 γλυκύν
880 1976 1003 2063 γεύσας
1015 1973 1075 2065 τόν
1086 1981 1192 2044 αίάνα

140 2089 174 2150 47
191 2069 364 2160 φθονερός
377 2075 415 2142 ἐν
432 2071 522 2166 αύτῷ
538 2072 725 2164 εὑρίσκεται
739 2076 813 2144 ἐόν.
852 2077 974 2164 Ξέρξης
988 2078 1024 2144 δε
1038 2074 1190 2164 ἀμείβετο

188 2173 312 2257 λέγων·
344 2169 542 2261 Ἀρτάβανε,
563 2180 676 2261 βιοτῆς
696 2175 760 2263 μέν
778 2200 845 2243 ναν
867 2171 1084 2262 ἀνθρωπηίης
1103 2175 1190 2260 πέρι,

188 2268 308 2355 ἐούσης
321 2269 493 2357 τοιαύτης,
515 2273 591 2359 οἴην
605 2295 667 2360 περ
688 2271 732 2340 σύ
752 2275 912 2362 διαιρόεαι
929 2272 1030 2361 εἶναι,
1052 2271 1192 2341 πανσύ-

48 2386 52 2391 ’
187 2375 293 2453 μεθα,
320 2364 404 2452 μηδδ
425 2375 540 2436 κακῶν
558 2372 781 2457 μεμνεάμεδα
807 2371 931 2460 χρηστά
955 2379 1083 2460 ἔχοντες
1102 2371 1191 2460 πρή-

188 2488 297 2550 γματα
310 2466 349 2531 ἐν
361 2471 470 2551 χερσί·
491 2466 626 2554 φράσον
643 2472 753 2555 δόμοι
767 2470 861 2539 τόδε·
885 2481 920 2539 εί
934 2469 1019 2560 τοιὴ
1036 2469 1112 2551 όψις
1127 2475 1190 2537 τοῦ

188 2565 350 2631 ἐνυπνίου
364 2560 410 2651 μὴ
426 2563 569 2653 ἐναργὴς
584 2565 673 2635 οὕτω
687 2565 813 2656 ἐφάνη,
829 2565 965 2656 είηεςάν
975 2567 1037 2657 τὴν
1048 2566 1190 2657 ἀρχαίην

187 2663 343 2751 ρνύμην,
364 2662 428 2734 ούκ
448 2667 570 2755 ἐύνμε
584 2668 825 2755 στρατεύεσθαι
844 2663 898 2737 ἀτδ
910 2666 973 2755 τὴν
987 2665 1145 2753 Ἑλλάδα,
1166 2662 1190 2752 ἢ

187 2766 342 2851 μετέστης
355 2761 415 2848 ἀνς
430 2764 514 2854 φόρε
527 2791 585 2854 μοι
599 2773 697 2835 τοῦτο
711 2764 873 2853 ἀτρεκέως
887 2769 967 2837 είιτί.
988 2764 1026 2836 'O
1042 2767 1079 2836 δὲ
1093 2764 1187 2853 ἀμεί-

185 2870 261 2950 βετο
274 2866 398 2949 λέγων·
416 2856 456 2932 Ὦ
466 2871 616 2952 βασιλεύ,
629 2862 705 2947 ὄψις
714 2863 807 2954 μὲνὴ
819 2862 1016 2954 ἐπιφανεῖσα
1025 2869 1087 2934 τοῦ
1098 2860 1189 2933 ὀνεί-

186 2985 267 3048 ρου,
283 2957 327 3038 ύς
341 2961 538 3050 βουλόμεθα
553 2961 754 3053 ἀμφότεροι,
768 2965 989 3055 τελευτήσειε·
1011 2962 1076 3052 ἀγοδ
1089 2961 1122 3033 δ’
1140 2969 1188 3033 ότι

185 3062 240 3128 καὶ
255 3055 288 3138 ἐς
304 3058 382 3128 τόδε
396 3064 447 3129 δεί
433 3062 547 3148 ίματός
559 3068 624 3151 είμι
634 3061 802 3146 ὑπόπλεος
812 3063 889 3135 οὐδ’
900 3063 994 3145 όντδς
1006 3067 1187 3154 ίμεωντοῦ,

185 3158 269 3229 ἀλλα
282 3184 318 3227 τε
337 3157 443 3228 πολλοὶ
459 3161 708 3252 ἐπιλεγόμενος,
729 3167 784 3233 καὶ
801 3163 841 3253 δη
859 3167 914 3232 καί
934 3161 1041 3252 ὁρέων
1057 3189 1109 3232 τοι
1122 3163 1187 3232 δύο

136 3275 173 3332 48
187 3285 226 3326 τα
214 3255 379 3376 μέγιστα
393 3259 529 3329 πάντων
546 3263 644 3332 ἐόντα
658 3265 894 3354 πολεμιώτατα.
917 3267 1039 3352 Ξέρξης
1052 3264 1089 3333 δ
1102 3261 1187 3385 πρός

185 3360 290 3420 ταῦτα
305 3350 458 3440 ἀμείβετο
472 3364 612 3429 τοιοίδε
639 3363 805 3450 Δαιμόνιε
819 3362 971 3450 ἀνδρων,
992 3375 1067 3432 κοία
1080 3370 1186 3432 ταῦτα

185 3452 292 3533 λέγεις
306 3473 363 3534 μοι
385 3449 469 3520 εἶναι
486 3455 548 3524 δύο
570 3461 816 3546 πολεμιώτατας
842 3460 965 3542 κότερά
986 3485 1036 3527 τοι
1052 3458 1070 3527 6
1089 3458 1187 3541 πεζός
