2622 3928
381 257 466 313 LlB.
500 258 545 312 VI.
581 257 679 313 GAP.
715 265 800 318 λλ·-
814 268 856 319 50.
1081 261 1121 324 79

113 410 199 482 ὥστε
213 412 250 483 τὸ
265 418 389 483 έπίπαν
402 420 555 484 Θασίοισι
571 417 663 484 έούσι
678 424 819 504 καρπῶν
835 416 964 515 ἀτελέσι
980 425 1120 512 προσήίε

111 511 180 597 ἀπό
194 537 230 581 τε
243 519 301 599 τῆς
310 509 452 599 ἠπείρου
463 513 519 580 καλ
530 519 598 581 τῶν
609 515 782 599 μετάλλων
792 508 882 597 ἔτεος
893 519 1034 589 ἕκαστον
1045 525 1118 608 διη-

110 612 209 681 κόσια
223 610 421 697 τάλαντα,“
400 637 456 679 οτε
467 608 549 679 δὲ
513 637 551 680 το
564 620 719 681 πλεῖστον
729 622 918 703 προσῆλθε,
934 619 1116 705 τριηκόσια.

17 706 19 729 ⁸
113 707 215 778 Εἶδον
225 712 267 777 δὲ
281 712 337 779 καὶ
348 706 449 787 αύτδς
463 733 504 776 τα
493 706 660 795 μέταλλα
671 716 793 796 ταῦτα,
808 714 864 779 καλ
873 720 990 805 μακρῷ
1000 707 1045 801 ήν
1054 713 1118 782 αύ-
1132 732 1167 790 47

111 813 179 875 τῶν
192 807 462 928 θαυμασιώτατα
475 805 516 875 τά
532 812 567 876 οί
577 806 763 888 Φοίνικες’
744 808 891 893 ανεύρον
906 817 941 880 οί
951 809 1033 898 μετά
1048 813 1119 882 Θά-

111 925 174 973 σου
185 903 403 984 κτίσαντες
366 931 429 992 την
439 911 545 992 νήσου
555 906 691 993 ταύτην,
706 905 779 993 ἥτις
789 914 856 976 νύν
867 910 919 976 ἐπὶ
928 935 991 977 τον
976 911 1118 979 Θάσου

110 1006 236 1075 τούτου
248 1031 310 1075 του
295 1004 533 1085 Φοίνικος
498 1031 536 1073 το
552 1004 682 1093 ούνομα
698 1013 779 1093 ἔσχε.
809 1032 849 1076 τα
839 1005 903 1076 δὲ
918 1011 1108 1095 μέταλλα
1076 1035 1117 1077 τα

109 1100 288 1174 Φοινικικα
304 1110 408 1171 ταῦτα
423 1106 539 1172 έστλ
499 1129 558 1191 της
568 1103 684 1174 Θάσου
696 1102 820 1190 μεταξύ
830 1106 991 1194 Αἰνύρων
1001 1128 1037 1175 ιε
1049 1106 1115 1193 χά-

109 1228 173 1290 ρον
186 1203 393 1288 καλεομένου
403 1205 459 1270 καλ
469 1202 669 1291 Κοινύρων,
684 1200 801 1272 ἀντίον
815 1202 851 1272 δὲ
862 1210 1114 1292 Σαμοθρηίκης,

108 1291 211 1388 οὖρος
221 1296 338 1386 μέγα’
319 1302 591 1388 ανεστραμμένον
602 1304 639 1367 ἐν
650 1326 690 1389 τη
677 1301 823 1389 ζητήσι.
856 1308 963 1369 Τοῦτο
974 1302 1093 1388 μδν’
1048 1328 1115 1370 νυν

87 1394 178 1468 ’έστι
194 1405 342 1484 τοιούτο,
358 1403 392 1466 οί
405 1398 442 1467 δλ
457 1399 577 1469 Θάσιοι
591 1425 637 1491 τμ
623 1403 783 1487 βασιλέϊ
794 1396 990 1469 κελεύσαντι
1007 1397 1110 1468 καλ
1076 1424 1112 1467 το
1128 1409 1163 1464 48

108 1513 212 1585 τεῖχος
222 1524 259 1567 το
249 1450 439 1585 σφέτερον
450 1507 606 1567 κατεῖλον
616 1496 719 1567 καλ
682 1525 741 1577 τας
754 1505 832 1577 νέας
845 1496 903 1577 τοὶς
914 1497 1022 1575 πάσας
1037 1499 1113 1566 ἐκύ-

107 1616 208 1683 μτσπν
224 1594 420 1686 έςἌβδηρα.

191 1697 287 1766 Μετὰ
299 1699 336 1765 δὲ
346 1703 445 1765 τοῦτο
457 1693 657 1781 ἀπεπειρᾶτο
670 1693 687 1765 ὁ
700 1704 844 1781 Δαρεῖος
854 1701 923 1763 τῶν
933 1692 1111 1781 Ἑλλήνων,
1144 1748 1146 1751 .

77 1864 80 1870 .
105 1796 125 1865 ὅ
140 1824 172 1865 τι
186 1799 223 1866 έν
237 1796 307 1886 νόω
314 1790 448 1882 έχοιεν,
469 1796 590 1882 κότερα
606 1798 780 1881 πολεμέειν
801 1797 913 1884 ἑωυτῷ
928 1789 951 1881 ή
968 1799 1112 1883 παραδι-

9 1896 10 1917 ³
106 1895 203 1967 δόναι
218 1898 321 1981 σφέας
335 1892 468 1974 αὐτούς.
492 1895 651 1980 διέπεμπε
666 1887 715 1961 οὖν
728 1894 876 1981 κήρυκας
890 1891 1013 1971 ἄλλους
1028 1891 1111 1980 άλλη

105 1994 205 2074 τάξας
220 1989 284 2059 ἀνά
300 1990 362 2079 τήν
371 1991 529 2079 Ἑλλάδα,
547 1993 697 2061 κελεύων
716 1995 838 2061 αἰτέειν
851 1995 982 2079 βασιλέϊ
995 1997 1061 2077 γῆν
1075 2016 1110 2087 τε

104 2092 160 2160 καλ
170 2088 272 2175 ὕδωρ.
296 2090 437 2182 τούτους
447 2090 561 2179 μδνδή
573 2095 607 2171 ές
615 2091 678 2178 τήν
687 2089 828 2162 Ἐλλάδα
839 2097 974 2178 ἔπεμπε,
987 2089 1110 2166 ἄλλους

103 2191 140 2257 δὲ
154 2187 303 2276 κήρυκας
317 2192 474 2274 διέπεμπε
485 2192 519 2269 ἐς
532 2188 591 2270 τὰς
603 2194 730 2259 ἑαυτοῦ
742 2189 979 2277 δασμοφόρους
991 2187 1109 2269 πόλιας
1135 2279 1142 2284 ἢ

101 2286 161 2368 τὰς
173 2294 487 2377 παραθαλασσίους,
504 2290 652 2358 κελεύων
662 2294 740 2370 νέας
753 2316 788 2358 τε
800 2286 929 2377 μασλράς
940 2289 995 2356 καὶ
1005 2291 1109 2356 ίππα-

66 2442 68 2446 ,
100 2385 194 2474 γωγά
204 2397 305 2457 πλολα
314 2390 499 2458 ποιέεσθαι.
519 2380 627 2458 Ούτοί
632 2415 668 2457 τε
678 2386 719 2476 δή
730 2387 1016 2476 παρεσκευάζοντο
1025 2393 1108 2454 ταῦ·
1120 2394 1156 2450 49

100 2512 157 2571 τα,
178 2488 233 2553 καὶ
253 2491 338 2554 τολσι
358 2484 482 2573 ἥκουσι
497 2490 531 2567 ές
544 2484 608 2575 τήν
617 2485 758 2556 Ἑλλάδα
773 2485 891 2574 κήρυξι
911 2487 1032 2554 πολλοὶ
1044 2487 1107 2571 μὲν

99 2581 312 2671 ἠπειρωτέων
323 2589 445 2653 ἔδοσαν
454 2585 495 2654 τά
506 2591 730 2675 προλσχετοί
693 2612 714 2653 α
715 2587 811 2654 ίτέων
825 2583 1002 2671 ὁΠέρσης,
1017 2583 1107 2652 πάν-

100 2708 153 2760 τες
170 2684 207 2749 δλ
221 2687 382 2766 νησιῶται
402 2685 435 2761 ές
452 2681 533 2764 τούς,
549 2683 723 2753 ἀπικοίατο
737 2683 936 2773 αἰτήσοντες.
966 2685 1047 2750 οἵτε
1064 2679 1104 2767 δή

99 2778 196 2849 ἄλλοι
211 2786 371 2867 νησιωται
386 2785 518 2849 διδοῦσι
526 2790 596 2877 γῆν
606 2810 641 2852 τε
651 2786 707 2852 καὶ
720 2781 815 2869 ὕδωρ
826 2786 978 2872 Δαρείῳ,
992 2781 1046 2847 καὶ
1063 2777 1102 2865 δή

98 2881 155 2946 καλ
169 2818 354 2964 Αίηίνήται.
384 2878 542 2966 ποιήσασι
561 2885 601 2948 δέ
614 2900 676 2967 σφι
695 2887 799 2949 ταῦτα
813 2881 915 2957 ίδέως
931 2875 1104 2965 Ἀθηναῖοι

98 2976 271 3061 ἐπεκέατο,
294 2979 467 3056 δοκέοντες
488 2979 540 3046 ἐπὶ
561 2985 656 3065 σφίσι
673 2984 807 3066 ἔχοντας
827 2976 907 3058 τούς
922 2975 1104 3099 Αίηινήτας
1233 2994 1236 2999 ’
1293 2994 1294 3057 η

97 3071 340 3161 δεδωκέναι,’
319 3100 364 3154 ως
378 3073 447 3162 άμα
467 3100 514 3168 τρι
499 3078 642 3167 Πέρση
659 3080 712 3146 έπλ
726 3081 831 3164 σφέας
846 3077 1101 3167 στρατεύωνται.

96 3176 151 3241 καὶ
163 3170 304 3253 ἅσμενοι
318 3177 507 3262 προφάσιος
518 3176 736 3265 ἐπελάβοντο,
752 3178 940 3262 φοιτέοντές
950 3201 986 3244 τε
997 3177 1031 3255 ἐς
1040 3173 1102 3259 τήν

96 3274 259 3363 Σπάρτην
280 3275 487 3363 κατηγόρεον
506 3283 575 3346 τῶν
596 3280 805 3365 Αδμνητέων
823 3276 865 3346 τά
886 3272 1101 3362 πεποιήκοιεν

95 3377 277 3459 προδοντες
290 3371 512 3462 τὴνἙλλάδα.
534 3375 628 3465 Πρδς
640 3378 767 3466 ταύτην
778 3376 815 3446 δὲ
824 3374 887 3463 τήν
896 3377 1100 3459 κατηγορίην
1112 3384 1148 3438 5⁰

99 3478 285 3560 Κλεομένης
299 3471 316 3545 ὁ
329 3472 590 3565 Ἀναξανδρίδεω
607 3474 766 3567 βασιλεύς
781 3472 847 3545 έιδν
861 3474 1101 3559 Σπαρτιητέων

1290 3102 1293 3207 λ

1289 3234 1292 3355 λ
