2588 3926
375 205 460 260 LIB.
496 205 543 259 IX.
576 205 674 262 GAP.
707 213 846 265 28-31.
1054 202 1116 265 303

113 361 179 431 σὺν
189 363 226 432 δέ
237 364 409 433 Θεσπιέων
422 375 507 429 τοῖσι
520 367 683 446 παρεοῦσι
699 363 938 449 ἐξεπληροῦντο
951 370 987 435 αί
996 369 1117 436 ένδεκα

1 513 2 536 ι
112 465 281 550 μυριάδες.
304 470 460 550 παρῆσαν
468 461 534 549 γὰρ
545 465 601 530 καὶ
611 467 783 533 Θεσπιέων
795 466 832 531 ἐν
846 470 891 555 τῷ
905 471 1114 561 στρατοπέδῳ

1 555 2 572 ’
114 565 148 630 οί
156 562 355 648 περιεόντες,
368 557 517 647 ἄριδμδν
528 557 788 649 έςιόκτακοσίους
799 563 852 630 καὶ
864 569 1006 648 χιλίους·
1028 564 1114 635 ὅπλα

112 661 149 726 δέ
164 658 239 727 οὐδ’
259 652 352 728 οὗτοι
370 657 466 745 εἶχον.

198 751 301 827 Οὗτοι
321 761 383 846 μέν
399 784 466 825 νυν
480 758 657 843 ταχθέντες
676 760 729 826 ἐπὶ
742 766 787 848 τῷ
805 756 940 850 Ἀσωπῷ
955 762 1110 844 ἐστρατο-
1128 773 1162 828 sl

112 858 310 944 πεδεόοντο,
332 863 365 926 οί
384 855 415 925 δ’
432 854 516 943 ἀμφὶ
531 856 733 944 Μαρδόνιον
749 857 914 946 βάρβαροι
930 854 974 938 ὥς
988 856 1114 946 ἀπεκή-

112 961 237 1024 δευσαν
256 962 459 1040 Μασίστιον,
475 961 645 1042 παρῆσαν,
660 955 851 1042 πυθόμενοι
864 952 943 1036 τούς
952 954 1114 1043 Ἕλληνας

112 1053 196 1122 εἶναι
208 1055 245 1121 έν
256 1059 456 1140 Πλαταιῇσι,
472 1056 526 1120 καὶ
538 1050 632 1120 αὐτοὶ
643 1054 696 1121 ἐπὶ
705 1049 765 1120 τόν
778 1051 929 1121 Ἀσωπόν
939 1052 999 1123 τόν
1010 1055 1114 1145 ταότη
1180 1134 1184 1141 ¹

112 1155 237 1239 ήέοντα.
267 1147 464 1236 ἀπικόμενοι
487 1150 523 1217 δὲ
540 1147 781 1218 ἀντετάσσοντο
803 1143 868 1219 όδε
883 1149 950 1219 ὑπό
970 1157 1113 1239 Μαρδο-

112 1255 202 1319 νίου·
222 1246 305 1316 κατὰ
320 1251 383 1335 μέν
396 1252 681 1334 Λακεδαιμονίους
695 1252 811 1333 ἔστησε
826 1254 965 1337 Πέρσας.
1000 1255 1055 1321 καί
1070 1250 1110 1340 δή

111 1344 237 1416 πολλδυ
257 1344 322 1433 γὰρ
343 1351 506 1433 περιῆσαν
526 1345 651 1432 πλήδελ
670 1349 705 1412 οί
721 1345 865 1433 Πέρσαι,
891 1350 946 1417 ἐπί
966 1376 1002 1417 τε
1023 1350 1112 1431 τόξις

111 1451 257 1524 πλεῦνας
271 1446 488 1531 ἐκεκοσμέατο
503 1445 558 1513 καὶ
573 1445 704 1530 ἐπεῖχον
718 1440 797 1522 τούς
816 1447 986 1534 Τεγεήτας.
1021 1452 1113 1529 ἐταξε

111 1547 147 1614 δέ
158 1542 263 1613 οὕτω·
286 1541 307 1612 ό
321 1570 352 1613 τι
366 1545 429 1631 μὲν
442 1537 487 1631 ήν
498 1541 603 1612 αὐτοῦ
617 1542 852 1610 δυνατώτατον
866 1550 934 1612 πᾶν
950 1541 1111 1628 ἀπολέξας

1 1731 2 1736 ¹
110 1650 225 1732 ἔστησε
239 1642 356 1714 ἀντίον
367 1647 650 1730 Λακεδαιμονίων,
666 1638 702 1709 τό
715 1641 753 1708 δὲ
767 1637 1010 1729 ἀσθενέστερον
1024 1670 1112 1731 παρ-

1 1759 2 1764 ’
111 1746 202 1822 ε’ταξε
217 1740 299 1809 κατὰ
321 1739 400 1820 τούς
417 1740 589 1826 Τεγεήτας.
619 1744 722 1811 ταῦτα
744 1735 776 1805 δ’
793 1741 901 1808 ἐποίεε
915 1745 1112 1828 φραζόντων

111 1844 221 1910 τεκαὶ
242 1839 472 1907 διδασκόντων
486 1842 652 1923 Θηβαίων.
695 1839 854 1924 Περσέων
875 1840 911 1906 δὲ
934 1842 1112 1925 ἐχομένους

111 1941 202 2016 ἔταξε
215 1936 374 2022 Μήδους·
395 1927 489 2001 οὗτοι
504 1934 541 2001 δέ
555 1935 693 2018 ἐπέσχον
703 1940 910 2017 Κορινθίους
926 1961 961 2003 τε
977 1940 1112 2005 καὶΠο-

1 2091 2 2118 ,
110 2033 277 2121 τιδαιήτας
293 2036 348 2101 καὶ
361 2029 591 2118 Ὀρχομενίους
604 2056 640 2098 τε
655 2034 710 2099 καί
723 2039 943 2112 Σικυωνίους.
978 2033 1112 2121 Μήδων

111 2136 146 2202 δὲ
157 2134 334 2219 ἐχομένους
345 2134 640 2216 ἐταξεΒακτρίους·
655 2121 748 2196 οὗτοι
760 2132 796 2198 δὲ
808 2131 945 2216 ἐπέσχον
956 2128 1112 2199 Ἐπιδαυ-

111 2241 204 2318 ρίους
225 2257 260 2301 τε
276 2234 332 2299 καλ
350 2236 564 2317 Τροιζηνίους
583 2229 637 2295 καὶ
651 2226 843 2314 Λεπρεήτας
857 2254 892 2296 τε
913 2232 968 2296 καλ
985 2236 1113 2312 Τιρυν-

110 2338 208 2408 θίους
229 2333 284 2397 καὶ
301 2334 522 2415 Μυκηναίους
543 2352 578 2394 τε
597 2328 652 2395 καί
667 2330 855 2404 Φλιασίους.
887 2323 968 2413 μετὰ
991 2326 1027 2395 δέ
1041 2336 1112 2397 Βα-

110 2436 242 2515 κτρίους
257 2433 370 2513 ἔστησε
388 2426 528 2505 Ἰνδούς·
558 2417 651 2495 οὗτοι
667 2427 702 2493 δὲ
717 2425 854 2510 ἐπέσχον
870 2422 1062 2512 Ἑρμιονέας
1075 2454 1110 2496 τε

1 2599 2 2602 ¹
109 2528 164 2593 καί
175 2521 355 2610 Ἐρετριέας
371 2528 426 2593 καί
439 2528 590 2612 Στυρέας
603 2549 639 2590 τε
656 2525 710 2591 καὶ
721 2527 914 2603 Χαλκιδέας.
943 2522 1057 2594 Ἰνδῶν
1074 2528 1110 2594 δὲ

1 2651 2 2701 3
111 2624 286 2707 ἐχομένους
298 2623 412 2701 Σάκας
427 2627 535 2707 ἔταξε,
553 2628 588 2689 οἳ
601 2622 740 2706 ἐπέσχον
751 2618 991 2711 Ἀμπρακιήτας
1005 2649 1040 2692 τε
1055 2626 1110 2691 καὶ

1 2704 2 2731 ¹
107 2718 337 2802 Ἀνακτορίους
353 2722 407 2788 καί
422 2723 629 2798 Λευκαδίους
639 2721 696 2786 καί
706 2721 836 2796 Παλέας
849 2721 904 2787 καὶ
918 2719 1105 2807 Αἰγινήτας.

111 2819 250 2885 Σακέων
261 2815 297 2885 δέ
307 2819 483 2904 ἐχομένους
494 2823 586 2899 ἔταξε
597 2814 693 2886 ἀντία
707 2814 895 2903 Ἀθηναίων
906 2844 941 2888 τε
951 2821 1108 2888 καίΠλα-

109 2919 228 2984 ταιέων
239 2919 293 2984 καὶ
305 2918 493 3004 Μεγαρέων
502 2916 671 2996 Βοιωτούς
681 2942 716 2984 τε
727 2918 782 2984 καί
795 2914 948 3004 Λοκροδς
962 2919 1017 2989 καὶ
1028 2924 1109 3003 Μη·

1 3103 2 3108 ¹
109 3018 198 3094 λιέας
212 3018 267 3085 καί
284 3013 474 3096 Θεσσαλοός
490 3019 544 3086 καί
560 3020 706 3085 Φωκέων
725 3013 805 3095 τοδς
818 3023 952 3103 χιλίους.
984 3016 1026 3087 οὐ
1043 3015 1108 3106 γὰρ

1 3119 2 3122 ’
110 3108 159 3185 τόν
174 3112 316 3194 όπαντες
333 3120 367 3185 οί
378 3118 510 3196 Φωκέες
526 3116 702 3203 ἐμήδισαν,
727 3112 811 3183 ἄλλοί
826 3141 913 3194 τινες
928 3113 1040 3184 νότιόν
1055 3117 1109 3184 καὶ

108 3213 148 3283 τὰ
161 3213 329 3304 Ἑλλήνων
340 3209 445 3297 αόξον
455 3216 531 3302 περὶ
541 3212 601 3283 τὸν
610 3211 793 3302 Παρνησδυ
804 3216 1041 3301 κατειλημένοι,
1052 3218 1109 3284 καί

109 3316 269 3381 ἐνθεῦτεν
284 3310 482 3401 ὁρμεόμενοι
494 3313 618 3400 ἔφερόν
627 3339 663 3381 τε
676 3313 731 3381 καὶ
745 3304 830 3399 ήγον
844 3312 906 3399 τήν
921 3337 956 3380 τε
966 3316 1110 3398 Μαρδο-

110 3414 185 3478 νίου
195 3410 353 3499 στρατιήν
364 3410 503 3491 καὶτοὺς
512 3408 582 3498 μετ’
592 3408 697 3479 αὐτοῦ
704 3409 818 3488 ἐόντας
826 3407 1003 3496 Ἑλλήνων.
1016 3410 1108 3487 ἐταξε
