2606 3920
218 234 279 296 268
595 239 845 297 HERODDTI

217 393 300 462 τότε.
324 398 358 462 οἳ
373 384 412 462 σὲ
431 396 616 482 ποιήσαντα
631 393 768 479 ἀνόσια,
791 396 884 489 νόμρν
905 402 1021 493 δικαίην
1035 399 1223 489 χρεόμενοι,

217 491 394 581 ύπῆγαγον
405 497 438 574 ἐς
446 509 557 581 χεῖρας
569 491 629 573 τάς
640 492 736 580 ἐμὰς,
751 491 835 562 ὥστε
847 514 885 563 σε
896 493 942 582 μῆ
953 500 1151 583 μέμψασθαι
1160 494 1222 584 τῆν

217 588 275 659 ἀπ’
292 593 367 677 ἐμέο
386 618 438 660 τοι
458 595 620 679 ἐσομένην
636 597 741 678 δίκην.
770 589 815 672 ὡς
836 597 875 662 δέ
890 599 923 662 οί
941 602 1044 664 ταῦτα
1059 593 1220 682 ώνείδισε,
1283 658 1284 663 ,

218 688 391 776 ἀχθέντων
405 698 473 759 τῶν
488 695 618 760 παίδων
633 694 666 770 ἐς
680 689 761 772 όψιν
780 689 982 780 ῆναγκύζετο
997 692 1015 764 ὁ
1029 698 1221 776 Πανιώνιος
1284 758 1285 769 ,

218 796 285 856 τῶν
300 791 427 857 ἑωυτοῦ
440 794 571 858 παίδων
588 791 753 878 τεσσέρων
768 792 893 860 ἐόντων
913 791 953 862 τύ
968 799 1077 864 αἰδοία
1095 793 1220 864 ἀποτά-
1284 854 1285 875 2

218 912 332 973 μνειν,
353 883 621 975 ἀναγκαζόμενος
643 890 679 956 δέ
700 892 806 958 ἐποίεε
826 897 940 960 ταῦτα.
973 892 1079 962 αὐτοῦ
1098 921 1152 981 τε,
1176 891 1220 973 ὥς
1284 900 1285 967 ζ

215 991 319 1053 ταῦτα
344 986 524 1073 ἐργάσατο,
549 993 583 1055 σί
601 992 715 1068 παῖδες
733 986 997 1077 ἀναγκαζόμενοι
1018 990 1218 1078 ἀπέταμνον.
1284 998 1285 1003 ’

214 1083 411 1154 Πανιώνιον
424 1089 486 1172 μέν
496 1113 562 1156 νυν
579 1085 669 1156 ούτω
683 1095 845 1175 περιῆλθε
858 1086 881 1175 ῆ
895 1116 930 1159 τε
944 1097 1027 1170 τίσις
1042 1095 1098 1161 καὶ
1112 1090 1131 1160 ὁ
1144 1090 1219 1177 Ἑρ-
1284 1146 1285 1149 ¹

216 1209 363 1270 μοτιμος.

151 1295 198 1350 107
300 1287 477 1362 ww
496 1286 533 1353 δέ
555 1283 600 1364 ὡς
616 1284 695 1365 τούς
717 1290 837 1366 παῖδας
858 1285 1043 1377 Ἀρτεμισίῃ
1062 1291 1221 1376 ἐπέτρεψε

215 1379 360 1469 ἀπύγειν
380 1384 413 1461 ἐς
426 1381 586 1469 Ἔφεσον,
609 1387 750 1463 καλέσας
764 1386 967 1470 Μαρδόνιον
988 1388 1141 1455 ἐκέλευσέ
1161 1411 1220 1472 μιν

187 1560 192 1569 ,
214 1487 273 1568 τῆς
287 1488 441 1568 στρατιῆς
457 1485 622 1568 διαλέγειν
635 1479 715 1562 τούς
728 1482 903 1570 βούλεται,
925 1486 981 1552 καλ
996 1486 1121 1552 ποιέειν
1134 1498 1221 1551 τοῖσι

215 1580 345 1668 λόγοισι
358 1578 398 1648 τύ
410 1586 492 1668 ἔργα
502 1581 713 1667 πειρώμενον
724 1579 831 1668 ὁμοία.
852 1580 978 1669 ταύτην
988 1582 1050 1669 μέν
1061 1578 1124 1669 τῆν
1135 1579 1220 1668 ἡμέ-

217 1705 283 1766 ρην
296 1681 329 1758 ἐς
345 1684 485 1746 τοσοῦτο
503 1681 647 1765 ἐγίνετο,
662 1687 720 1766 τῆς
735 1679 772 1748 δδ
785 1678 908 1760 νυκτός
921 1680 1142 1758 κελεύσαντος
1155 1687 1220 1766 βα-

215 1778 324 1857 σιλέος
341 1775 401 1857 τὰς
421 1778 501 1857 νέας
522 1783 556 1847 ολ
574 1784 750 1866 στρατηγοὶ
771 1783 807 1850 ἐκ
827 1787 889 1849 τοῦ
910 1780 1070 1868 Φαλήρου
1088 1777 1219 1866 ἀπῆγον

215 1874 321 1945 ὀπίσω
336 1879 369 1956 ἐς
382 1874 444 1944 τὸν
452 1873 708 1964 Ἑλλήσποντον,
725 1875 769 1958 ύς
779 1880 894 1966 τάχεος
905 1877 969 1964 εἶχε
981 1881 1127 1964 ἕκαστος,
1145 1881 1219 1945 δια-

214 1976 429 2062 φυλαξούσας
440 1973 499 2055 τάς
510 1981 638 2061 σχεδίας
650 1985 861 2065 πορευθῆναι
872 1977 1009 2064 βασιλέϊ.
1028 1979 1098 2046 ἐπεὶ
1109 1975 1145 2044 δὲ
1157 1973 1219 2061 ἀγ-

214 2080 275 2159 χοῦ
289 2065 377 2160 ἦσαν
392 2081 568 2161 Ζωστῆρος
582 2077 751 2155 πλώοντες
766 2081 801 2145 οί
812 2076 989 2164 βάρβαροι,
1004 2073 1219 2144 ἀνατείνουσι
1285 2120 1286 2173 3

213 2170 277 2258 γὰρ
292 2171 391 2261 ἀκραι
408 2175 522 2242 λεπταί
533 2180 591 2259 τῆς
603 2171 754 2261 ἀπείρου,
770 2174 893 2253 ταύτας
904 2174 1023 2254 ἐδοξάν
1032 2198 1069 2241 τε
1081 2172 1161 2250 νέας
1172 2169 1220 2239 ελ-
1285 2180 1286 2185 ’

214 2298 271 2339 ναι
285 2273 341 2341 καί
356 2278 504 2358 ἐφευγον
518 2274 570 2340 ἐπὶ
590 2273 725 2342 πολλόν.
748 2272 858 2364 χρόνῳ
873 2274 909 2340 δέ
925 2269 1161 2359 μαδόντεςότι
1176 2267 1219 2336 ού

149 2384 198 2439 108
214 2369 288 2448 νέες
303 2369 385 2454 εἶεν,
401 2367 478 2438 ἀλλ’
491 2367 608 2455 ἀκραι,
624 2373 864 2458 συλλεχθέντες
878 2375 1077 2460 ἐκομίζοντο.
1109 2368 1169 2448 Ὡς
1183 2368 1220 2435 δέ
1285 2446 1286 2451 ¹

212 2466 320 2555 ἡμέρη
335 2468 477 2556 ἐγένετο,
494 2467 648 2557 ὁρέοντες
658 2477 693 2541 οί
702 2471 861 2558 Ἕλληνες
874 2469 957 2541 κατὰ
971 2472 1084 2558 χώρην
1094 2470 1219 2556 μένον-

213 2596 254 2636 τα
265 2565 326 2636 τόν
336 2560 481 2656 στρατόν
491 2566 554 2639 τόν
563 2570 664 2652 πεζόν
673 2570 812 2658 ῆλπιζον
821 2575 877 2640 καί
887 2569 947 2651 τὰς
956 2571 1036 2650 νέας
1048 2567 1221 2651 εἶναιπερὶ

215 2667 391 2753 Φάληρον,
407 2668 545 2737 ἐδόκεόν
557 2695 594 2738 τε
607 2672 834 2757 ναυμαχήσειν
849 2669 971 2758 σφέας,
987 2663 1219 2751 παραρτέοντό

212 2790 249 2831 τε
269 2761 313 2843 ώς
329 2762 578 2855 ἀλεξησόμενοι.
607 2773 679 2840 ἐπεί
698 2772 926 2859 δέἐπύδοντο
944 2770 1003 2850 τάς
1023 2768 1102 2848 νέας
1118 2774 1217 2854 οίχω-

213 2868 320 2948 κνίας,
330 2861 449 2933 αύτίκα
459 2865 541 2952 μετὰ
551 2875 656 2937 ταύτα
667 2868 780 2939 ἐδόκεε
791 2869 991 2939 ἐπιδιώκειν,
1007 2863 1068 2934 τόν
1077 2865 1141 2953 μέν
1152 2891 1219 2932 νυν

212 2957 375 3028 ναυτικόν
394 2959 455 3030 τόν
474 2965 604 3052 Ξέρξεω
631 2965 774 3054 στρατόν
786 2965 858 3045 ιούκ
879 2970 1012 3036 ἐπεῖδον
1040 2964 1219 3045 διώξαντες

209 3058 305 3145 μέχρι
314 3056 470 3147 Ἄνδρου,
487 3066 519 3143 ἐς
531 3066 567 3134 δὲ
578 3064 792 3155 τῆν”Ανδρον
803 3065 1002 3153 ἀπικόμενοι
1014 3064 1218 3154 ἐβουλεύον-

208 3183 255 3226 το.
281 3160 523 3248 Θεμιστοκλέης
538 3162 603 3249 μέν
616 3193 683 3234 νυν
696 3167 837 3254 γνώμην
847 3163 1067 3233 ἀπεδείκνυτο
1082 3160 1137 3231 διά
1153 3161 1218 3248 νῆ-

208 3278 279 3325 σων
305 3259 537 3346 τραπομένους
558 3268 616 3334 καὶ
640 3266 877 3347 ἐπιδιώξαντας
901 3263 960 3344 τύς
987 3266 1066 3343 νέας
1091 3263 1219 3331 πλώειν

206 3357 310 3437 ἰθέως
324 3361 376 3428 ἐπὶ
389 3357 450 3429 τόν
458 3358 707 3449 Ἑλλήσποντον
717 3364 883 3443 λύσοντας
895 3362 955 3443 τὰς
966 3363 1126 3451 γεφύρας.
1143 3359 1218 3430 Εύ-

207 3456 370 3542 ρυβιάδης
381 3458 418 3526 δὲ
429 3455 492 3545 τῆν
504 3462 661 3549 ἐναντίην
672 3463 777 3552 ταύτῃ
787 3461 928 3549 γνώμην
938 3464 1078 3546 ἐτίθετο,
1093 3456 1218 3545 λέγων,
