2588 3926
154 267 217 329 334
528 265 779 323 HERODOTI

153 426 252 508 πεζὸν
271 424 414 512 στρατὸν
434 423 494 493 τόν
514 426 678 510 σφέτερον
700 424 798 492 ἐόντα
823 428 860 493 ἐν
874 433 914 516 τῇ
930 426 1096 515 Μυκάλη,
1120 425 1158 507 ὃς

152 524 372 603 κελεύσαντος
382 527 509 610 Ξέρξεω
520 524 815 611 καταλελειμμένος
826 531 887 592 τοῦ
897 522 1001 593 ἄλλον
1012 534 1159 612 στρατοῦ

148 621 277 707 Ἰωνίην
287 621 464 707 ἐφύλασσε.
476 630 536 688 τοῦ
547 629 677 709 πλῆθος
687 621 749 708 μέν
759 614 845 708 ήνέξ
857 623 1027 709 μυριάδες,
1038 625 1158 710 ἐστρα-

152 719 248 805 τήγεε
269 717 305 787 δὲ
324 716 430 786 αύτοῦ
450 720 616 806 Τιγράνης
632 718 751 787 κάλλεΐ
767 744 803 787 τε
820 723 874 787 καί
891 721 1035 807 μεγάθεϊ
1049 719 1157 804 ὑπερ-

153 819 267 903 φέρων
281 819 448 904 Περσέων.
474 814 540 885 ὑπὸ
555 824 676 885 τοῦτον
689 819 751 903 μὲν
767 816 808 903 δή
825 814 885 885 τόν
899 817 1042 905 στρατόν
1056 822 1157 906 ἐβου-

152 916 315 984 λεύσαντο
327 917 577 1003 καταφυγόντες
589 922 623 985 οί
631 923 692 984 τοῦ
703 923 866 984 ναυτικοῦ
877 921 1052 1009 στρατηγοί
1062 916 1158 986 άνει-

152 1017 253 1102 ρύσαι
267 1014 325 1096 τάς
339 1019 416 1096 νέας
430 1020 485 1085 καί
498 1022 738 1104 περιβαλέσθαι
750 1018 856 1103 ἕρκος,
872 1022 978 1105 ἔρυμα
989 1025 1056 1087 τῶν
1066 1026 1157 1086 νεῶν

104 1129 138 1186 97
154 1116 210 1185 καὶ
230 1118 344 1199 σφέων
363 1113 475 1183 αὐτῶν
490 1116 732 1202 κρησφύγετον.
765 1121 876 1183 Ταῦτα
890 1118 1156 1202 βουλευσάμενοι
1276 1182 1277 1207 .

152 1214 327 1302 άνήγοντο.
345 1213 542 1303 ἀπικόμενοι
553 1216 590 1285 δέ
600 1215 690 1303 παρὰ
703 1216 739 1284 τό
751 1223 819 1284 τῶν
829 1222 1000 1285 Ποτνιέων
1011 1214 1088 1304 ίρὸν
1098 1224 1157 1304 τῆς

152 1315 318 1399 Μυκάλης
335 1317 367 1392 ἐς
378 1316 533 1383 Γαίσωνά
548 1342 583 1382 τε
594 1317 649 1384 καί
659 1314 908 1401 Σκολοπόεντα,
923 1323 963 1405 τῇ
976 1316 1157 1407 Δήμητρος
1276 1350 1277 1399 j

149 1411 350 1499 Ἐλευσινίης
364 1414 431 1481 ἐστὶ
446 1411 532 1501 ἱρόν,
546 1411 584 1480 τό
598 1419 753 1491 Φίλιστος
768 1411 786 1480 ὁ
800 1416 985 1491 Πασικλέος
996 1413 1158 1500 ίόρύσατο
1276 1440 1277 1443 ’

153 1518 281 1600 Νείλεω
299 1518 344 1600 τῷ
368 1511 505 1599 Κόδρον
522 1511 742 1597 ἐπισπόμενος
765 1514 818 1579 ἐπὶ
832 1512 988 1598 Μιλήτου
1007 1507 1146 1579 κτιστύν

154 1612 303 1676 ἐνθαῦτα
317 1609 376 1687 τάς
392 1635 427 1678 τε
444 1611 521 1688 νέας
538 1607 722 1696 ἀνείρυσαν
737 1613 793 1680 καί
806 1611 1044 1698 περιεβάλοντο
1059 1612 1157 1697 ἕρκος

154 1709 208 1773 καί
223 1713 332 1774 λίθων
353 1710 408 1776 καὶ
422 1709 548 1795 ξύλων,
573 1711 712 1795 όένόρεα
732 1706 934 1788 ἐκκόψαντες
951 1705 1073 1799 ἥμερα,
1102 1711 1158 1777 καλ

154 1807 320 1887 σκόλοπας
336 1807 462 1896 περὶτὰ
478 1812 575 1897 ἕρκος
591 1812 786 1895 κατέπηξαν.
809 1808 864 1876 καὶ
886 1807 1158 1894 παρεσκευάδατο

155 1905 199 1986 ὡς
219 1909 520 1996 πολιορκησόμενοι
542 1910 597 1977 καί
618 1906 662 1986 ὡς
682 1907 884 1994 νικήσοντες.
914 1901 968 1975 ἐπ’
986 1902 1158 1994 άμφόνερα
1277 1972 1278 1985 2

155 2006 385 2093 ἐπιλεγόμενοι
402 2006 466 2094 γάρ
482 2006 764 2094 παρεσκευάδατο.

104 2115 140 2169 98
242 2107 287 2171 Οί
300 2101 500 2192 όέἝλληνες
512 2103 557 2183 ὡς
568 2105 736 2173 ἐπύθοντο
750 2103 928 2191 οἰχωκότας
937 2100 1017 2183 τούς
1028 2103 1159 2190 βαρβά-
1277 2180 1278 2187 χ

154 2225 236 2287 ρους
246 2205 279 2281 ἐς
287 2202 350 2291 τήν
359 2202 510 2291 ήτειρον,
524 2202 670 2290 ήχθοντο
682 2201 726 2281 ὥς
737 2201 1010 2289 ἐκπεφευγότων,
1025 2204 1062 2270 ἐν
1072 2197 1161 2269 άπο-

155 2304 211 2389 ρίη
224 2328 259 2368 τε
274 2311 401 2387 εἴχοντο
422 2300 442 2369 ό
458 2329 490 2370 τι
504 2305 656 2388 ποιέωσι,
680 2311 745 2370 είτε
759 2300 1038 2371 ἀπαλλάσσωνται
1053 2298 1160 2371 όπίσω

155 2410 220 2468 εἴτε
234 2400 454 2469 καταπλάωσι
467 2399 519 2470 ἐπ’
529 2399 786 2489 Ἑλλησπόντου.
808 2403 900 2479 τέλος
916 2398 949 2467 δ’
969 2403 1061 2480 ἐόοξε
1077 2400 1157 2467 τού-

156 2524 224 2564 των
238 2496 300 2583 μὲν
315 2501 477 2586 μηδέτερα
499 2502 642 2587 ποιέειν,
666 2500 847 2569 ἐπικλάειν
863 2500 899 2569 όέ
914 2501 967 2568 ἐπί
986 2497 1049 2586 τήν
1062 2496 1159 2586 ήπει-

156 2625 226 2683 ρον.
244 2599 578 2687 παρασκευασάμενοι
591 2594 640 2668 οἶν
651 2603 683 2679 ές
694 2606 882 2686 ναυμαχίην
894 2601 948 2667 καὶ
959 2596 1159 2687 ἀποβάθρας

155 2699 210 2764 καὶ
223 2695 263 2764 τὰ
279 2695 362 2766 ἄλλα
377 2696 467 2767 ὅσων
482 2704 553 2768 ἐόεε
565 2706 696 2768 ἔπλωον
707 2700 760 2766 ἐπὶ
773 2704 830 2785 τῆς
842 2698 1015 2787 Μυκάλης.
1040 2698 1110 2765 ἐπεὶ
1122 2697 1160 2764 όὲ

155 2793 260 2881 ἀγχοῦ
274 2821 309 2862 τε
325 2798 475 2882 ἐγίνοντο
489 2806 551 2866 τοῦ
565 2800 793 2885 στρατοπέδου
809 2801 865 2865 καὶ
879 2796 988 2877 ούόεὶς
1002 2797 1159 2883 ἐφαίνετό

156 2914 216 2978 σφι
231 2895 495 2984 ἐπαναγόμενος,
514 2896 597 2967 άλλόι
614 2896 712 2982 ὥρων
727 2903 804 2976 νέας
817 2894 1078 2982 άνειλκνσμέυας
1094 2900 1160 2963 ἐσω

155 2999 216 3061 τοῦ
229 3001 366 3081 τείχεος,
382 2995 509 3066 πολλόν
522 2999 559 3066 όέ
573 2997 672 3080 πεζόν
686 2998 975 3086 παρακεκριμένον
992 2992 1082 3082 παρά
1097 2992 1161 3062 τὸν

156 3089 325 3178 αίγιαλόν,
349 3096 498 3162 ἐνθαῦτα
519 3103 653 3181 πρῶτον
673 3095 736 3181 μὲν
750 3097 787 3164 ἐν
801 3101 841 3183 τῇ
861 3093 1159 3180 νηίπαραπλύων,

156 3193 336 3277 ἐγχρίμψας
347 3199 392 3284 τῷ
407 3198 547 3283 αἰγιαλῷ
561 3193 602 3262 τά
617 3196 775 3281 μάλιστα,
795 3196 1000 3278 Λευτυχίδης
1014 3189 1081 3259 ὑπὸ
1097 3191 1161 3278 κή-

155 3314 257 3373 ρυκος
268 3290 476 3376 προηγόρευε
486 3291 666 3364 τοίσιἼωσι
675 3295 798 3379 λέγων·
811 3288 1077 3376 ἌνδρεςἿωνες,
1085 3286 1162 3359 ὅσοι

155 3380 269 3468 ὑμέων
283 3387 486 3473 τυγχάνουσι
503 3393 735 3476 ἐπακούοντες,
751 3392 877 3477 μάθετε
890 3387 931 3458 τά
945 3391 1047 3476 λέγω·
1072 3389 1163 3456 πάν-

156 3504 218 3556 τως
232 3480 296 3566 γάρ
314 3481 414 3552 οὐδὲν
425 3489 610 3575 συνήσουσι
621 3494 747 3575 Πέρσαι
760 3496 828 3557 τῶν
839 3486 903 3575 ἐγω
915 3486 996 3575 ὑμίν
1009 3489 1164 3556 ἐντέλλο-
