2606 3920
120 322 122 327 .
225 261 289 323 262
603 265 855 323 HERODOTI

225 420 285 508 δὴ,
303 417 349 501 ὥς
363 422 529 509 πρότερον
545 431 681 509 είρηται,
700 426 849 510 διέφυγε,
864 416 952 511 ἦσαν
963 426 1000 493 δέ
1010 425 1066 494 καὶ
1077 427 1113 493 σι’
1123 422 1235 511 άλλοι,

224 528 292 587 τόν
307 524 345 589 αί
355 525 428 600 νέες
445 520 737 608 περιεγεγόνεσαν,
756 524 794 589 έν
806 528 852 613 τῷ
869 522 1044 613 Φαληρφ,.
1054 532 1096 579 Μ

176 641 211 697 94
307 617 520 705 Ἀδείμαντον
539 619 576 687 δὲ
598 617 658 687 τόν
677 626 867 707 Κορίνθιον
886 616 1073 708 στρατηγόν
1092 621 1230 705 λέγουσι

221 714 394 803 Ἀθηναῖοι
406 713 525 785 αύτίκα
538 714 612 786 κατ’
630 714 743 804 άρχάς,
760 716 806 797 ὡς
815 720 1019 804 συνέμισγον
1029 720 1065 785 αί
1073 718 1159 801 νέες,
1175 718 1229 784 έιι-

224 816 390 899 πλαγέυτα
403 841 439 883 τε
455 817 510 883 καὶ
525 812 786 902 ὑπερδείσαντα,
801 814 842 883 τά
857 820 944 884 ίστία
959 811 1163 901 ’ἀειράμενον
1179 822 1228 880 ολ-

223 923 343 998 χεσθαι
354 912 536 999 φεύγοντα,
551 913 685 992 ἰδόντας
695 914 732 981 δέ
742 910 822 994 τούς
832 919 1040 1001 Κορινθίους
1050 908 1113 998 τὴν
1124 930 1228 997 στρα-

223 1017 341 1099 τηγίδα
360 1014 557 1101 φεύγουσαν
573 1012 731 1094 ὡσαύτως
751 1024 911 1101 οἴχεσθαι.
942 1011 986 1094 ὥς
1001 1015 1038 1083 δὲ
1059 1011 1125 1101 άρα
1139 1013 1228 1099 φεύ·

223 1136 344 1194 γοντας
356 1117 513 1198 γίνεσθαι
527 1119 584 1199 τῆς
595 1119 803 1200 Σαλαμινίης
813 1109 896 1181 κατά
907 1110 945 1180 τό
960 1108 1037 1199 ίρόυ
1047 1109 1228 1198 Ἀθηναίης

223 1209 403 1295 Σκιράδος,
420 1216 629 1297 περιπίπτειν
640 1230 702 1298 σφι
711 1213 831 1296 κέλητα
843 1216 921 1299 θείη
932 1216 1058 1298 πομπῇ,
1074 1204 1137 1276 τόν
1147 1205 1227 1275 οὔτε

222 1307 397 1391 πέμψαντα
411 1313 559 1394 φανῆναι
574 1305 713 1395 οὐδένα,
737 1306 815 1376 οὔτε
833 1314 948 1376 τιτῶν
964 1305 1028 1375 άπὸ
1040 1314 1108 1394 τῆς
1123 1326 1226 1392 στρα-

221 1409 292 1489 τιῆς
303 1404 407 1472 είδόσι
414 1408 668 1494 προσφέρεσθαι
676 1420 762 1474 τοῖσι
768 1414 992 1492 Κορινθίοισι.
1004 1410 1082 1495 τῇδε
1092 1405 1129 1474 δὲ
1136 1425 1226 1490 συμ-

219 1502 399 1589 βάλλονται
415 1502 500 1572 εἶναι
513 1515 611 1574 θείου
632 1502 669 1574 τό
685 1512 838 1592 πρῆγμα·
867 1501 912 1585 ὡς
926 1504 992 1593 γάρ
1007 1504 1112 1593 ἀγχοῦ
1127 1506 1226 1590 γενέ-
1278 1576 1279 1579 ,

220 1609 300 1666 σθαι
312 1606 380 1667 τῶν
390 1607 489 1688 νεῶν,
500 1601 579 1681 τούς
591 1600 656 1670 άπὸ
667 1609 729 1670 τοῦ
740 1604 875 1689 κέλητος
885 1607 995 1688 λέγειν
1005 1602 1099 1671 τάδε·
1118 1601 1224 1671 Ἀδεί-

218 1721 337 1783 μαντε,
361 1696 405 1764 σύ
422 1700 485 1784 μὲν
499 1696 708 1787 ἀποστρέψας
726 1697 786 1781 τάς
799 1702 877 1779 νέας
891 1704 925 1780 ές
939 1699 1054 1787 φυγὴν
1071 1698 1223 1787 ὥρμησαι

218 1794 449 1882 καταπροδοὺς
464 1796 543 1878 τούς
556 1796 733 1884 Ἕλληνας·
759 1804 793 1867 οί
805 1798 841 1866 δέ
858 1799 914 1867 καὶ
927 1795 968 1884 δη
983 1803 1119 1885 νικῶσι,
1139 1795 1222 1864 ὅσον

218 1892 313 1965 αὐτοὶ
332 1893 463 1983 ἠρῶντο
481 1900 695 1984 ἐπικρατῆσαι
710 1904 779 1966 τόν
795 1901 936 1984 ἐχθρῶν.
973 1903 1084 1964 Ταῦτα
1101 1895 1221 1981 λεγόν·
1278 1914 1279 1933 ἱ

217 2020 301 2080 των,
317 1992 487 2064 άπιστέειν
499 1992 565 2083 γάρ
579 1994 640 2064 τόν
651 1994 882 2084 Ἀδείμαντον,
897 1990 992 2075 αύτις
1004 1995 1084 2063 τάδε
1098 1997 1219 2080 λέγειν,

218 2088 263 2170 ὡς
277 2088 372 2159 αὐτοὶ
386 2089 500 2162 οἷοίτε
515 2091 581 2161 είεν
595 2091 756 2180 ἀγόμενοι
771 2093 892 2182 ὅμηροι
908 2093 1155 2182 ἀποθνήσκειν,
1176 2088 1221 2180 ἢν
1277 2184 1278 2187 ¹

216 2188 260 2278 μὴ
276 2198 434 2271 νικῶντες
454 2198 639 2277 φαίνωνται
657 2190 863 2281 οίἝλληυες.
892 2193 981 2263 οὕτω
1001 2193 1042 2281 δὴ
1056 2190 1222 2278 άποστρέ-

216 2304 326 2370 ψαντα
340 2288 402 2377 τὴν
415 2292 476 2358 νέα
490 2289 596 2359 αὐτόν
604 2316 641 2359 τε
653 2287 710 2357 καὶ
723 2290 804 2373 τούς
818 2291 940 2372 ἅλλους
954 2288 1006 2360 ἐπ’
1022 2290 1221 2376 ἐξεργασμέ-

215 2408 305 2457 νοισι
319 2391 433 2456 ἐλθεῖν
453 2390 486 2467 ές
499 2388 542 2471 τό,
553 2387 788 2475 στρατόπεδον,
831 2390 979 2468 Τούτους
1000 2389 1062 2474 μὲν
1081 2385 1220 2472 τοιαύτη

216 2484 314 2571 φάτις
329 2490 393 2570 ἔχει
408 2482 474 2553 ὑπό
487 2483 688 2573 Ἀθηναίων,
706 2484 748 2554 ού
759 2488 873 2572 μέντοι
884 2483 982 2554 αύτοί
991 2512 1028 2572 γε
1038 2490 1221 2566 Κορίνθιοι

215 2581 449 2675 ὁμολογέουσι,
472 2585 546 2656 ἀλλ’
563 2590 601 2656 ἐν
614 2588 776 2674 πρύτοισι
793 2592 897 2674 σφέας
918 2582 1041 2664 αύτούς
1061 2590 1119 2670 τῆς
1132 2606 1220 2651 ναυ-

214 2693 331 2772 μαχίης
344 2690 515 2772 νομίζουσι
529 2688 706 2774 γενέσθαι,
721 2698 885 2772 μαρτυρεῖ
894 2686 935 2752 δέ
939 2702 1011 2768 σφι
1028 2678 1117 2765 καὶὴ
1133 2677 1219 2764 ἄλλη

164 2782 332 2862 (λεἙλλάς.
352 2781 553 2871 Ἀριστείδης
563 2784 600 2852 δὲ
614 2782 631 2851 ὁ
646 2784 844 2870 Λυσιμάχου
856 2779 941 2869 άνήρ
952 2778 1139 2866 Ἀθηναῖος,
1155 2783 1219 2844 τοῦ
1275 2780 1276 2795 ’

213 2884 268 2949 καλ
287 2878 389 2972 όλίγφ
403 2909 434 2949 τι
456 2882 621 2969 πρότερον
641 2883 771 2951 τούτων
791 2881 1006 2969 ἐπεμνήσθην
1027 2875 1073 2955 ὡς
1093 2870 1218 2961 άνδρόε
1274 2944 1275 2947 ,

211 2980 369 3069 άρίστον,
385 2972 483 3059 οὗτος
498 2984 536 3048 έν
552 2987 597 3073 τῷ
610 2981 753 3071 θορόβφ
769 2979 877 3067 τούτφ
891 2984 937 3068 τῷ
949 2960 1217 3060 περλῗΣαλαμῑνα

210 3080 379 3170 γενομένῳ
395 3078 474 3147 τάδε
494 3083 617 3148 ἐποίεε·
645 3074 850 3165 παραλαβδυ
865 3070 1010 3152 πολλούς
1030 3078 1098 3141 τῶν
1118 3068 1218 3141 ὁπλι-
1274 3138 1275 3143 ,

210 3179 310 3261 τέων,
331 3183 367 3242 οἳ
378 3177 623 3263 παρατετάχατο
637 3174 728 3264 παρά
743 3174 805 3262 τὴν
819 3171 924 3260 άκτήν
936 3180 994 3258 τῆς
1009 3175 1218 3255 Σαλαμινίης

211 3274 334 3391 χήμης,
353 3273 451 3358 γένος
465 3273 577 3352 έόντες
594 3273 780 3360 Ἀθηναῖοι,
799 3274 833 3350 ές
846 3268 908 3358 τὴν
928 3270 1139 3339 Ψυττάλειαν
1153 3274 1218 3353 νῆ-

210 3364 281 3435 σον
292 3371 437 3453 απέβησε
454 3366 563 3457 ἄγων,
590 3379 626 3438 οἳ
641 3370 722 3450 τούς
741 3373 873 3458 Πέρσας
891 3367 971 3446 τούς
992 3370 1029 3435 έν
1047 3373 1088 3454 τῇ
1103 3369 1217 3450 νησῖδι
1271 3414 1274 3471 ,

208 3465 313 3549 ταύτη
329 3463 581 3547 κατεφόνευσαν
598 3470 735 3549 πάντας.
