2622 3928
399 233 483 289 LIB.
510 231 545 289 V.
579 230 676 288 CAP.
708 236 757 301 92,
779 238 884 292 2-6.
1102 232 1143 292 45

137 415 191 470 τες
211 383 260 459 ἀν
274 388 380 460 ὀπίσω
394 397 434 478 τῇ
444 390 585 477 τεκούσῃ
599 385 637 457 τό
654 392 790 458 παιδίον
806 392 861 458 καὶ
876 389 1068 472 ἐξελθόντες
1082 398 1143 473 ἔξω

139 491 293 568 ἑστεῶτες
307 489 440 557 ἐπὶτῶν
451 491 589 572 θυρέων
600 484 756 574 ἀλλήλων
765 485 911 556 ἅπτοντο
924 490 1143 577 καταιτιώμε-

137 613 209 675 νοι,
224 590 280 656 καὶ
295 588 437 675 μάλιστα
448 594 508 655 τοῦ
522 585 659 674 πρύτου
670 587 849 674 λαβόντος,
866 586 917 655 ότι
933 585 996 657 ούκ
1010 591 1142 676 έποίησε

138 684 222 754 κατά
243 683 285 754 τά
307 687 508 772 δεδογμένα,
536 688 570 763 ές
590 681 610 753 ὃ
631 686 674 772 δή
696 705 757 772 σφι
777 684 903 773 χρόνον
924 688 1142 774 ἐγγινομένου

138 786 232 864 ἔδοξε
249 775 344 861 αὖτις
359 781 591 870 παρελθόντας
610 781 738 862 πάντας
758 790 819 850 τού
841 784 953 870 φόνου
967 791 1141 872 μετίσχειν.

137 880 230 969 Ἕδεε
246 881 282 949 δὲ
297 882 333 949 έκ
347 887 409 948 τοῦ
419 877 592 960 ’Ἠετίωνος
606 879 712 967 γόνον
722 887 883 975 Κορίνθφ
897 880 983 951 κακά
993 880 1173 971 ἀναβλα-4
1217 886 1220 891 “

139 991 238 1046 στείν.
261 973 417 1065 ήΛάβδα
437 978 502 1066 γάρ
519 978 629 1047 πάντα
648 985 753 1046 ταῦτα
773 976 877 1065 ήκουε
897 983 1040 1050 ἑστεῶσα
1059 978 1144 1068 πρός

7 1120 8 1123 =
138 1074 258 1164 αὐτῇσι
274 1082 349 1165 τήσι
363 1076 507 1165 θύρησι·
536 1081 673 1146 δείσασα
688 1078 742 1162 δὲ,
762 1077 808 1164 μή
829 1096 890 1162 σφι
909 1078 1073 1168 μεταδόξη
1087 1080 1143 1146 καὶ

138 1171 175 1242 τὸ
195 1172 354 1258 δεύτερον
367 1174 527 1262 λαβόντες
541 1172 578 1244 τό
594 1181 730 1246 παιδίον
745 1173 975 1267 ἀποκτείνωσι,
991 1180 1142 1267 φέρουσα

138 1273 361 1359 κατακρύπτει
383 1277 417 1353 ές
436 1272 474 1342 τό
496 1273 749 1363 ’ἀφραστότατόν
768 1279 803 1343 oc
814 1277 968 1362 έφαίνετο
984 1276 1086 1364 εἶναι,
1109 1279 1142 1356 ές

139 1374 307 1459 κυψέλην,
324 1375 539 1461 ἐπισταμένη,
557 1372 618 1461 ὡς,
636 1380 666 1441 εί
679 1370 947 1461 ὑποστρέψαντες
962 1376 994 1453 ές
1009 1374 1141 1462 ζήτησιν

138 1468 330 1558 ἀπικοίατο,
351 1472 461 1540 πάντα
476 1472 673 1560 ἐρευνήσειν
688 1474 857 1558 μέλλοιεν,
877 1470 918 1539 τά
939 1470 979 1558 δή
997 1475 1052 1540 καὶ
1069 1475 1141 1559 έγέ-

137 1592 223 1635 νετο.
248 1571 388 1638 ἐλθοῦσι
399 1573 436 1640 δὲ
447 1574 503 1640 καὶ
516 1574 718 1658 διζημένοισι
733 1568 862 1638 αύτοῖσι
875 1567 919 1650 ὡς
929 1568 992 1639 ούκ
1005 1574 1141 1659 ἐφαίνε-

135 1694 186 1754 το,
203 1667 316 1738 έδόκεε
333 1665 608 1739 ἀπαλλάσσεσθαι
619 1671 674 1738 καὶ
684 1672 795 1756 λέγειν
805 1668 890 1759 πρὸς
900 1667 979 1749 τούς
990 1667 1142 1758 ἀποπέμ-

4 1826 5 1853 ,
137 1781 281 1856 ψαντας,
297 1767 342 1849 ὥς
353 1771 463 1838 πάντα
477 1765 718 1857 ποιήσειαν,τά
733 1772 855 1838 έκελνοι
869 1768 1082 1839 ἐνετείλαντο.
1107 1774 1140 1838 οί
1155 1790 1172 1841 5

137 1868 199 1954 μέν
214 1864 254 1954 δή
271 1865 477 1948 ἀπελθόντες
491 1876 607 1956 έλεγον
617 1874 738 1955 ταῦτα,
749 1865 897 1936 Ἠετίωνι
906 1868 948 1936 δὲ
962 1867 1044 1954 μετὰ
1059 1875 1142 1935 ταύ-

138 1983 178 2029 τα
193 1962 211 2030 ὁ
226 1977 303 2043 παις
317 1962 479 2045 αάξάνετο
493 1973 553 2034 καί
559 1971 596 2035 οί
604 1965 806 2052 διαφυγόντι
817 1972 939 2033 τούτου
948 1962 1008 2033 τόν
1022 1970 1142 2035 κίνδυ-

137 2089 201 2131 νον
215 2059 280 2131 ἀπὸ
293 2069 351 2149 τῆς
362 2065 509 2150 κυψέλης
519 2066 713 2153 ἐπωνυμίην
719 2064 875 2146 Κύψελος
887 2063 1016 2150 οὔνομα
1031 2067 1138 2151 ἐτέθη.

137 2159 348 2247 ἀνδρωθέντι
362 2163 400 2231 δὲ
415 2164 471 2232 καλ
484 2166 720 2256 μαντευομένῳ
731 2165 876 2253 Κυψέλῳ
891 2163 1020 2247 ἐγένετο
1035 2158 1141 2248 ἀμφι-

136 2264 247 2344 δέξιον
261 2262 463 2351 χρηστήριον
484 2264 522 2331 έν
534 2270 716 2349 Δελφοῖσι,
738 2268 784 2353 τῷ
800 2266 941 2339 πίσυνος
960 2258 1141 2347 γενόμενος

3 2446 5 2455 ‚
136 2364 326 2449 ἐπεχείρησέ
338 2387 373 2429 τε
388 2362 444 2430 καί
459 2364 533 2448 ἔσχε
550 2360 735 2447 Κόρινθον.
764 2356 783 2427 ὁ
798 2357 834 2427 δὲ
847 2355 993 2447 χρησμός
1008 2355 1065 2426 όδε
1077 2347 1138 2445 ήν·

168 2463 302 2551 Ὄλβιος
316 2454 415 2543 οὗτος
430 2459 535 2551 ἀνήρ,
554 2460 591 2542 ὃς
605 2460 687 2549 ἐμὸν
702 2459 807 2547 δόμον
823 2463 1063 2546 ἐσκαταβαίνει,

179 2561 333 2641 Κύψελος
346 2559 510 2649 Ἠετίδης,
531 2558 690 2650 βασιλεύς
704 2568 845 2629 κλειτοῖο
860 2564 1048 2646 Κορίνθου,

179 2656 290 2738 Αὐτός
304 2661 360 2728 καλ
376 2665 509 2746 παίδες,
524 2664 654 2729 παίδων
671 2684 708 2745 γε
722 2659 785 2745 μὲν
800 2654 911 2727 οὐκέτι
925 2661 1048 2735 παῖδες.

136 2759 172 2827 τὸ
187 2761 250 2844 μὲν
264 2758 305 2846 δή
324 2759 526 2846 χρηστήριον
538 2765 638 2829 τοῦτο
651 2751 713 2845 ήν,
735 2754 965 2847 τυραννεύσας
982 2753 1019 2823 δὲ
1033 2751 1051 2822 ὁ
1066 2754 1140 2823 Κύ-

2 2846 9 2861 ’
136 2865 236 2939 ψελος
246 2864 397 2936 τοιοῦτος
411 2857 453 2944 δή
463 2881 513 2936 τις
524 2853 610 2944 ἀνήρ
622 2859 768 2943 ἐγένετο·
784 2852 930 2935 πολλούς
940 2858 1002 2941 μὲν
1012 2862 1141 2942 Κοριν-

133 2962 224 3026 θίων
239 2956 369 3041 ἐδίωξε,
384 2952 531 3035 πολλούς
545 2956 582 3024 δὲ
598 2954 777 3043 χρημάτων
793 2952 1012 3042 ἀπεστέρησε,
1027 2960 1139 3043 πολλῷ

134 3050 167 3120 δ’
186 3057 235 3121 ἔτι
256 3059 433 3134 πλείστους
456 3061 514 3143 τῆς
535 3062 651 3142 ψυχῆς.
686 3054 866 3144 ’Ἀρξαντος
889 3058 926 3122 δὲ
946 3054 1070 3122 τούτου
1088 3052 1173 3126 έπὶθ

133 3152 313 3241 τριήκοντα
323 3158 398 3223 ἔτεα
411 3155 467 3223 καὶ
476 3156 710 3235 διαπλέξαντος
723 3152 784 3222 τόν
794 3160 871 3242 βίον
885 3148 925 3223 εὖ
940 3151 1092 3239 διάδογός
1106 3154 1140 3218 ολ

133 3257 190 3338 τῆς
203 3256 404 3336 τυραννίδος
415 3249 434 3321 ὁ
445 3266 523 3333 παίς
532 3257 742 3341 Περίανδρος
751 3259 888 3339 γίνεται.
912 3248 1059 3321 ὁτοίνυν
1068 3255 1138 3316 Πε-

6 3440 8 3445 ,
134 3352 290 3435 θίανὸθθς
304 3344 377 3418 κατ’
395 3346 498 3437 ἀρχάς
511 3353 574 3438 μὲν
586 3344 631 3438 ήν
644 3347 828 3439 ήπιάτερος
842 3357 903 3418 τοῦ
917 3344 1052 3435 πατρὸς,
1067 3349 1139 3414 έπεί

135 3467 169 3510 τε
183 3446 219 3512 δὲ
233 3442 377 3533 ὡμίλησε
390 3446 435 3516 δι’
448 3445 598 3536 ἀγγέλων
610 3451 841 3541 Θρασυβούλῳ
852 3457 897 3540 τῷ
911 3447 1065 3536 Μιλήτου
1076 3470 1137 3513 τν·ρ
