2606 3930
413 211 499 267 ιιο
526 213 574 268 Ν.
604 213 704 270 σεο
737 220 822 276 61-
835 225 878 278 ω
1089 217 1151 284 εει

146 389 278 438 σονται
314 372 384 456 χείρ
419 370 455 439 δὲ
485 377 525 459 τῇ
553 366 598 438 ἀν
633 374 718 461 πέσῃ
752 375 878 465 κέεται,
913 382 969 449 καὶ
999 378 1141 468 χωρίς*
1127 408 1145 449 ο

144 467 273 554 νεκρός.

227 574 350 638 Θνσίαι
383 572 445 653 μέν
469 594 535 635 νυν
567 561 667 636 αὗταί
697 588 758 656 σφι
796 574 987 667 κατεστᾶσι,
1025 572 1082 644 ὑσὶ
1112 577 1183 644 δέθ
1167 582 1203 636 63

145 659 240 736 οὗτοι
251 664 353 735 οὐδὲν
367 671 557 752 νομίζουσι,
572 663 652 734 ούδέ
669 670 805 755 τρέφειν
820 671 910 737 ἐν
870 697 911 759 τη
920 670 1012 760 χόρχ
1028 669 1066 740 τὸ
1083 696 1150 740 πα-

145 766 257 849 ράπαν
277 767 441 833 ἐθέλουσι.
468 763 566 832 Τάδ’
583 768 616 843 ἐς
630 765 904 851 πόλεμονέχοντα
921 761 987 836 ὧδέ
1000 790 1060 854 σφι
1076 774 1151 839 δια·
1169 787 1202 840 6ο

145 868 270 933 κέεται
292 861 447 933 ἐπεάν
411 890 474 931 τον
484 870 619 949 πρῶτον
641 861 751 950 ἀνδρα
765 863 971 955 καταβάλμ’
952 865 1038 953 ανὴρ
1053 869 1150 936 Σκύ-

111 976 113 982 ’
144 974 228 1049 θης,
258 970 320 1031 τοῦ
342 966 480 1049 αἵματος
507 965 654 1048 ἐμπίνει·
685 959 788 1040 όσους
809 959 841 1029 δ’
865 959 914 1037 ,ἀν
933 966 1086 1053 φονεύσῃ
1112 967 1150 1033 ἐν

145 1069 185 1150 τῇ
206 1062 312 1149 μάχῃ,
337 1061 469 1129 τούτων
495 1058 554 1138 τὰς
577 1056 725 1145 κεφαλάς
745 1056 908 1147 ἀποφέρει
932 1069 979 1152 τῷ
1005 1062 1148 1149 βασιλίδ’

146 1157 323 1238 ἀπενείκας
347 1158 409 1246 μέν
428 1156 493 1245 χάρ
514 1156 667 1245 κεφαλὴν
693 1163 751 1245 τῆς
774 1166 868 1246 ληίης
893 1162 1150 1248 μεταλαμβάνει,

146 1254 207 1342 τὴν
228 1252 278 1341 ἀνν
295 1257 439 1344 λάβωσι,
464 1252 508 1344 μὴ
524 1258 652 1335 ἐνείκας
673 1259 710 1324 δὲ
725 1254 775 1324 οὔ.
808 1252 976 1344 ἀποδείρει
992 1261 1029 1326 δὲ
1045 1256 1152 1344 αὐτὴν

147 1355 259 1445 τρόπφ
283 1359 417 1444 τοιῷδε·
439 1352 632 1441 περιταμὼν
647 1355 761 1447 κύκλφ
776 1359 851 1442 περὶ
870 1353 911 1423 τά
929 1347 996 1423 ὦτα
1013 1358 1070 1423 καὶ
1089 1364 1151 1424 λα-

145 1455 289 1541 βόμενος
308 1461 366 1541 τῆς
386 1460 533 1540 κεφαλῆς
558 1456 693 1539 ἐκσείει,
725 1451 807 1539 μετά
831 1455 866 1520 δέ
890 1461 1050 1537 σαρκίσας
1071 1451 1152 1542 βοός

145 1559 274 1641 πλευρῇ
289 1554 381 1632 δέψει
390 1559 466 1638 τῇσι
476 1555 584 1639 χερσί,
600 1548 746 1638 ὀργάσας
759 1553 797 1620 δέ
807 1550 888 1618 αύτό
901 1551 959 1620 άτε
971 1552 1151 1640 χειρόμακ-

144 1675 227 1738 τρυν
235 1648 399 1732 κέκτηται,
410 1653 447 1718 ἐκ
462 1650 498 1717 δὲ
510 1658 579 1717 των
593 1655 741 1735 χαλινῶν
755 1655 818 1717 τοῦ
830 1653 952 1738 ἵππου,
974 1651 1034 1720 τόν
1050 1646 1152 1729 αὐτὸς

145 1748 297 1835 ἐλαύνει,
323 1752 360 1817 ἐκ
380 1749 505 1816 τούτου
525 1748 656 1827 ἐξάπτει
673 1750 729 1816 καί
746 1747 939 1834 ἀγάλλεται·
970 1747 1007 1829 ὃς
1024 1748 1089 1837 γάρ
1107 1745 1152 1816 ἀν

144 1858 283 1918 πλεῖστα
300 1851 445 1935 δέρματα
469 1848 692 1934 χειρόμακτρα
708 1852 782 1935 ἔχῃ,
801 1845 887 1934 ἀνὴρ
904 1848 1037 1936 ἀριστος
1052 1840 1151 1927 οὗτος

146 1950 301 2033 κέκριται.
341 1948 459 2014 πολλοί
480 1946 516 2013 δὲ
541 1943 654 2012 αὐτῶν
681 1946 718 2012 ἐκ
738 1951 806 2012 των
825 1942 1067 2034 ἀποδερμάτων
1095 1948 1150 2013 καί

145 2049 281 2130 χλαίνας
306 2046 505 2112 ἐπείνυσθαι
532 2050 682 2129 ποιεῦσι,
712 2041 960 2130 συρράπτοντες
1000 2041 1150 2128 κατάπερ

145 2151 277 2231 βαίτας·
309 2145 426 2211 πολλοὶ
453 2144 490 2209 δὲ
511 2138 647 2228 ἀνδρῶν
669 2143 802 2227 ἐχθρόν
825 2138 884 2219 τάς
908 2139 1017 2222 δεξιάς
1039 2156 1150 2227 χεῖρας

145 2248 278 2327 νεκρῶν
293 2241 419 2309 ἐόντων
444 2238 681 2325 ἀποδείραντες
700 2238 831 2308 αύτοίσι
846 2237 941 2320 ὄνυξι
957 2241 1150 2324 καλύπτρας

147 2346 215 2408 τῶν
244 2341 438 2426 φαρετρέων
463 2345 654 2406 ποιεῦνται·
691 2342 796 2427 δέρμα
825 2339 861 2406 δέ
883 2336 1072 2425 ἀνθρώπου
1094 2337 1149 2406 καί

128 2441 233 2528 ,παχύ
250 2443 306 2508 καλ
326 2436 481 2523 λαμπρόν
501 2430 547 2524 ἦν
568 2435 649 2525 ἀρα,
686 2434 806 2525 σχεδόν
821 2438 995 2522 δερμάτων
1009 2438 1147 2505 πάντων

148 2540 382 2628 λαμπρότατον
406 2538 589 2624 λευκότητι.
626 2540 744 2606 πολλοί
768 2541 805 2605 δὲ
831 2540 885 2604 καί
902 2537 1003 2618 ὅλους
1023 2538 1149 2622 ἀνδρας

145 2645 352 2727 ἐκδείραντες
373 2643 429 2706 καί
444 2644 667 2716 διατείναντες
687 2640 740 2705 ἐπὶ
757 2637 868 2717 ξύλων
884 2635 938 2704 ἐπ’
960 2642 1073 2706 ἵππων
1087 2665 1149 2707 πε-

146 2742 333 2824 ριφέρουσι.
364 2744 469 2804 ταῦτα
485 2739 548 2823 μὲν
563 2733 603 2820 δὴ
626 2733 716 2802 οὕτω
727 2753 788 2817 σφι
807 2735 1017 2820 νενόμισται,
1043 2733 1148 2816 αύτάς
1164 2753 1199 2808 65

145 2834 183 2903 δέ
211 2833 270 2914 τάς
290 2833 456 2921 κεφαλάς,
486 2834 560 2902 ούτι
585 2833 739 2918 πάντων,
768 2828 853 2901 ἀλλά
882 2839 951 2899 τῶν
967 2835 1148 2919 ἐχθίστων,

139 2939 271 3006 ποιεῦσι
290 2934 386 3004 τάδε·
412 2932 599 3019 ἀποπρίσας
624 2937 694 2998 πάν
717 2929 754 2998 τό
780 2936 899 3018 ἔνερθε
915 2936 985 2999 των
1009 2929 1151 3019 ὀφρύων

140 3039 352 3120 ἐκκαθαίρει·
395 3035 452 3103 καλ
492 3030 536 3121 ἢν
575 3032 637 3119 μὲν
673 3024 696 3119 ᾖ
730 3033 848 3117 πένης,
892 3029 910 3100 ὁ
952 3031 990 3102 δὲ
1025 3034 1152 3115 ἐξωδεν

138 3232 310 3317 πλούσιος,
322 3228 435 3317 τὴνμὲ
436 3258 457 3299 ν
471 3230 643 3317 ὠμοβοέην
654 3233 841 3314 περιτείνει,
853 3230 984 3295 ἔσωθεν
998 3230 1035 3293 δέ
1049 3248 1147 3312 περι-

138 3326 315 3421 χρυσεόσας
340 3327 431 3397 ούτω
450 3336 569 3416 χρᾶται
585 3332 741 3417 ποτηρίω.
773 3330 907 3392 ποιεῦσι
921 3325 958 3391 δὲ
972 3329 1072 3390 τοῦτο
1087 3323 1144 3388 καί

139 3433 176 3499 ἐκ
190 3453 260 3497 των
273 3452 292 3495 ο
293 3425 472 3575 ίκτβων,”
448 3452 492 3512 ην
508 3445 568 3512 σφι
583 3426 743 3509 διάφοροι
763 3425 928 3509 γίνωνται
942 3413 1034 3484 ocal*
1012 3442 1057 3502 ην
1072 3417 1145 3482 ἐπι-

223 3538 314 3576 mon
804 3560 812 3573 ,
