<?xml version="1.0" encoding="UTF-8"?>
<!DOCTYPE html PUBLIC "-//W3C//DTD XHTML 1.0 Transitional//EN"
    "http://www.w3.org/TR/xhtml1/DTD/xhtml1-transitional.dtd">
<html xmlns="http://www.w3.org/1999/xhtml" xml:lang="en" lang="en">
 <head>
  <title>
</title>
<meta http-equiv="Content-Type" content="text/html;charset=utf-8" />
  <meta name='ocr-system' content='tesseract 3.04.00' />
  <meta name='ocr-capabilities' content='ocr_page ocr_carea ocr_par ocr_line ocrx_word'/>
</head>
<body>
  <div class='ocr_page' id='page_1' title='image "./historiarumlibr03herogoog_0296.png"; bbox 0 0 2606 3930; ppageno 0'>
   <div class='ocr_carea' id='block_1_1' title="bbox 338 220 1090 297">
    <p class='ocr_par' dir='ltr' id='par_1_1' title="bbox 338 220 1090 297">
     <span class='ocr_line' id='line_1_1' title="bbox 338 220 1090 297; baseline 0.003 -9"><span class='ocrx_word' id='word_1_1' title='bbox 338 230 423 288; x_wconf 80' lang='grc' dir='ltr'><strong><em>ιιυ.</em></strong></span> <span class='ocrx_word' id='word_1_2' title='bbox 455 229 500 289; x_wconf 69' lang='grc' dir='ltr'><strong><em>ιο,</em></strong></span> <span class='ocrx_word' id='word_1_3' title='bbox 533 226 632 297; x_wconf 75' lang='lat' dir='ltr'><strong><em>cAP.</em></strong></span> <span class='ocrx_word' id='word_1_4' title='bbox 663 229 839 290; x_wconf 78' lang='grc' dir='ltr'><strong><em>ιω-ιιε,</em></strong></span> <span class='ocrx_word' id='word_1_5' title='bbox 1027 220 1090 290; x_wconf 65' lang='grc'><strong><em>287</em></strong></span> 
     </span>
    </p>
   </div>
   <div class='ocr_carea' id='block_1_2' title="bbox 71 384 1159 3567">
    <p class='ocr_par' dir='ltr' id='par_1_2' title="bbox 71 384 1159 3567">
     <span class='ocr_line' id='line_1_2' title="bbox 90 384 1092 480; baseline 0.002 -24"><span class='ocrx_word' id='word_1_6' title='bbox 90 384 251 459; x_wconf 85' lang='grc' dir='ltr'><strong><em>ἀπίκοντο</em></strong></span> <span class='ocrx_word' id='word_1_7' title='bbox 271 392 304 472; x_wconf 89' lang='grc' dir='ltr'><strong><em>ἐς</em></strong></span> <span class='ocrx_word' id='word_1_8' title='bbox 328 388 391 480; x_wconf 72' lang='grc' dir='ltr'><strong><em>τὴν</em></strong></span> <span class='ocrx_word' id='word_1_9' title='bbox 404 388 525 478; x_wconf 85' lang='grc' dir='ltr'><strong><em>Σάμον</em></strong></span> <span class='ocrx_word' id='word_1_10' title='bbox 550 393 585 458; x_wconf 84' lang='grc' dir='ltr'><strong><em>ολ</em></strong></span> <span class='ocrx_word' id='word_1_11' title='bbox 604 390 732 475; x_wconf 84' lang='grc' dir='ltr'><strong><em>Πέρσαι</em></strong></span> <span class='ocrx_word' id='word_1_12' title='bbox 764 387 963 475; x_wconf 75' lang='grc' dir='ltr'><em>κατάγοντες</em></span> <span class='ocrx_word' id='word_1_13' title='bbox 976 396 1092 459; x_wconf 54' lang='grc' dir='ltr'><strong><em>Σόλοι·</em></strong></span> 
     </span>
     <span class='ocr_line' id='line_1_3' title="bbox 91 485 1095 583; baseline 0.003 -26"><span class='ocrx_word' id='word_1_14' title='bbox 91 496 218 574; x_wconf 81' lang='grc' dir='ltr'><strong><em>σύνειι,</em></strong></span> <span class='ocrx_word' id='word_1_15' title='bbox 247 488 327 560; x_wconf 76' lang='grc' dir='ltr'><strong><em>οὔτε</em></strong></span> <span class='ocrx_word' id='word_1_16' title='bbox 343 497 394 572; x_wconf 86' lang='grc' dir='ltr'><strong><em>τίς</em></strong></span> <span class='ocrx_word' id='word_1_17' title='bbox 413 509 474 578; x_wconf 86' lang='grc' dir='ltr'><strong><em>σφι</em></strong></span> <span class='ocrx_word' id='word_1_18' title='bbox 498 503 612 583; x_wconf 71' lang='grc' dir='ltr'><strong><em>χεῖρας</em></strong></span> <span class='ocrx_word' id='word_1_19' title='bbox 632 485 856 576; x_wconf 81' lang='grc' dir='ltr'><strong><em>ἀνταείρεται,</em></strong></span> <span class='ocrx_word' id='word_1_20' title='bbox 881 486 1095 560; x_wconf 80' lang='grc' dir='ltr'><strong><em>ὑπόσπονδοι</em></strong></span> 
     </span>
     <span class='ocr_line' id='line_1_4' title="bbox 91 591 1090 679; baseline 0.002 -20"><span class='ocrx_word' id='word_1_21' title='bbox 91 616 127 660; x_wconf 89' lang='grc' dir='ltr'><strong><em>τε</em></strong></span> <span class='ocrx_word' id='word_1_22' title='bbox 141 596 274 678; x_wconf 71' lang='grc' dir='ltr'><strong><em>ἔφασαν</em></strong></span> <span class='ocrx_word' id='word_1_23' title='bbox 294 591 379 661; x_wconf 81' lang='grc' dir='ltr'><strong><em>εδυαι</em></strong></span> <span class='ocrx_word' id='word_1_24' title='bbox 400 594 523 679; x_wconf 80' lang='grc' dir='ltr'><strong><em>ἐτοίμοι</em></strong></span> <span class='ocrx_word' id='word_1_25' title='bbox 543 597 578 661; x_wconf 91' lang='grc' dir='ltr'><strong><em>οί</em></strong></span> <span class='ocrx_word' id='word_1_26' title='bbox 595 597 657 660; x_wconf 80' lang='grc' dir='ltr'><strong><em>τοῦ</em></strong></span> <span class='ocrx_word' id='word_1_27' title='bbox 674 595 892 677; x_wconf 79' lang='grc' dir='ltr'><strong><em>Μαιανδρίου</em></strong></span> <span class='ocrx_word' id='word_1_28' title='bbox 914 599 1090 661; x_wconf 70' lang='grc' dir='ltr'><strong><em>στασιῶται</em></strong></span> 
     </span>
     <span class='ocr_line' id='line_1_5' title="bbox 90 686 1091 780; baseline 0.004 -23"><span class='ocrx_word' id='word_1_29' title='bbox 90 690 146 759; x_wconf 78' lang='grc' dir='ltr'><strong><em>καὶ</em></strong></span> <span class='ocrx_word' id='word_1_30' title='bbox 160 686 262 771; x_wconf 82' lang='grc' dir='ltr'><strong><em>αύτδς</em></strong></span> <span class='ocrx_word' id='word_1_31' title='bbox 276 690 489 780; x_wconf 76' lang='grc' dir='ltr'><strong><em>Μαιάνδριος</em></strong></span> <span class='ocrx_word' id='word_1_32' title='bbox 505 694 689 779; x_wconf 76' lang='grc' dir='ltr'><strong><em>ἐκχωρῆσαι</em></strong></span> <span class='ocrx_word' id='word_1_33' title='bbox 709 693 748 761; x_wconf 84' lang='grc' dir='ltr'><strong><em>ἐκ</em></strong></span> <span class='ocrx_word' id='word_1_34' title='bbox 761 698 819 779; x_wconf 80' lang='grc' dir='ltr'><strong><em>τῆς</em></strong></span> <span class='ocrx_word' id='word_1_35' title='bbox 832 690 949 780; x_wconf 78' lang='grc' dir='ltr'><strong><em>νήσου.</em></strong></span> <span class='ocrx_word' id='word_1_36' title='bbox 976 719 1091 762; x_wconf 88' lang='grc' dir='ltr'><strong><em>καται-</em></strong></span> 
     </span>
     <span class='ocr_line' id='line_1_6' title="bbox 90 789 1091 882; baseline 0.006 -25"><span class='ocrx_word' id='word_1_37' title='bbox 90 793 250 872; x_wconf 82' lang='grc' dir='ltr'><strong><em>νέσαυτος</em></strong></span> <span class='ocrx_word' id='word_1_38' title='bbox 270 789 302 860; x_wconf 89' lang='grc' dir='ltr'><strong><em>δ’</em></strong></span> <span class='ocrx_word' id='word_1_39' title='bbox 319 796 373 863; x_wconf 56' lang='lat' dir='ltr'><strong><em>§at</em></strong></span> <span class='ocrx_word' id='word_1_40' title='bbox 384 794 532 863; x_wconf 86' lang='grc' dir='ltr'><strong><em>τούτοισι</em></strong></span> <span class='ocrx_word' id='word_1_41' title='bbox 543 791 686 863; x_wconf 79' lang='grc' dir='ltr'><strong><em>Ὀτάνεω</em></strong></span> <span class='ocrx_word' id='word_1_42' title='bbox 706 796 762 863; x_wconf 82' lang='grc' dir='ltr'><strong><em>καλ</em></strong></span> <span class='ocrx_word' id='word_1_43' title='bbox 777 796 1002 882; x_wconf 71' lang='grc' dir='ltr'><strong><em>σπεισαμένου</em></strong></span> <span class='ocrx_word' id='word_1_44' title='bbox 1023 802 1091 867; x_wconf 79' lang='grc' dir='ltr'><strong><em>τόν</em></strong></span> 
     </span>
     <span class='ocr_line' id='line_1_7' title="bbox 88 890 1089 981; baseline 0.006 -23"><span class='ocrx_word' id='word_1_45' title='bbox 88 891 250 976; x_wconf 81' lang='grc' dir='ltr'><strong><em>Περσέων</em></strong></span> <span class='ocrx_word' id='word_1_46' title='bbox 271 895 305 959; x_wconf 90' lang='grc' dir='ltr'><strong><em>οί</em></strong></span> <span class='ocrx_word' id='word_1_47' title='bbox 319 898 476 963; x_wconf 89' lang='grc' dir='ltr'><strong><em>πλείστου</em></strong></span> <span class='ocrx_word' id='word_1_48' title='bbox 498 890 649 981; x_wconf 80' lang='grc' dir='ltr'><strong><em>ἀξιοιθρ</em></strong></span> <span class='ocrx_word' id='word_1_49' title='bbox 601 891 753 981; x_wconf 79' lang='grc' dir='ltr'><strong><em>θρόνους</em></strong></span> <span class='ocrx_word' id='word_1_50' title='bbox 768 894 907 981; x_wconf 84' lang='grc' dir='ltr'><strong><em>θέμενοι</em></strong></span> <span class='ocrx_word' id='word_1_51' title='bbox 927 921 1089 964; x_wconf 84' lang='grc' dir='ltr'><strong><em>κατεναν-</em></strong></span> 
     </span>
     <span class='ocr_line' id='line_1_8' title="bbox 88 986 1159 1115; baseline 0.004 -55"><span class='ocrx_word' id='word_1_52' title='bbox 88 996 163 1060; x_wconf 89' lang='grc' dir='ltr'><strong><em>τίον</em></strong></span> <span class='ocrx_word' id='word_1_53' title='bbox 176 995 234 1076; x_wconf 83' lang='grc' dir='ltr'><strong><em>τῆς</em></strong></span> <span class='ocrx_word' id='word_1_54' title='bbox 255 986 456 1077; x_wconf 68' lang='grc' dir='ltr'><strong><em>ἀκροπόλιος</em></strong></span> <span class='ocrx_word' id='word_1_55' title='bbox 476 993 639 1061; x_wconf 88' lang='grc' dir='ltr'><strong><em>ἐκατέαιο.</em></strong></span> <span class='ocrx_word' id='word_1_56' title='bbox 684 995 889 1084; x_wconf 73' lang='grc' dir='ltr'><strong><em>Μαιανδρίῳ</em></strong></span> <span class='ocrx_word' id='word_1_57' title='bbox 911 993 1159 1115; x_wconf 57' lang='lat' dir='ltr'><strong><em>&amp;Itym-145</em></strong></span> 
     </span>
     <span class='ocr_line' id='line_1_9' title="bbox 88 1084 1090 1181; baseline 0.002 -23"><span class='ocrx_word' id='word_1_58' title='bbox 88 1087 205 1180; x_wconf 87' lang='grc' dir='ltr'><strong><em>ράννω</em></strong></span> <span class='ocrx_word' id='word_1_59' title='bbox 218 1113 263 1175; x_wconf 87' lang='grc' dir='ltr'><strong><em>ην</em></strong></span> <span class='ocrx_word' id='word_1_60' title='bbox 277 1086 470 1179; x_wconf 56' lang='grc' dir='ltr'><strong><em>ἀδελφεός*</em></strong></span> <span class='ocrx_word' id='word_1_61' title='bbox 451 1088 740 1177; x_wconf 86' lang='grc' dir='ltr'><strong><em>νπομαργότερος,</em></strong></span> <span class='ocrx_word' id='word_1_62' title='bbox 757 1115 808 1181; x_wconf 76' lang='grc' dir='ltr'><strong><em>τρι</em></strong></span> <span class='ocrx_word' id='word_1_63' title='bbox 820 1088 949 1180; x_wconf 86' lang='grc' dir='ltr'><strong><em>ούνομα</em></strong></span> <span class='ocrx_word' id='word_1_64' title='bbox 961 1084 1006 1180; x_wconf 78' lang='grc' dir='ltr'><strong><em>ἦν</em></strong></span> <span class='ocrx_word' id='word_1_65' title='bbox 1018 1100 1090 1162; x_wconf 82' lang='grc' dir='ltr'><strong><em>Χα-</em></strong></span> 
     </span>
     <span class='ocr_line' id='line_1_10' title="bbox 88 1180 1087 1280; baseline 0.001 -22.021"><span class='ocrx_word' id='word_1_66' title='bbox 88 1195 222 1273; x_wconf 89' lang='grc' dir='ltr'><strong><em>ρίλεως</em></strong></span> <span class='ocrx_word' id='word_1_67' title='bbox 250 1180 347 1269; x_wconf 75' lang='grc' dir='ltr'><strong><em>οὗτος</em></strong></span> <span class='ocrx_word' id='word_1_68' title='bbox 363 1185 456 1277; x_wconf 75' lang='grc' dir='ltr'><strong><em>ὁτιδὴ</em></strong></span> <span class='ocrx_word' id='word_1_69' title='bbox 479 1185 671 1278; x_wconf 73' lang='grc' dir='ltr'><strong><em>ἐξαμαρτών</em></strong></span> <span class='ocrx_word' id='word_1_70' title='bbox 700 1190 738 1257; x_wconf 87' lang='grc' dir='ltr'><strong><em>ἐν</em></strong></span> <span class='ocrx_word' id='word_1_71' title='bbox 765 1189 917 1280; x_wconf 80' lang='grc' dir='ltr'><strong><em>γοργύρη</em></strong></span> <span class='ocrx_word' id='word_1_72' title='bbox 944 1191 1087 1260; x_wconf 78' lang='grc' dir='ltr'><strong><em>ἐδέδετο·</em></strong></span> 
     </span>
     <span class='ocr_line' id='line_1_11' title="bbox 87 1284 1089 1405; baseline -0.001 -48"><span class='ocrx_word' id='word_1_73' title='bbox 87 1290 146 1357; x_wconf 80' lang='grc' dir='ltr'><strong><em>καί</em></strong></span> <span class='ocrx_word' id='word_1_74' title='bbox 157 1284 200 1375; x_wconf 76' lang='grc' dir='ltr'><strong><em>δὴ</em></strong></span> <span class='ocrx_word' id='word_1_75' title='bbox 216 1287 291 1358; x_wconf 87' lang='grc' dir='ltr'><strong><em>τότε</em></strong></span> <span class='ocrx_word' id='word_1_76' title='bbox 319 1287 508 1405; x_wconf 74' lang='grc' dir='ltr'><strong><em>ἐπακούσας</em></strong></span> <span class='ocrx_word' id='word_1_77' title='bbox 533 1313 570 1357; x_wconf 88' lang='grc' dir='ltr'><strong><em>τε</em></strong></span> <span class='ocrx_word' id='word_1_78' title='bbox 587 1285 628 1357; x_wconf 83' lang='grc' dir='ltr'><strong><em>τό</em></strong></span> <span class='ocrx_word' id='word_1_79' title='bbox 664 1288 879 1377; x_wconf 79' lang='grc' dir='ltr'><strong><em>πρησσόμενα</em></strong></span> <span class='ocrx_word' id='word_1_80' title='bbox 897 1290 952 1357; x_wconf 77' lang='grc' dir='ltr'><strong><em>καὶ</em></strong></span> <span class='ocrx_word' id='word_1_81' title='bbox 969 1288 1089 1356; x_wconf 91' lang='grc' dir='ltr'><strong><em>διακύ-</em></strong></span> 
     </span>
     <span class='ocr_line' id='line_1_12' title="bbox 86 1381 1089 1475; baseline -0.001 -19"><span class='ocrx_word' id='word_1_82' title='bbox 86 1400 153 1470; x_wconf 76' lang='grc' dir='ltr'><strong><em>ψας</em></strong></span> <span class='ocrx_word' id='word_1_83' title='bbox 174 1382 231 1454; x_wconf 81' lang='grc' dir='ltr'><strong><em>διὰ</em></strong></span> <span class='ocrx_word' id='word_1_84' title='bbox 252 1390 310 1473; x_wconf 78' lang='grc' dir='ltr'><strong><em>τῆς</em></strong></span> <span class='ocrx_word' id='word_1_85' title='bbox 326 1384 512 1472; x_wconf 90' lang='grc' dir='ltr'><strong><em>γοργύρης,</em></strong></span> <span class='ocrx_word' id='word_1_86' title='bbox 536 1381 581 1465; x_wconf 75' lang='grc' dir='ltr'><strong><em>ὡς</em></strong></span> <span class='ocrx_word' id='word_1_87' title='bbox 592 1383 658 1455; x_wconf 84' lang='grc' dir='ltr'><strong><em>είδε</em></strong></span> <span class='ocrx_word' id='word_1_88' title='bbox 676 1412 757 1465; x_wconf 90' lang='grc' dir='ltr'><strong><em>τους</em></strong></span> <span class='ocrx_word' id='word_1_89' title='bbox 765 1389 898 1472; x_wconf 90' lang='grc' dir='ltr'><strong><em>Περσας</em></strong></span> <span class='ocrx_word' id='word_1_90' title='bbox 915 1392 1089 1475; x_wconf 73' lang='grc' dir='ltr'><strong><em>εἰρηναίως</em></strong></span> 
     </span>
     <span class='ocr_line' id='line_1_13' title="bbox 84 1482 1089 1577; baseline -0.004 -22"><span class='ocrx_word' id='word_1_91' title='bbox 84 1485 310 1571; x_wconf 75' lang='grc' dir='ltr'><strong><em>κατημένους,</em></strong></span> <span class='ocrx_word' id='word_1_92' title='bbox 326 1482 408 1571; x_wconf 79' lang='grc' dir='ltr'><strong><em>ἐβόα</em></strong></span> <span class='ocrx_word' id='word_1_93' title='bbox 417 1484 519 1552; x_wconf 78' lang='grc' dir='ltr'><strong><em>τεκαὶ</em></strong></span> <span class='ocrx_word' id='word_1_94' title='bbox 535 1487 602 1571; x_wconf 83' lang='grc' dir='ltr'><strong><em>ἐφη</em></strong></span> <span class='ocrx_word' id='word_1_95' title='bbox 617 1485 726 1571; x_wconf 79' lang='grc' dir='ltr'><strong><em>λέγων</em></strong></span> <span class='ocrx_word' id='word_1_96' title='bbox 739 1486 942 1577; x_wconf 75' lang='grc' dir='ltr'><strong><em>Μαιανδρίῳ</em></strong></span> <span class='ocrx_word' id='word_1_97' title='bbox 958 1484 1089 1554; x_wconf 78' lang='grc' dir='ltr'><strong><em>ἐθέλειν</em></strong></span> 
     </span>
     <span class='ocr_line' id='line_1_14' title="bbox 84 1581 1089 1670; baseline -0.004 -14"><span class='ocrx_word' id='word_1_98' title='bbox 84 1588 204 1657; x_wconf 73' lang='grc' dir='ltr'><strong><em>ἐλθεῖν</em></strong></span> <span class='ocrx_word' id='word_1_99' title='bbox 223 1587 256 1667; x_wconf 89' lang='grc' dir='ltr'><strong><em>ἐς</em></strong></span> <span class='ocrx_word' id='word_1_100' title='bbox 269 1582 401 1670; x_wconf 78' lang='grc' dir='ltr'><strong><em>λόγους.</em></strong></span> <span class='ocrx_word' id='word_1_101' title='bbox 435 1584 623 1664; x_wconf 74' lang='grc' dir='ltr'><strong><em>ἐπακούσας</em></strong></span> <span class='ocrx_word' id='word_1_102' title='bbox 638 1584 675 1654; x_wconf 76' lang='grc' dir='ltr'><strong><em>δὲ</em></strong></span> <span class='ocrx_word' id='word_1_103' title='bbox 695 1581 713 1653; x_wconf 86' lang='grc' dir='ltr'>ὁ</span> <span class='ocrx_word' id='word_1_104' title='bbox 730 1583 945 1670; x_wconf 83' lang='grc' dir='ltr'><strong><em>Μαιάνδριος</em></strong></span> <span class='ocrx_word' id='word_1_105' title='bbox 960 1583 1089 1655; x_wconf 90' lang='grc' dir='ltr'><strong><em>λύσαν-</em></strong></span> 
     </span>
     <span class='ocr_line' id='line_1_15' title="bbox 83 1679 1089 1775; baseline -0.003 -20"><span class='ocrx_word' id='word_1_106' title='bbox 83 1712 145 1767; x_wconf 72' lang='grc' dir='ltr'><strong><em>τας,</em></strong></span> <span class='ocrx_word' id='word_1_107' title='bbox 168 1680 275 1753; x_wconf 86' lang='grc' dir='ltr'><strong><em>αύτδν</em></strong></span> <span class='ocrx_word' id='word_1_108' title='bbox 296 1684 428 1752; x_wconf 84' lang='grc' dir='ltr'><strong><em>ἐκέλευε</em></strong></span> <span class='ocrx_word' id='word_1_109' title='bbox 455 1679 553 1775; x_wconf 81' lang='grc' dir='ltr'><strong><em>ἀγειυ</em></strong></span> <span class='ocrx_word' id='word_1_110' title='bbox 577 1680 663 1772; x_wconf 56' lang='grc' dir='ltr'><strong><em>παρ*</em></strong></span> <span class='ocrx_word' id='word_1_111' title='bbox 684 1683 819 1752; x_wconf 79' lang='grc' dir='ltr'><strong><em>ἑωυτόν.</em></strong></span> <span class='ocrx_word' id='word_1_112' title='bbox 865 1680 910 1764; x_wconf 75' lang='grc' dir='ltr'><strong><em>ὥς</em></strong></span> <span class='ocrx_word' id='word_1_113' title='bbox 937 1682 974 1752; x_wconf 70' lang='grc' dir='ltr'><strong><em>δὲ</em></strong></span> <span class='ocrx_word' id='word_1_114' title='bbox 998 1680 1089 1773; x_wconf 80' lang='grc' dir='ltr'><strong><em>ἤχθη</em></strong></span> 
     </span>
     <span class='ocr_line' id='line_1_16' title="bbox 83 1778 1087 1873; baseline -0.005 -19"><span class='ocrx_word' id='word_1_115' title='bbox 83 1804 239 1873; x_wconf 78' lang='grc' dir='ltr'><strong><em>ταχιστα,</em></strong></span> <span class='ocrx_word' id='word_1_116' title='bbox 264 1783 446 1866; x_wconf 75' lang='grc' dir='ltr'><strong><em>λοιδορέων</em></strong></span> <span class='ocrx_word' id='word_1_117' title='bbox 468 1783 581 1851; x_wconf 81' lang='grc' dir='ltr'><strong><em>τεκαὶ</em></strong></span> <span class='ocrx_word' id='word_1_118' title='bbox 601 1787 746 1865; x_wconf 75' lang='grc' dir='ltr'><strong><em>κακίζων</em></strong></span> <span class='ocrx_word' id='word_1_119' title='bbox 760 1809 822 1869; x_wconf 90' lang='grc' dir='ltr'><strong><em>μιν</em></strong></span> <span class='ocrx_word' id='word_1_120' title='bbox 835 1778 994 1852; x_wconf 75' lang='grc' dir='ltr'><strong><em>ἀνέπειθε</em></strong></span> <span class='ocrx_word' id='word_1_121' title='bbox 1014 1783 1087 1850; x_wconf 80' lang='grc' dir='ltr'><strong><em>ἐπι-</em></strong></span> 
     </span>
     <span class='ocr_line' id='line_1_17' title="bbox 81 1873 1087 1974; baseline -0.01 -16"><span class='ocrx_word' id='word_1_122' title='bbox 81 1891 308 1957; x_wconf 82' lang='grc' dir='ltr'><strong><em>θέσθαιτοίσι</em></strong></span> <span class='ocrx_word' id='word_1_123' title='bbox 320 1881 487 1974; x_wconf 80' lang='grc' dir='ltr'><strong><em>Πέρσησι,</em></strong></span> <span class='ocrx_word' id='word_1_124' title='bbox 510 1885 619 1971; x_wconf 81' lang='grc' dir='ltr'><strong><em>λέγων</em></strong></span> <span class='ocrx_word' id='word_1_125' title='bbox 634 1883 764 1952; x_wconf 88' lang='grc' dir='ltr'><strong><em>τοιάδε·</em></strong></span> <span class='ocrx_word' id='word_1_126' title='bbox 791 1879 866 1970; x_wconf 81' lang='grc' dir='ltr'><strong><em>Ἐμέ</em></strong></span> <span class='ocrx_word' id='word_1_127' title='bbox 884 1879 962 1969; x_wconf 82' lang='grc' dir='ltr'><strong><em>μὲν,</em></strong></span> <span class='ocrx_word' id='word_1_128' title='bbox 986 1873 1087 1949; x_wconf 75' lang='grc' dir='ltr'><strong><em>ἀκά-</em></strong></span> 
     </span>
     <span class='ocr_line' id='line_1_18' title="bbox 82 1980 1086 2073; baseline -0.007 -16"><span class='ocrx_word' id='word_1_129' title='bbox 82 2008 177 2063; x_wconf 85' lang='grc' dir='ltr'><strong><em>κιστε</em></strong></span> <span class='ocrx_word' id='word_1_130' title='bbox 187 1981 340 2072; x_wconf 73' lang='grc' dir='ltr'><strong><em>ἀνδρῶν,</em></strong></span> <span class='ocrx_word' id='word_1_131' title='bbox 356 1983 454 2054; x_wconf 85' lang='grc' dir='ltr'><strong><em>ἐόντα</em></strong></span> <span class='ocrx_word' id='word_1_132' title='bbox 465 1991 616 2054; x_wconf 79' lang='grc' dir='ltr'><strong><em>σεωυτοῦ</em></strong></span> <span class='ocrx_word' id='word_1_133' title='bbox 630 1981 796 2071; x_wconf 83' lang='grc' dir='ltr'><strong><em>ἀδελφεόν</em></strong></span> <span class='ocrx_word' id='word_1_134' title='bbox 810 1985 866 2053; x_wconf 78' lang='grc' dir='ltr'><strong><em>καὶ</em></strong></span> <span class='ocrx_word' id='word_1_135' title='bbox 882 1980 1086 2073; x_wconf 64' lang='grc' dir='ltr'><strong><em>ἀδικήσαντα</em></strong></span> 
     </span>
     <span class='ocr_line' id='line_1_19' title="bbox 82 2078 1086 2172; baseline -0.007 -16"><span class='ocrx_word' id='word_1_136' title='bbox 82 2083 188 2156; x_wconf 76' lang='grc' dir='ltr'><strong><em>οὐδὲν</em></strong></span> <span class='ocrx_word' id='word_1_137' title='bbox 220 2080 316 2164; x_wconf 83' lang='grc' dir='ltr'><strong><em>ἀξιον</em></strong></span> <span class='ocrx_word' id='word_1_138' title='bbox 338 2087 469 2171; x_wconf 66' lang='grc' dir='ltr'><strong><em>δεσμοῦ·</em></strong></span> <span class='ocrx_word' id='word_1_139' title='bbox 485 2083 594 2172; x_wconf 82' lang='grc' dir='ltr'><strong><em>δήσας</em></strong></span> <span class='ocrx_word' id='word_1_140' title='bbox 610 2083 780 2172; x_wconf 80' lang='grc' dir='ltr'><strong><em>γοργύρης</em></strong></span> <span class='ocrx_word' id='word_1_141' title='bbox 797 2078 956 2171; x_wconf 75' lang='grc' dir='ltr'><strong><em>ἠξίωσας,</em></strong></span> <span class='ocrx_word' id='word_1_142' title='bbox 977 2078 1086 2170; x_wconf 82' lang='grc' dir='ltr'><strong><em>ὁρέων</em></strong></span> 
     </span>
     <span class='ocr_line' id='line_1_20' title="bbox 82 2181 1087 2272; baseline -0.007 -15"><span class='ocrx_word' id='word_1_143' title='bbox 82 2187 117 2257; x_wconf 73' lang='grc' dir='ltr'><strong><em>δὲ</em></strong></span> <span class='ocrx_word' id='word_1_144' title='bbox 131 2181 216 2264; x_wconf 83' lang='grc' dir='ltr'><strong><em>τούς</em></strong></span> <span class='ocrx_word' id='word_1_145' title='bbox 227 2183 359 2269; x_wconf 78' lang='grc' dir='ltr'><strong><em>Πέρσας</em></strong></span> <span class='ocrx_word' id='word_1_146' title='bbox 376 2183 602 2272; x_wconf 73' lang='grc' dir='ltr'><strong><em>ἐκβάλλοντάς</em></strong></span> <span class='ocrx_word' id='word_1_147' title='bbox 618 2185 655 2254; x_wconf 76' lang='grc' dir='ltr'><strong><em>κε’</em></strong></span> <span class='ocrx_word' id='word_1_148' title='bbox 672 2204 713 2252; x_wconf 88' lang='grc' dir='ltr'><strong><em>σε</em></strong></span> <span class='ocrx_word' id='word_1_149' title='bbox 727 2186 785 2252; x_wconf 77' lang='grc' dir='ltr'><strong><em>καί</em></strong></span> <span class='ocrx_word' id='word_1_150' title='bbox 798 2181 937 2251; x_wconf 79' lang='grc' dir='ltr'><strong><em>ἄνοικον</em></strong></span> <span class='ocrx_word' id='word_1_151' title='bbox 946 2188 1087 2251; x_wconf 86' lang='grc' dir='ltr'><strong><em>ποιεύν-</em></strong></span> 
     </span>
     <span class='ocr_line' id='line_1_21' title="bbox 81 2277 1087 2376; baseline -0.005 -18"><span class='ocrx_word' id='word_1_152' title='bbox 81 2315 139 2368; x_wconf 88' lang='grc' dir='ltr'><strong><em>τας</em></strong></span> <span class='ocrx_word' id='word_1_153' title='bbox 161 2285 208 2355; x_wconf 89' lang='grc' dir='ltr'><strong><em>ού</em></strong></span> <span class='ocrx_word' id='word_1_154' title='bbox 225 2292 349 2376; x_wconf 76' lang='grc' dir='ltr'><strong><em>τολμᾷς</em></strong></span> <span class='ocrx_word' id='word_1_155' title='bbox 369 2292 542 2374; x_wconf 78' lang='grc' dir='ltr'><strong><em>τίσασθαι,</em></strong></span> <span class='ocrx_word' id='word_1_156' title='bbox 565 2285 654 2355; x_wconf 80' lang='grc' dir='ltr'><strong><em>οὕτω</em></strong></span> <span class='ocrx_word' id='word_1_157' title='bbox 677 2277 721 2368; x_wconf 77' lang='grc' dir='ltr'><strong><em>δή</em></strong></span> <span class='ocrx_word' id='word_1_158' title='bbox 739 2311 774 2354; x_wconf 85' lang='grc' dir='ltr'><strong><em>τι</em></strong></span> <span class='ocrx_word' id='word_1_159' title='bbox 793 2283 908 2365; x_wconf 86' lang='grc' dir='ltr'><strong><em>ἐόντας</em></strong></span> <span class='ocrx_word' id='word_1_160' title='bbox 930 2282 1087 2364; x_wconf 81' lang='grc' dir='ltr'><strong><em>εύπετὲας</em></strong></span> 
     </span>
     <span class='ocr_line' id='line_1_22' title="bbox 81 2382 1086 2475; baseline -0.005 -18"><span class='ocrx_word' id='word_1_161' title='bbox 81 2392 304 2475; x_wconf 72' lang='grc' dir='ltr'><strong><em>χειρωθῆναις</em></strong></span> <span class='ocrx_word' id='word_1_162' title='bbox 326 2382 403 2461; x_wconf 72' lang='grc' dir='ltr'><strong><em>ἀλλ’</em></strong></span> <span class='ocrx_word' id='word_1_163' title='bbox 426 2395 461 2455; x_wconf 79' lang='grc' dir='ltr'><strong><em>εί</em></strong></span> <span class='ocrx_word' id='word_1_164' title='bbox 477 2412 508 2454; x_wconf 89' lang='grc' dir='ltr'><strong><em>τι</em></strong></span> <span class='ocrx_word' id='word_1_165' title='bbox 529 2385 573 2454; x_wconf 92' lang='grc' dir='ltr'><strong><em>σύ</em></strong></span> <span class='ocrx_word' id='word_1_166' title='bbox 594 2406 699 2473; x_wconf 79' lang='grc' dir='ltr'><strong><em>σφεας</em></strong></span> <span class='ocrx_word' id='word_1_167' title='bbox 716 2383 993 2472; x_wconf 73' lang='grc' dir='ltr'><strong><em>καταρρώδηκας,</em></strong></span> <span class='ocrx_word' id='word_1_168' title='bbox 1014 2385 1086 2473; x_wconf 78' lang='grc' dir='ltr'><strong><em>ἐμοὶ</em></strong></span> 
     </span>
     <span class='ocr_line' id='line_1_23' title="bbox 82 2481 1085 2573; baseline -0.005 -18"><span class='ocrx_word' id='word_1_169' title='bbox 82 2484 139 2565; x_wconf 84' lang='grc' dir='ltr'><strong><em>δός</em></strong></span> <span class='ocrx_word' id='word_1_170' title='bbox 153 2481 237 2563; x_wconf 86' lang='grc' dir='ltr'><strong><em>τούς</em></strong></span> <span class='ocrx_word' id='word_1_171' title='bbox 253 2484 473 2573; x_wconf 84' lang='grc' dir='ltr'><strong><em>ἐπικούρους,</em></strong></span> <span class='ocrx_word' id='word_1_172' title='bbox 502 2491 561 2553; x_wconf 87' lang='grc' dir='ltr'><strong><em>καί</em></strong></span> <span class='ocrx_word' id='word_1_173' title='bbox 578 2503 682 2573; x_wconf 83' lang='grc' dir='ltr'><strong><em>σφεας</em></strong></span> <span class='ocrx_word' id='word_1_174' title='bbox 701 2482 765 2572; x_wconf 72' lang='grc' dir='ltr'><strong><em>ἐγώ</em></strong></span> <span class='ocrx_word' id='word_1_175' title='bbox 782 2483 1011 2572; x_wconf 80' lang='grc' dir='ltr'><strong><em>τιμωρήσομαι</em></strong></span> <span class='ocrx_word' id='word_1_176' title='bbox 1026 2488 1085 2570; x_wconf 80' lang='grc' dir='ltr'><strong><em>τῆς</em></strong></span> 
     </span>
     <span class='ocr_line' id='line_1_24' title="bbox 83 2577 1084 2672; baseline 0.001 -22"><span class='ocrx_word' id='word_1_177' title='bbox 83 2583 209 2652; x_wconf 88' lang='grc' dir='ltr'><strong><em>ἐνθάδε</em></strong></span> <span class='ocrx_word' id='word_1_178' title='bbox 224 2577 368 2662; x_wconf 71' lang='grc' dir='ltr'><strong><em>ἀπίξιος·</em></strong></span> <span class='ocrx_word' id='word_1_179' title='bbox 412 2579 517 2651; x_wconf 76' lang='grc' dir='ltr'><strong><em>αὐτόν</em></strong></span> <span class='ocrx_word' id='word_1_180' title='bbox 534 2583 573 2653; x_wconf 83' lang='grc' dir='ltr'><strong><em>δέ</em></strong></span> <span class='ocrx_word' id='word_1_181' title='bbox 591 2605 631 2652; x_wconf 91' lang='grc' dir='ltr'><strong><em>σε</em></strong></span> <span class='ocrx_word' id='word_1_182' title='bbox 652 2584 816 2671; x_wconf 72' lang='grc' dir='ltr'><strong><em>ἐκπέμψαι</em></strong></span> <span class='ocrx_word' id='word_1_183' title='bbox 836 2586 873 2653; x_wconf 87' lang='grc' dir='ltr'><strong><em>ἐκ</em></strong></span> <span class='ocrx_word' id='word_1_184' title='bbox 893 2590 951 2672; x_wconf 79' lang='grc' dir='ltr'><strong><em>τῆς</em></strong></span> <span class='ocrx_word' id='word_1_185' title='bbox 976 2581 1084 2672; x_wconf 81' lang='grc' dir='ltr'><strong><em>κη’σου</em></strong></span> 
     </span>
     <span class='ocr_line' id='line_1_25' title="bbox 83 2681 1152 2772; baseline -0.001 -20"><span class='ocrx_word' id='word_1_186' title='bbox 83 2682 214 2770; x_wconf 81' lang='grc' dir='ltr'><strong><em>εἰολμός</em></strong></span> <span class='ocrx_word' id='word_1_187' title='bbox 235 2687 311 2769; x_wconf 86' lang='grc' dir='ltr'><strong><em>είμι.</em></strong></span> <span class='ocrx_word' id='word_1_188' title='bbox 358 2689 478 2752; x_wconf 86' lang='grc' dir='ltr'><strong><em>Ταύτα</em></strong></span> <span class='ocrx_word' id='word_1_189' title='bbox 493 2689 582 2766; x_wconf 80' lang='grc' dir='ltr'><strong><em>ἔλεξε</em></strong></span> <span class='ocrx_word' id='word_1_190' title='bbox 603 2681 622 2754; x_wconf 84' lang='grc' dir='ltr'>ὁ</span> <span class='ocrx_word' id='word_1_191' title='bbox 643 2692 830 2772; x_wconf 80' lang='grc' dir='ltr'><strong><em>Χαρίλεως·</em></strong></span> <span class='ocrx_word' id='word_1_192' title='bbox 872 2685 1085 2770; x_wconf 89' lang='grc' dir='ltr'><strong><em>Μαιάνδριος</em></strong></span> <span class='ocrx_word' id='word_1_193' title='bbox 1102 2705 1152 2767; x_wconf 62' lang='grc' dir='ltr'><strong><em>γης</em></strong></span> 
     </span>
     <span class='ocr_line' id='line_1_26' title="bbox 84 2778 1083 2872; baseline 0.005 -23"><span class='ocrx_word' id='word_1_194' title='bbox 84 2782 118 2851; x_wconf 71' lang='grc' dir='ltr'><strong><em>δὲ</em></strong></span> <span class='ocrx_word' id='word_1_195' title='bbox 134 2779 285 2867; x_wconf 79' lang='grc' dir='ltr'><strong><em>ὑπέλαβε</em></strong></span> <span class='ocrx_word' id='word_1_196' title='bbox 302 2778 363 2849; x_wconf 87' lang='grc' dir='ltr'><strong><em>τόν</em></strong></span> <span class='ocrx_word' id='word_1_197' title='bbox 382 2781 503 2869; x_wconf 90' lang='grc' dir='ltr'><strong><em>λόγου,</em></strong></span> <span class='ocrx_word' id='word_1_198' title='bbox 523 2781 568 2863; x_wconf 79' lang='grc' dir='ltr'><strong><em>ὡς</em></strong></span> <span class='ocrx_word' id='word_1_199' title='bbox 579 2782 642 2870; x_wconf 71' lang='grc' dir='ltr'><strong><em>μὲν</em></strong></span> <span class='ocrx_word' id='word_1_200' title='bbox 656 2780 720 2872; x_wconf 73' lang='grc' dir='ltr'><strong><em>ἐγώ</em></strong></span> <span class='ocrx_word' id='word_1_201' title='bbox 732 2787 848 2871; x_wconf 85' lang='grc' dir='ltr'><strong><em>δοκέω,</em></strong></span> <span class='ocrx_word' id='word_1_202' title='bbox 867 2780 928 2854; x_wconf 87' lang='grc' dir='ltr'><strong><em>ούκ</em></strong></span> <span class='ocrx_word' id='word_1_203' title='bbox 942 2788 975 2866; x_wconf 89' lang='grc' dir='ltr'><strong><em>ἐς</em></strong></span> <span class='ocrx_word' id='word_1_204' title='bbox 985 2790 1083 2854; x_wconf 79' lang='grc' dir='ltr'><strong><em>τοῦτο</em></strong></span> 
     </span>
     <span class='ocr_line' id='line_1_27' title="bbox 80 2878 1083 2972; baseline 0.004 -22"><span class='ocrx_word' id='word_1_205' title='bbox 80 2879 281 2968; x_wconf 80' lang='grc' dir='ltr'><strong><em>ἀφροσύνης</em></strong></span> <span class='ocrx_word' id='word_1_206' title='bbox 304 2878 510 2969; x_wconf 90' lang='grc' dir='ltr'><strong><em>ἀπικόμενος</em></strong></span> <span class='ocrx_word' id='word_1_207' title='bbox 532 2880 576 2965; x_wconf 84' lang='grc' dir='ltr'><strong><em>άς</em></strong></span> <span class='ocrx_word' id='word_1_208' title='bbox 594 2884 689 2964; x_wconf 81' lang='grc' dir='ltr'><strong><em>δόξαι</em></strong></span> <span class='ocrx_word' id='word_1_209' title='bbox 710 2879 773 2972; x_wconf 73' lang='grc' dir='ltr'><strong><em>τὴν</em></strong></span> <span class='ocrx_word' id='word_1_210' title='bbox 795 2883 922 2952; x_wconf 76' lang='grc' dir='ltr'><strong><em>ἑωυτοῦ</em></strong></span> <span class='ocrx_word' id='word_1_211' title='bbox 937 2883 1083 2972; x_wconf 88' lang='grc' dir='ltr'><strong><em>δύναμιν</em></strong></span> 
     </span>
     <span class='ocr_line' id='line_1_28' title="bbox 80 2978 1083 3071; baseline 0.003 -22"><span class='ocrx_word' id='word_1_212' title='bbox 80 2981 300 3067; x_wconf 79' lang='grc' dir='ltr'><strong><em>περιέσεσθαι</em></strong></span> <span class='ocrx_word' id='word_1_213' title='bbox 320 2988 379 3069; x_wconf 82' lang='grc' dir='ltr'><strong><em>τῆς</em></strong></span> <span class='ocrx_word' id='word_1_214' title='bbox 393 2980 564 3069; x_wconf 72' lang='grc' dir='ltr'><strong><em>βασιλέος,</em></strong></span> <span class='ocrx_word' id='word_1_215' title='bbox 583 2978 668 3051; x_wconf 88' lang='grc' dir='ltr'><strong><em>ἀλλά</em></strong></span> <span class='ocrx_word' id='word_1_216' title='bbox 679 2981 859 3071; x_wconf 79' lang='grc' dir='ltr'><strong><em>φθονήσας</em></strong></span> <span class='ocrx_word' id='word_1_217' title='bbox 866 2989 995 3070; x_wconf 81' lang='grc' dir='ltr'><strong><em>μᾶλλον</em></strong></span> <span class='ocrx_word' id='word_1_218' title='bbox 1009 2991 1083 3053; x_wconf 87' lang='grc' dir='ltr'><strong><em>Συ-</em></strong></span> 
     </span>
     <span class='ocr_line' id='line_1_29' title="bbox 80 3074 1082 3170; baseline 0.001 -21"><span class='ocrx_word' id='word_1_219' title='bbox 80 3085 241 3164; x_wconf 78' lang='grc' dir='ltr'><strong><em>λοσῶντι,</em></strong></span> <span class='ocrx_word' id='word_1_220' title='bbox 274 3084 309 3148; x_wconf 79' lang='grc' dir='ltr'><strong><em>εί</em></strong></span> <span class='ocrx_word' id='word_1_221' title='bbox 327 3074 468 3166; x_wconf 79' lang='grc' dir='ltr'><strong><em>ἀπονητί</em></strong></span> <span class='ocrx_word' id='word_1_222' title='bbox 496 3085 611 3166; x_wconf 82' lang='grc' dir='ltr'><strong><em>ἔμελλε</em></strong></span> <span class='ocrx_word' id='word_1_223' title='bbox 638 3078 897 3170; x_wconf 72' lang='grc' dir='ltr'><strong><em>ἀπολάμψεσθαι</em></strong></span> <span class='ocrx_word' id='word_1_224' title='bbox 923 3077 1082 3170; x_wconf 81' lang='grc' dir='ltr'><strong><em>ἀκέραιον</em></strong></span> 
     </span>
     <span class='ocr_line' id='line_1_30' title="bbox 79 3171 1082 3270; baseline -0.001 -22"><span class='ocrx_word' id='word_1_225' title='bbox 79 3206 141 3268; x_wconf 86' lang='grc' dir='ltr'><strong><em>την</em></strong></span> <span class='ocrx_word' id='word_1_226' title='bbox 155 3176 267 3252; x_wconf 87' lang='grc' dir='ltr'><strong><em>πόλιν.</em></strong></span> <span class='ocrx_word' id='word_1_227' title='bbox 313 3171 519 3264; x_wconf 79' lang='grc' dir='ltr'><strong><em>ἐρεθίσας</em></strong></span> <span class='ocrx_word' id='word_1_228' title='bbox 490 3206 540 3248; x_wconf 88' lang='grc' dir='ltr'><strong><em>ων</em></strong></span> <span class='ocrx_word' id='word_1_229' title='bbox 558 3177 640 3261; x_wconf 89' lang='grc' dir='ltr'><strong><em>τούς</em></strong></span> <span class='ocrx_word' id='word_1_230' title='bbox 651 3181 785 3267; x_wconf 80' lang='grc' dir='ltr'><strong><em>Πέρσας</em></strong></span> <span class='ocrx_word' id='word_1_231' title='bbox 800 3177 937 3270; x_wconf 67' lang='grc' dir='ltr'><strong><em>ἤθελε’</em></strong></span> <span class='ocrx_word' id='word_1_232' title='bbox 915 3208 959 3261; x_wconf 85' lang='grc' dir='ltr'><strong><em>ως</em></strong></span> <span class='ocrx_word' id='word_1_233' title='bbox 976 3178 1082 3249; x_wconf 85' lang='grc' dir='ltr'><strong><em>ἀσθε-</em></strong></span> 
     </span>
     <span class='ocr_line' id='line_1_31' title="bbox 76 3275 1082 3369; baseline -0.004 -22"><span class='ocrx_word' id='word_1_234' title='bbox 76 3277 222 3347; x_wconf 83' lang='grc' dir='ltr'><strong><em>νέστατα</em></strong></span> <span class='ocrx_word' id='word_1_235' title='bbox 243 3283 384 3365; x_wconf 86' lang='grc' dir='ltr'><strong><em>ποιησαι</em></strong></span> <span class='ocrx_word' id='word_1_236' title='bbox 402 3305 443 3347; x_wconf 87' lang='grc' dir='ltr'><strong><em>τα</em></strong></span> <span class='ocrx_word' id='word_1_237' title='bbox 432 3275 571 3366; x_wconf 87' lang='grc' dir='ltr'><strong><em>Σάμια</em></strong></span> <span class='ocrx_word' id='word_1_238' title='bbox 595 3281 771 3369; x_wconf 84' lang='grc' dir='ltr'><strong><em>πρήγματα</em></strong></span> <span class='ocrx_word' id='word_1_239' title='bbox 792 3279 905 3350; x_wconf 78' lang='grc' dir='ltr'><strong><em>καλ“</em></strong></span> <span class='ocrx_word' id='word_1_240' title='bbox 862 3305 951 3349; x_wconf 86' lang='grc' dir='ltr'><strong><em>ουτω</em></strong></span> <span class='ocrx_word' id='word_1_241' title='bbox 971 3301 1082 3360; x_wconf 90' lang='grc' dir='ltr'><strong><em>παρα-</em></strong></span> 
     </span>
     <span class='ocr_line' id='line_1_32' title="bbox 73 3367 1080 3465; baseline -0.003 -18"><span class='ocrx_word' id='word_1_242' title='bbox 73 3375 229 3464; x_wconf 82' lang='grc' dir='ltr'><strong><em>διδόναι,</em></strong></span> <span class='ocrx_word' id='word_1_243' title='bbox 265 3367 307 3443; x_wconf 81' lang='grc' dir='ltr'><strong><em>εδ</em></strong></span> <span class='ocrx_word' id='word_1_244' title='bbox 333 3376 661 3465; x_wconf 81' lang='grc' dir='ltr'><strong><em>ἐξεπιστάμενος,</em></strong></span> <span class='ocrx_word' id='word_1_245' title='bbox 637 3406 682 3459; x_wconf 90' lang='grc' dir='ltr'><strong><em>ως</em></strong></span> <span class='ocrx_word' id='word_1_246' title='bbox 707 3378 875 3459; x_wconf 87' lang='grc' dir='ltr'><strong><em>παθόντες</em></strong></span> <span class='ocrx_word' id='word_1_247' title='bbox 896 3380 931 3445; x_wconf 91' lang='grc' dir='ltr'><strong><em>οί</em></strong></span> <span class='ocrx_word' id='word_1_248' title='bbox 951 3372 1080 3457; x_wconf 83' lang='grc' dir='ltr'><strong><em>Περσαι</em></strong></span> 
     </span>
     <span class='ocr_line' id='line_1_33' title="bbox 71 3478 1078 3567; baseline -0.006 -20"><span class='ocrx_word' id='word_1_249' title='bbox 71 3501 189 3556; x_wconf 87' lang='grc' dir='ltr'><strong><em>κακως</em></strong></span> <span class='ocrx_word' id='word_1_250' title='bbox 223 3478 600 3567; x_wconf 76' lang='grc' dir='ltr'><strong><em>προσεμπικρανέεσθαι</em></strong></span> <span class='ocrx_word' id='word_1_251' title='bbox 627 3482 770 3565; x_wconf 86' lang='grc' dir='ltr'><strong><em>ἐμελλον</em></strong></span> <span class='ocrx_word' id='word_1_252' title='bbox 793 3489 880 3546; x_wconf 73' lang='grc' dir='ltr'><strong><em>τοῖσι</em></strong></span> <span class='ocrx_word' id='word_1_253' title='bbox 910 3478 1078 3561; x_wconf 86' lang='grc' dir='ltr'><strong><em>Σαμίοισι,</em></strong></span> 
     </span>
    </p>
   </div>
   <div class='ocr_carea' id='block_1_3' title="bbox 0 0 1308 3930">
    <p class='ocr_par' dir='ltr' id='par_1_3' title="bbox 0 0 1308 3930">
     <span class='ocr_line' id='line_1_34' title="bbox 0 0 1308 3930; baseline 0 3"><span class='ocrx_word' id='word_1_254' title='bbox 0 0 1308 3930; x_wconf 95' lang='lat' dir='ltr'><strong><em> </em></strong></span> 
     </span>
    </p>
   </div>
  </div>
 </body>
</html>
