2622 3928
440 699 799 797 1111111111).

158 896 271 1018 ldibriv
288 953 310 990 c.
332 936 348 987 3
365 952 413 1003 pro
430 931 472 1001 μή
489 951 553 987 κοτε
571 928 715 1002 ἐγγένηται
733 933 834 987 Schaei.
852 950 913 1055 apg
933 937 970 1016 ed!
985 935 1057 985 Deru.
1078 937 1099 985 11
1113 954 1140 1002 p,

87 1003 139 1055 ⁸21
156 1017 190 1053 ου
208 1019 246 1069 μη
271 1007 416 1071 suspicatus
441 1013 488 1056 est.
526 1008 599 1067 Quod
618 1007 720 1057 MKPFb
745 1005 866 1055 exhibent
900 1020 916 1053 ν
940 1019 1068 1068 γενηται,
1092 1020 1141 1056 non

86 1080 155 1124 recte
175 1075 294 1140 probasse
313 1083 415 1125 auctore
432 1075 568 1126 Matthieeo
581 1076 712 1137 Bibrium‚
732 1074 842 1126 ostendit
854 1074 923 1137 quod
937 1075 1067 1139 praecedit
1081 1074 1140 1138 σφί.

87 1143 169 1192 Fluxit
187 1144 230 1194 ilio
248 1145 375 1211 scripture
393 1161 426 1195 ex
446 1144 525 1207 libro,
548 1161 595 1211 pcr
611 1145 805 1211 grammaticum
825 1145 950 1207 quendem
967 1153 1089 1200 correcto.
1106 1171 1139 1181 -—

86 1229 108 1264 c.
122 1216 149 1266 4.
162 1213 283 1272 Quamvis
300 1204 470 1278 α’νηγεῐοθαι
488 1216 617 1280 poiticum
632 1216 666 1265 sit
682 1214 768 1281 (Pind.
785 1214 857 1268 Nem.
871 1212 905 1274 X,
915 1209 972 1276 35),
990 1221 1074 1265 tamen
1091 1229 1141 1264 non

87 1282 168 1332 audeo
187 1291 274 1333 contra
290 1298 378 1334 omues
396 1283 476 1335 libros
493 1300 551 1334 curn
573 1284 652 1339 Bekk.
676 1294 701 1334 et
723 1282 853 1334 Dindorflo
872 1273 1060 1347 ἀνηγεόμενοι
1078 1284 1141 1333 sori·

87 1353 155 1406 berc.
175 1379 210 1390 -
237 1368 260 1402 c.
277 1353 303 1405 6.
326 1347 405 1414 ζσίειν
429 1368 476 1419 pro
497 1350 562 1418 ζῆν,
587 1354 656 1417 quod
672 1369 758 1403 omues
777 1353 835 1401 libri
852 1361 949 1413 tenent,
965 1353 1055 1417 scripsi
1074 1366 1140 1401 auct.

86 1420 160 1476 Bred.
180 1437 206 1486 p.
226 1422 285 1476 170.
302 1449 336 1460 -
364 1439 387 1477 o.
407 1422 433 1476 9.
459 1414 490 1471 oi
510 1422 577 1473 maie
603 1439 652 1473 om.
677 1420 794 1473 SVFabc.
831 1422 881 1472 Pro
900 1421 1010 1472 absurdo
1025 1410 1140 1486 ἄπειρος

87 1505 144 1538 cum
163 1490 241 1541 Beki.
262 1493 354 1557 scripsi
368 1485 485 1558 ἄπορος.
521 1494 609 1557 Verba
620 1492 708 1542 ultima
718 1483 849 1556 σιγύννας
860 1518 893 1527 --
902 1482 936 1539 τοὶ
948 1484 1054 1553 δόρατα
1065 1490 1137 1540 Wcs.

86 1560 141 1625 aei,
159 1559 259 1621 Vulci„
275 1561 366 1612 Lcrch.
385 1577 435 1612 non
452 1564 526 1613 iustis
544 1563 576 1612 de
590 1563 690 1612 caussis
703 1563 736 1613 eb
753 1560 917 1629 grammatico
931 1562 1041 1623 quodam
1054 1570 1139 1610 assuto

87 1630 203 1680 videntur
218 1631 356 1681 iudicasse.
365 1658 400 1670 -
411 1649 433 1683 c.
447 1633 486 1684 lo.
501 1631 605 1682 Cautius
617 1633 763 1683 existimavi
775 1624 920 1694 κατέχουσι
938 1631 1050 1689 retineri,
1064 1644 1140 1692 quem

86 1716 144 1748 cum
165 1714 215 1749 uno
241 1698 258 1749 S
284 1702 362 1767 scribi
391 1699 555 1766 κατέχουσαν
572 1691 607 1751 τοὶ
631 1696 721 1766 κε’ρην
738 1698 788 1749 τοῦ
801 1689 912 1764 Ἰστρου
928 1692 990 1751 είσί.
1010 1725 1043 1736 -
1064 1714 1086 1761 ο.
1107 1699 1140 1749 12

85 1760 177 1818 Λύδια
190 1770 282 1819 rectius
299 1771 376 1819 scribi
391 1786 467 1834 quem
486 1787 545 1821 cum
564 1770 606 1821 SV
623 1766 742 1834 Acriauci,
761 1770 871 1820 ostendit
888 1769 961 1818 Bred.
980 1782 1006 1832 p.
1029 1766 1087 1818 179.
1105 1793 1139 1803 —

86 1854 108 1892 c.
130 1837 172 1889 18.
191 1828 239 1886 int
261 1834 351 1899 ξείνια
370 1840 481 1891 Wessel.
499 1841 560 1894 Vid.
580 1840 656 1894 Bred.
673 1856 699 1905 p.
722 1840 779 1891 150.
813 1839 884 1888 Libri
908 1833 998 1903 ξεινίᾳ
1021 1836 1063 1886 vei
1087 1833 1139 1896 ξει-

87 1904 135 1956 υία
153 1905 193 1957 vel
212 1903 326 1968 ξεινίας,
349 1935 384 1948 -
408 1926 431 1965 o,
452 1911 494 1961 21,
513 1907 551 1976 τῷ
568 1907 710 1977 στρατηγῷ
727 1908 816 1958 Valck.
847 1906 931 1970 Vulgo
950 1903 1005 1954 cciv
1024 1918 1140 1967 στρατη·

85 1974 149 2040 γῶν.
168 2002 204 2012 -
216 1992 238 2029 c.
258 1979 301 2032 22.
320 1968 385 2035 τούς
402 1987 460 2045 post
475 1969 590 2036 τούτους
607 1979 672 2028 mele
690 1994 741 2029 orn.
753 1977 805 2031 SV.
816 2006 849 2017 -
864 1991 886 2028 c.
904 1973 948 2027 23.
968 1969 999 2024 δέ
1016 1982 1075 2038 post
1088 1988 1140 2038 μα-

85 2037 149 2094 θοίν
163 2054 230 2096 recte
247 2062 297 2096 om.
314 2046 383 2106 SPF3
402 2060 455 2099 tum
466 2039 655 2112 ἐγκτίσασθαι
669 2046 749 2107 SVac,
764 2037 946 2110 ἐγκτίσασθαι
965 2045 998 2097 ei.
1013 2069 1047 2080 -—
1059 2059 1081 2091 c.
1093 2045 1137 2093 27.

86 2115 210 2175 Quoniam
227 2117 305 2166 verbe
321 2111 397 2181 αίτίη
415 2111 446 2167 oi
461 2108 560 2166 τούτου
578 2109 631 2182 ἥδε
649 2117 766 2167 liberiore
784 2116 860 2165 modo
874 2122 933 2179 post
951 2113 1084 2177 complure
1100 2112 1138 2160 iu·

85 2186 209 2249 terposita
223 2184 367 2236 referuntur
391 2188 424 2237 ed
441 2188 592 2254 populorum
612 2187 715 2238 illorum
737 2186 930 2241 subiectionem,
953 2181 1067 2238 inerunt,
1096 2184 1138 2263 oui

84 2262 127 2303 aut
143 2254 270 2304 excidisse
288 2256 385 2318 aliquid
403 2263 529 2322 putarent,
546 2266 575 2306 ut
592 2256 691 2315 Volci„
709 2263 753 2305 eut
767 2254 922 2304 Herodotum
939 2251 1016 2300 verba
1033 2241 1074 2300 Oi
1088 2263 1139 2313 μιν

85 2314 120 2386 δὴ
137 2351 171 2359 -
189 2322 300 2393 τελευτᾷ
317 2340 376 2374 cum
393 2341 467 2376 omne
485 2342 550 2392 opus
568 2342 643 2377 auum
660 2327 793 2390 relegeret,
808 2323 934 2373 adiecisse
951 2321 1036 2384 itaque
1054 2321 1138 2384 ipsum

85 2393 221 2442 orationem
242 2395 403 2445 conturbasse
421 2394 559 2457 crederent,
579 2404 605 2445 ut
624 2394 722 2446 Schwei
741 2394 776 2452 h.‚
795 2391 885 2450 Gaias„
903 2390 979 2444 sschr.
999 2390 1137 2450 Utrumque

85 2461 205 2511 refutavit
223 2463 284 2518 Eltz.
303 2479 329 2529 p.
346 2462 406 2517 330.
443 2465 584 2515 Articulum
606 2474 663 2515 onte
680 2410 895 2517 ciccil’acc‘is'oc
912 2460 978 2510 male
1002 2475 1051 2512 orn.
1072 2458 1135 2511 Pro.

85 2557 118 2567 --
137 2547 157 2582 c.
177 2529 220 2581 28.
237 2531 314 2581 Recte
333 2533 463 2584 Reisiium
480 2549 526 2599 pro
538 2523 626 2592 σ’ἱνεως
643 2534 683 2584 σε1
698 2524 788 2594 ἄνους,
806 2532 875 2596 quod
894 2531 920 2580 iu
939 2528 1009 2579 libris
1023 2536 1069 2593 est,
1083 2543 1138 2577 cor·

85 2589 308 2660 renascereris,
328 2617 415 2653 omnes
432 2603 624 2663 intellexerunt;
650 2611 675 2653 et
693 2602 797 2655 difficile
824 2601 857 2651 ed
880 2599 1071 2650 diiudicandum
1091 2610 1137 2662 est,

84 2677 169 2719 utrum
187 2669 213 2718 in
236 2677 300 2719 extr.
323 2686 380 2736 cap.
406 2673 499 2721 rectius
523 2688 579 2722 cum
596 2671 677 2722 SVPF
695 2661 725 2721 ἔκ
743 2662 856 2720 πάντων
869 2659 1009 2730 Ἑλλήνων
1027 2681 1060 2714 an
1079 2680 1136 2713 cum

86 2729 290 2802 νο13.ττα’ντων
313 2737 368 2787 ταῖν
389 2730 529 2804 Ἑλλήνων
551 2742 682 2792 scribetur.
702 2771 734 2780 -
763 2758 785 2790 c.
804 2739 847 2792 29.
869 2731 899 2786 ἐν
918 2727 1085 2800 ἀνεστηκυίῃ
1103 2734 1136 2798 τῂ

84 2796 161 2872 χαίρῃ
179 2807 266 2861 Reisk.
287 2815 311 2857 et
330 2809 469 2871 Abreschs,
491 2801 521 2859 ἐν
544 2826 595 2863 om.
622 2825 709 2860 omnes
730 2810 789 2860 edd.
810 2817 834 2858 et
851 2806 926 2860 codd.
964 2805 1066 2854 Rectius
1086 2801 1137 2852 ior-

84 2885 154 2925 taesc
173 2877 326 2941 corrigetur:
342 2868 525 2944 σῖνεστηκυίης
543 2876 592 2944 τῆς
610 2870 711 2945 χώρης.
723 2906 758 2916 -
774 2895 796 2932 ο.
813 2877 855 2929 34.
873 2871 921 2925 καὶ
939 2876 1002 2923 σῖτα
1019 2868 1067 2922 καὶ
1086 2885 1137 2919 κο-

83 2935 118 2991 τά
132 2939 181 2994 καί
196 2935 226 2994 τὸ
245 2946 335 3010 τεῖχος
353 2937 487 3009 ἐσάξαντο
505 2949 586 3009 sera,
604 2944 652 2998 καὶ
667 2950 757 3014 τεῖχος
776 2947 835 2997 ald.
854 2954 878 2996 et
897 2946 955 3000 edd.
976 2959 1046 3006 seqq.
1067 2941 1136 3001 Quae

84 3014 127 3075 qui
145 3014 320 3077 defenderunt,
339 3018 373 3066 ite
392 3020 557 3084 explicarunt,
573 3028 600 3067 ut
617 3013 665 3068 καί
684 3021 746 3068 σῖτα
763 3011 812 3066 καί
830 3006 904 3064 ποτά
920 3029 977 3065 cum
986 3023 1137 3077 παρεσκευ-

83 3078 189 3133 σίσαυτο
204 3086 392 3152 coniungerent,
412 3097 436 3137 et
453 3077 585 3148 ἐσάξαντο
602 3086 648 3153 (ab
657 3081 765 3138 σάττειν
774 3085 889 3146 ductum)
907 3084 975 3133 idern
988 3098 1044 3133 esse
1061 3087 1137 3142 atque

84 3144 241 3215 ἐφράξαντο
260 3154 380 3221 dicerent,
397 3158 464 3218 quod
480 3157 566 3220 ipsum
583 3158 765 3208 restituendum
778 3157 876 3206 censuit
885 3155 978 3218 Hbger.
989 3153 1055 3203 Actt.
1067 3148 1133 3197 Mon.

84 3222 115 3269 111
135 3238 159 3286 p.
177 3223 229 3274 492
247 3240 286 3287 sq.
323 3226 396 3275 Atei
409 3226 503 3275 rationi
520 3227 547 3276 id
565 3227 655 3286 obstat,
674 3228 742 3291 quoti
760 3219 911 3275 σοῖττεσθοιι
932 3223 963 3273 de
980 3218 1136 3270 rciarciendo

83 3306 208 3354 nusquam
227 3292 290 3344 alibi
314 3295 411 3345 dictum
434 3303 473 3344 est
493 3294 564 3358 (narn
582 3296 653 3347 eliud
677 3305 715 3347 est
738 3285 919 3354 οίτσοσοὶττειν,
942 3292 1011 3355 quod
1029 3289 1135 3337 anenmr

83 3360 281 3423 Harpocration,
318 3362 384 3414 false
409 3364 529 3414 Herodoti
555 3365 639 3415 iocum
665 3365 722 3416 libri
750 3367 785 3414 Vi
815 3364 922 3415 laudans
966 3368 991 3409 et
1018 3355 1134 3420 suidas).

84 3428 167 3486 Quare
184 3430 229 3480 clii
246 3431 297 3482 καί
311 3434 464 3484 eiiciendum
480 3444 633 3484 censuerunt
651 3443 675 3484 et
693 3426 723 3483 τὸ
740 3435 831 3498 τεῖχος
850 3447 907 3481 cum
923 3398 1057 3489 ἐσάξαντο
1076 3440 1134 3474 con·

82 3497 224 3551 iunxerunt.
241 3500 304 3551 false
324 3504 349 3551 iri
367 3505 397 3552 ab
416 3494 523 3566 ἔσοι’γειν
540 3504 773 3568 factum-putantes,
790 3518 846 3553 cum
862 3502 952 3607 aor.*I.
972 3502 1042 3550 verbi
1055 3512 1132 3562 ανειν

891 3582 905 3615 a
