2606 3920
372 270 452 326 ιιι.
479 270 553 325 vm.
587 269 682 326 σει.
706 274 835 359 ει-εο.
1045 270 1107 333 259

105 433 292 524 πρῆγματα,
308 437 345 504 ἐν
353 463 459 505 τουτω
466 462 512 526 τω
523 463 626 528 καιρφ
637 434 657 524 ἡ
668 432 784 527 νηῦςῆ
795 433 996 530 Ἀρτεμισίης
1011 440 1107 511 5525-

105 565 181 606 κετο
194 531 259 606 ῦπό
272 533 345 616 νεός
360 531 519 657 Ἀττικῆς·
539 531 628 606 καλ“
607 534 700 623 ηούκ
714 544 834 625 ἔχουσα
848 543 1046 660 διαφυγεῖν,
1053 549 1107 661 ἔμ-

105 649 235 724 προσθε
238 627 315 754 γδρ
332 630 434 723 αύτῆς
456 625 542 722 ῆσαν
559 632 656 706 ῦλλαι
673 640 745 718 νέες
762 645 887 726 φίλιαι,
911 667 932 726 η
921 635 1046 709 ε’δέ
1005 646 1106 728 αυτῆς
1194 656 1203 677 ·

105 733 188 824 πρός
205 740 272 805 των
294 742 462 855 πολεμίων
484 732 625 823 μάλιστα
649 735 806 827 ἐτύγχανε
824 735 941 827 ἐοῦσα,
967 743 1062 822 ἔδοξέ
1076 747 1111 810 οἱ

104 833 181 906 τόδε
195 838 340 922 ποιῆσαι,
356 862 392 904 το
382 831 456 904 καί
468 833 643 923 σννῆνεικε
652 833 831 925 ποιησάσῃ
851 840 1084 927 διωκομένη
1045 868 1108 927 γαρ

15 988 17 991 .
104 932 171 1005 ῦπὸ
182 938 239 1024 τῆς
253 932 398 1023 Ἀττικῆς
415 940 564 1025 φέρουσα
583 939 716 1022 ἐνέβαλε
733 944 792 1024 νηῒ
806 944 901 1028 φιλίη
919 936 1055 1028 ἀνδρῶν
1071 969 1107 1010 τε

15 1024 17 1043 1
105 1041 311 1106 Καλυνδέων
325 1041 380 1105 καὶ
395 1037 499 1106 αὐτοῦ
515 1041 740 1117 ἐπιπλύοντος
753 1046 815 1107 τοῦ
825 1041 1030 1107 Καλυνδέων
1044 1045 1107 1124 βα·
1135 1102 1138 1105 ,

105 1141 214 1216 σιλέος
226 1136 488 1262 Δαμασιθύμου.
521 1144 551 1205 εί
569 1138 632 1223 μέν
650 1143 708 1205 καί
722 1163 753 1206 τι
774 1152 883 1217 νεῖκος
898 1136 981 1227 πρὸς
1002 1136 1107 1206 αὐτὸν

105 1234 258 1338 ἐγεγόνεε
272 1239 319 1303 ἔτι
334 1238 409 1323 περὶ
417 1233 662 1321 Ελλῆσποντον
676 1235 811 1321 ἐόντων,
828 1262 869 1304 ου
858 1234 991 1323 ’μέντοι
1004 1242 1108 1352 ἔγωγε

106 1337 169 1417 ἔχω
184 1337 305 1419 εἰπεῖν,
327 1331 405 1401 οῦτε
425 1339 455 1401 εί
473 1335 510 1400 ἐκ
531 1340 690 1421 προνοίης
710 1330 795 1401 αὐτοὶ
817 1337 966 1419 ἐποίησε,
988 1332 1066 1400 οῦτε
1081 1337 1110 1399 εί

14 1440 16 1443 ’
107 1432 315 1551 συνεκύρησε
325 1429 346 1519 ῆ
358 1457 426 1499 των
436 1436 641 1500 Καλυνδέων
655 1431 738 1500 κατὰ
753 1433 857 1519 τύχην
870 1437 1109 1526 παραπεσοῦσα

108 1535 199 1616 νηῦς.
224 1556 267 1608 ως
283 1532 319 1598 δ
330 1534 467 1618 ένεβαλε
473 1557 510 1599 τε
524 1533 578 1600 καί
589 1529 812 1618 κατέδυσε,’
776 1538 908 1619 ευτυγίη
918 1533 1107 1618 χρησαμένη

13 1698 15 1701 ,
107 1627 227 1694 διπλόα
243 1625 370 1750 ε’φντῆν
386 1627 500 1715 ύγαθδ
514 1627 693 1716 ἐργάσατο·
722 1627 742 1696 5
760 1654 795 1696 τε
810 1626 873 1714 γὰρ
887 1638 944 1714 της
963 1626 1109 1712 Ἀττικῆς

108 1726 184 1806 νεός
203 1730 399 1815 τριήραρχος
420 1756 465 1808 ως
485 1729 554 1797 εἶδέ
565 1756 624 1852 μιν
645 1729 877 1846 ἐμβάλλουσαν
897 1755 940 1813 νη
941 1725 1109 1812 λαἰνδρῶν

106 1824 305 1948 βαρβάρων,
319 1824 504 1912 νομίσας
468 1853 531 1919 την
545 1830 604 1892 νέα
620 1824 681 1910 τὴν
693 1824 893 1911 Ἀρτεμισίης
906 1853 926 1910 η
913 1820 1108 1908 Ἓλληνίδα

12 1936 14 1989 ἑ
109 1920 193 1991 εἶναι
209 1949 230 2006 η
216 1917 494 2006 ’“αύτομολέεινέ
494 1950 514 1988 κ
528 1929 596 1990 τῶν
610 1922 792 2009 βαρβάρων
806 1925 860 1989 και
875 1919 1004 1990 αύτοϊσι
1020 1919 1109 2006 όμύ-

109 2043 198 2101 νειν,
213 2014 422 2102 ἀποστρέψας
436 2015 520 2104 πρδς
535 2016 636 2096 ἄλλας
650 2019 818 2104 ἐτράπετο.
845 2023 951 2085 Τοῦτο
965 2019 1027 2104 μὲν
1037 2041 1106 2084 τοι·
1122 2033 1157 2086 88

12 2132 13 2135 ’
109 2122 189 2184 οῦτο
206 2112 291 2203 αὐτῆ
306 2114 483 2202 συνήνεικε
493 2117 650 2200 γενέσθαι
665 2119 842 2200 διαφυγεῖν
856 2140 892 2182 τε
903 2112 1009 2182 καί
968 2141 1012 2202 μη
1024 2112 1110 2182 ἀπο·

110 2217 245 2298 λέσθαι,
271 2220 369 2281 τοῦτο
384 2217 420 2281 δὲ
435 2216 560 2303 συνέβη
580 2212 664 2280 ὥστε
680 2209 786 2279 κακόν
800 2213 1028 2299 ἐργασαμένην
1043 2209 1108 2279 ἀπὸ

13 2338 14 2345 “
110 2310 238 2379 τούτων
249 2307 355 2395 αῦτῆν
365 2310 507 2396 μάλιστα
520 2308 734 2396 εὐδοκιμῆσαι
746 2307 835 2393 παρὰ
845 2311 958 2399 ,Ξέρξη
981 2313 1108 2396 λέγεται

12 2400 13 2403 ¹
110 2406 174 2498 γάρ
189 2409 324 2496 βασιλέα
342 2406 536 2493 θηεύμενον
552 2416 676 2493 μαθεῖν
690 2405 752 2492 τῆν
766 2408 821 2473 νέα
833 2409 1044 2494 ἐμβαλοῦσαν
1055 2410 1109 2474 καί

111 2507 152 2593 δῆ
167 2533 241 2574 τινα
257 2504 425 2574 εἶναιτῶν
441 2506 653 2591 παρεόντων·
675 2506 847 2588 Δέσποτα,
865 2500 946 2593 ὁρᾷς
962 2502 1110 2593 Ἀρτεμι-

112 2613 197 2691 σίην,
215 2602 259 2682 ὡς
273 2599 312 2672 εὖ
328 2603 519 2689 ἁγωνιῖεται
534 2607 588 2672 καλ
603 2606 662 2672 νέα
674 2609 742 2670 τῶν
756 2607 923 2688 πολεμίων
934 2607 1109 2683 κατέδυσε;

12 2748 14 2751 -
36 2704 39 2709 ⁴
67 2783 70 2787 ,
114 2706 177 2774 Καὶ
192 2701 251 2771 τὸν
267 2705 475 2788 ἐπείρεσθαι,
497 2709 526 2771 εί
539 2701 692 2789 ἀληθέως
706 2701 773 2769 ἐστὶ
783 2697 985 2787 Ἀρτεμισίης
1001 2699 1038 2767 τό
1054 2706 1111 2786 ἔρ-

113 2830 191 2892 γον,
207 2799 354 2879 καὶτοὺς
370 2803 475 2888 φόνοι
490 2807 621 2888 σαφέως
634 2800 671 2869 ιδ
693 2802 853 2886 ἐπίσημον
873 2805 929 2886 τῆς
944 2797 1019 2879 νεός
1040 2803 1112 2868 ἐπι-

113 2905 315 2987 σταμένους·
337 2896 397 2985 τῆν
413 2901 449 2968 δέ
464 2905 710 2986 διαφθαρεῖσαν
723 2894 897 2983 ἠπιστέατο
913 2895 997 2965 εἶναι
1011 2906 1111 2966 πολε-

111 3005 200 3086 μίην.
230 2996 272 3064 τό
289 3021 323 3063 τε
338 2995 402 3081 γὰρ
418 2997 518 3082 ἄλλα,
541 2995 586 3077 ὥς
603 3006 746 3084 εἴρηται,
767 2991 851 3084 αὐτῆ
865 2996 1064 3084 συνῆνεικεν
1078 2997 1113 3073 ἐς

112 3093 266 3179 εὐτυχίην
282 3093 446 3178 γενόμενα
464 3097 519 3162 καὶ
539 3090 576 3162 τό
598 3100 666 3161 τῦν
681 3095 717 3161 ἐκ
735 3099 793 3181 τῆς
809 3098 1020 3180 Καλυνδικῆς
1034 3091 1112 3170 νεὸς

112 3195 238 3280 μηδένα
254 3188 473 3260 ἀποσωθέντα
488 3191 675 3278 κατήγορον
689 3193 857 3276 γενέσθαι.
881 3193 1005 3275 Ξέρξην
1017 3190 1053 3258 δέ
1065 3187 1109 3256 εἶ-

12 3306 14 3311 ’
112 3318 169 3358 παι
190 3294 318 3375 λέγεται
337 3290 420 3375 πρὸς
437 3288 476 3356 τὰ
495 3289 766 3376 φραζόμεναθ
766 3282 1000 3375 ίμένόίνδρες
1013 3286 1112 3373 γεγό-

114 3395 191 3457 νασί
207 3416 263 3476 μοι
283 3401 457 3474 γυναῖκες,
479 3391 517 3455 αί
530 3387 567 3455 δέ
587 3403 741 3472 γυναῖκες
758 3385 888 3471 ἄνδρες.
925 3392 1037 3454 Ταῦτα
1049 3411 1112 3464 μεν

12 3544 13 3591 ἦ
112 3489 234 3572 Ξερξην
250 3488 330 3571 φασί
348 3483 444 3553 εἶπαι.
466 3483 519 3553 Ἐν
532 3487 568 3554 δέ
579 3512 625 3554 τω
636 3512 729 3554 πονω
740 3508 847 3571 τουτφ
858 3481 997 3635 όπδιμὲν
1010 3491 1111 3557 ἔθανε
1125 3500 1162 3556 89
