2566 3934
223 287 283 353 118
609 290 865 351 HERODOTI

221 474 286 523 σαν
315 450 473 544 ἑξήκοντα
502 466 646 541 σχοῖνοι,
678 448 761 520 κατά
787 448 883 539 ήμεῖς
913 453 1103 540 διαιρέομεν
1136 450 1223 523 εἶναι

221 562 397 641 Αῖγνπτον
413 551 478 622 άπό
497 560 557 622 τοῦ
573 551 809 639 Πλινθινήτεω
823 550 953 620 κόλπου
972 553 1067 639 μέχρι
1080 560 1224 641 Σερβω-

219 657 313 731 νίδος
333 659 482 740 λίμνης,
496 650 576 741 παρ’
601 649 645 738 ήν
664 649 701 719 τὸ
719 651 850 719 Κάσιον
871 644 974 739 οὖρος
995 658 1112 720 τείνει·
1138 652 1224 720 ταό-

220 779 278 839 της
300 744 349 821 οἶν
373 751 438 820 άπο
461 757 495 821 οί
517 750 676 839 ἑξήκοντα
701 763 828 837 σχοῖνοι
849 755 919 819 είσί.
971 748 1045 818 ὅσοι
1068 749 1131 836 μὲν
1155 746 1222 837 γάρ

220 858 401 936 γεωπεῖναί
415 857 477 919 εἰσι
499 847 710 938 ἀνθρώπων,
739 846 893 937 ὀργυιῇσι
914 846 1136 936 μεμετρήκασι
1158 844 1223 935 τήν

220 951 349 1041 χώρην,
371 950 444 1019 όσοι
459 950 496 1019 δὲ
507 952 606 1018 ἕσσον
620 962 814 1035 γεωπεῖναι,
836 952 1014 1035 σταδίοισι,
1037 954 1073 1017 οἳ
1084 947 1120 1017 δὲ
1136 957 1222 1017 πολ·

220 1048 284 1137 λήν
302 1055 430 1135 ἔχουσι,
455 1048 705 1136 παρασάγγῃσι,
733 1054 769 1115 οῖ’
782 1045 818 1114 δέ
834 1044 993 1133 άφθουον
1008 1053 1101 1136 λίην,
1128 1054 1226 1134 σχοί-

220 1166 317 1216 νοισι.
341 1147 481 1215 δύναται
496 1147 532 1214 δὲ
547 1144 565 1214 ὁ
583 1147 645 1232 μὲν
664 1145 880 1235 παρασάγγης
895 1146 1073 1236 τριήκοντα
1090 1148 1220 1235 στάδια,

221 1242 238 1314 ὁ
256 1245 292 1313 δὲ
307 1258 437 1331 σχοῖνος
454 1246 605 1332 ἕκαστος,
630 1247 753 1333 μέτρον
764 1242 822 1313 ἐόν
835 1245 1038 1333 Αίγύπτιον,
1061 1245 1221 1335 ἑξήκοντα

220 1346 347 1416 στάδια.
389 1344 477 1412 οὕτω
498 1343 542 1413 άν
568 1356 684 1432 εῖησαν
703 1346 878 1432 Αἰγύπτου
899 1346 1028 1415 στάδιοι
1054 1346 1221 1429 ἔξακόσιοι

190 1451 276 1517 λκαῖ
295 1454 467 1536 τρισχίλιοι
488 1444 524 1515 τδ
547 1445 636 1534 παρά
654 1448 841 1516 θάλασσαν.
881 1445 1059 1517 Ἐνδεῦτεν
1081 1450 1143 1534 μὲν
1162 1449 1221 1515 καὶ

220 1551 314 1634 μέχρι
343 1544 460 1614 Ἡλίου
491 1545 608 1624 πόλιος
638 1548 671 1624 ές
704 1544 766 1633 τήν
797 1546 983 1635 μεσόγαιάν
1019 1549 1087 1615 ἐστι
1119 1543 1220 1634 εὐρέα

220 1657 407 1733 Αῖγυπτος,
436 1649 537 1714 ἐοῦσα
557 1651 647 1713 πάσα
669 1642 770 1732 ὑπτίη
789 1648 894 1714 τεκαὶ
908 1651 1047 1734 ἔνυδρος
1063 1648 1118 1715 καὶ
1134 1646 1215 1725 ίλάς.

221 1754 289 1817 ἔστι
311 1747 346 1814 δὲ
370 1742 448 1823 όδὸς
468 1746 501 1823 ἐς
520 1742 582 1832 τήν
601 1742 717 1812 Ἡλίου
739 1745 840 1813 πόλιν
864 1742 929 1812 άπό
953 1745 1126 1833 θαλάσσης
1146 1743 1219 1813 άνω

222 1845 306 1916 ίόντι
322 1849 532 1930 παραπλησίη
546 1840 583 1910 τό
600 1849 704 1929 μήκος
717 1834 758 1932 τή
774 1846 806 1924 ἐξ
827 1840 996 1931 Ἀθηνέων
1013 1841 1081 1937 ὁδῷ
1094 1851 1134 1932 τῇ
1151 1840 1218 1911 άπὸ

220 1952 287 2014 τῶν
303 1943 455 2013 δυόδεκα
468 1950 560 2012 θεῶν
574 1950 635 2012 τοῦ
649 1951 766 2033 βωμοῦ
781 1944 932 2033 φεροόση
946 1950 979 2024 ές
992 1970 1028 2013 τε
1038 1952 1149 2015 Πῖσαν
1163 1947 1220 2013 καὶ

221 2049 274 2115 ἐπὶ
290 2042 349 2113 τόν
369 2042 455 2132 νηόν
467 2051 529 2112 τοῦ
544 2042 629 2122 Διὸς
649 2051 710 2111 τοῦ
732 2040 941 2130 Οὐλυμπίου.
977 2044 1120 2133 σμικρόν
1134 2070 1166 2113 τι
1179 2040 1219 2112 τό

220 2144 387 2233 διάφορον
408 2142 502 2232 εόροι
521 2170 578 2224 τις.
591 2139 634 2211 άν
656 2144 867 2231 λογιζόμενος
886 2150 955 2212 τῶν
970 2140 1062 2214 ὁδῶν
1075 2144 1218 2232 τούτων,

219 2241 257 2312 τό
279 2241 323 2329 μὴ
345 2252 418 2320 ῖσας
437 2248 540 2331 μήτιος
560 2241 662 2329 εἶναι,
694 2240 736 2310 οὐ
757 2246 859 2311 πλέον
881 2247 1117 2312 πεντεκαίδεκα
1137 2262 1220 2311 στα-

220 2345 317 2408 δίων·
341 2335 362 2428 ή
379 2338 520 2429 μὲνγὰρ
535 2344 568 2421 ές
580 2348 692 2410 Πῖσαν
706 2343 739 2422 ἐξ
757 2338 934 2427 Ἀθηνέων,
947 2345 1084 2411 καταδεῖ
1100 2365 1214 2410 πεντε-

218 2443 355 2507 καίδεκα
375 2444 518 2508 σταδίων
540 2437 583 2520 ὡς
605 2438 649 2527 μή
673 2438 758 2509 εἶναι
772 2447 1000 2510 πεντακοσίων
1019 2442 1075 2509 καὶ
1090 2445 1220 2526 χιλίων,

217 2534 289 2626 ήδδ
304 2540 337 2617 ές
353 2536 468 2608 Ἡλίου
483 2538 582 2608 πόλιν
597 2537 662 2608 άπό
679 2539 852 2626 θαλάσσης
869 2548 994 2626 πληροῖ
1009 2540 1043 2617 ές
1066 2534 1126 2605 τόν
1142 2533 1221 2624 άρι-

187 2631 310 2722 Βθμόν
329 2644 458 2706 τοῦτον.
494 2636 572 2706 Ἀπδ
591 2640 627 2707 δὲ
648 2637 765 2708 Ἡλίου
784 2639 900 2719 πόλιος
917 2637 988 2707 άνω
1002 2636 1088 2708 ἰόντι
1102 2636 1221 2724 στεινή

218 2738 286 2802 ἐστι
299 2742 478 2821 Αἴγυπτος.
512 2743 553 2825 τή
576 2736 638 2824 μὲν
656 2735 722 2825 γάρ
739 2744 796 2826 τῆς
814 2735 966 2827 Ἀραβίης
986 2729 1087 2822 οὖρος
1107 2758 1221 2827 παρορ-

217 2832 357 2916 τέταται,
381 2835 486 2920 φέρον
501 2830 560 2902 ἀπ’
577 2832 702 2924 άρκτον
720 2834 803 2923 πρός
818 2841 1022 2924 μεσαμβρίης
1036 2861 1072 2903 τε
1087 2837 1142 2902 καὶ
1156 2833 1222 2903 νό-

217 2953 295 3016 του,
323 2931 386 2998 αἰεὶ
401 2929 472 2999 άνω
486 2946 598 3001 τεῖνον
618 2936 652 3012 ές
667 2930 729 3021 τήν
745 2930 914 3022 Ἐρυθρὴν
929 2937 1135 3022 καλεομένην
1148 2931 1222 3002 θά-

217 3036 356 3115 λασσαν,
378 3031 415 3097 ἐν
430 3037 477 3122 τῷ
492 3036 528 3100 αί
543 3040 732 3119 λιθοτομίαι
744 3039 846 3102 ἔνεισι
860 3039 897 3102 αί
908 3035 941 3113 ές
956 3031 1015 3113 τοὶς
1029 3037 1222 3124 πυραμίδας

95 3182 97 3187 .
217 3137 478 3215 κατατμηθεῖσαι
498 3130 557 3211 τὰς
578 3136 615 3200 ἐν
631 3136 760 3220 Μέμφι.
801 3135 906 3223 ταότη
926 3133 989 3221 μὲν
1007 3140 1112 3222 λήγου
1132 3131 1221 3201 άνα-

218 3223 360 3312 κάμπτει
381 3227 415 3309 ἐς
435 3226 476 3294 τά
498 3239 623 3317 εῖρηται
644 3227 682 3296 τό
705 3224 825 3319 οὖρος·
860 3239 900 3321 τή
926 3233 963 3300 δέ
984 3228 1065 3299 αὐτὸ
1088 3232 1221 3299 ἑωυτοῦ

217 3324 285 3392 ἐστὶ
304 3323 530 3412 μακρότατον,
565 3325 609 3408 ὡς
635 3325 699 3415 έγοδ
723 3330 983 3419 ἐπυνθανόμην,
1012 3329 1074 3400 δόο
1099 3337 1221 3419 μηνῶν

218 3416 300 3488 αότό
323 3418 408 3489 εἶναι
432 3428 490 3510 τῆς
516 3421 598 3493 ὁδοῦ
623 3424 688 3495 άπό
714 3424 798 3514 ήοῦς
821 3425 906 3516 πρὸς
931 3429 1090 3515 ἕσπέρην,
1116 3424 1159 3495 τά
1181 3430 1221 3498 δδ

217 3517 301 3608 πρός
319 3517 381 3607 τήν
406 3515 456 3607 ήῶ
478 3525 736 3614 λιβανωτοφόρα
759 3524 865 3596 αὐτοῦ
889 3524 930 3596 τά
955 3528 1098 3618 τέρματα
1119 3524 1208 3597 εἶναι
