2606 3920
198 221 262 286 224
577 226 827 283 ιιιιεοοοτι
1281 176 1285 305 ή

197 382 259 454 τὸν
273 383 438 505 πολεμον,
454 382 496 452 τά
509 409 545 450 τε
555 381 745 469 ποιήσουσι,
759 381 834 452 ὅσοι
844 393 1021 474 τεπλήθος
1032 391 1104 455 είσί.
1127 391 1206 455 ίιια-
1283 372 1286 493 ή

198 487 252 553 νοί
270 481 337 571 γάρ
360 485 484 551 ἐιιείνοί
495 507 536 604 φε
558 478 653 549 αιἰτοί
672 483 807 549 ἑωυτῶν
822 484 899 569 πέρι
919 489 1108 571 φροντίζειν
1128 485 1204 569 είσί,
1284 564 1286 569 ,

197 581 292 670 ήμείς
306 582 341 650 δέ
355 577 505 669 ἡμέων’
483 580 649 659 ωσαάτως.
671 581 932 668 Λακεδαιμόνιοι
947 580 1016 653 δέ
993 610 1038 671 ην
1052 579 1159 651 ίωσι
1138 609 1205 649 αν-
1286 634 1287 667 ÷

198 685 252 748 τία
265 682 414 767 Πέρσησι
429 681 462 757 ἐς
475 678 602 766 μάχην,
624 674 773 745 οὐδέν
738 704 776 746 το
793 677 923 766 παρεὸν
934 687 1048 768 τρῶμα
1062 676 1203 747 άνιεῦν-
1286 722 1287 725 =

129 796 181 852 237
196 807 259 850 ται.
279 777 462 868 Ἀμείβεται
472 781 594 866 Ξέρξης
609 783 749 847 τοισίδε·
769 777 964 868 Ἀχαίμενες,
978 772 1019 848 εὖ
1028 782 1131 867 τέμοι
1141 783 1203 846 δο-

198 879 285 957 ιιέεις
299 880 411 964 λέγειν
424 879 480 945 καί
494 874 624 963 ποιήσω
637 882 750 944 ταῦτα.
772 877 974 965 Δημάρητος
988 880 1025 947 δέ
1035 881 1124 965 λέγει
1138 880 1203 964 μέν

198 975 238 1047 τά
249 975 368 1061 ἄριστα
379 982 511 1045 ἐλπεται
522 972 606 1044 εἶναι
617 977 699 1062 ἐμοὶ,
714 975 833 1063 γνωμῃ
842 978 957 1062 μέντοι
968 978 1122 1045 ἑσσοῦται
1132 974 1201 1043 ὑπὸ
1287 976 1288 995 ²

199 1084 268 1146 σεῦ.
299 1072 420 1163 οὐγὰρ
437 1071 478 1161 δή
499 1074 609 1143 ἐκεῖνό
622 1100 661 1161 με
678 1077 867 1161 ἐνδέξομαι,
888 1073 975 1154 ὅκως
995 1072 1058 1143 οὖν
1073 1072 1202 1143 εὐνοέει

197 1191 283 1246 τοῖσι
297 1178 403 1261 ἐμοίσι
418 1174 600 1262 πρήγμασι,
614 1180 703 1243 τοῖσί
713 1199 749 1242 τε
758 1174 967 1260 λεγομένοισι
983 1172 1149 1261 πρότερον
1163 1175 1201 1241 ἐκ

198 1272 321 1342 τούτου
337 1272 577 1359 σταθμώμενος
592 1273 649 1339 καί
658 1296 704 1362 τφ
689 1269 852 1358 έάντι,”
831 1296 882 1339 οτι
893 1269 1052 1358 πολιήτης
1064 1272 1127 1359 μὲν
1137 1295 1202 1339 το-

199 1369 294 1457 λιήτη
309 1362 348 1438 εὖ
336 1367 546 1470 πρήσσοντι
560 1371 702 1455 φθονέει
720 1372 777 1437 καί
791 1374 860 1438 ἐστι
875 1367 1097 1490 δυσμεφης
1057 1395 1097 1457 τη
1111 1374 1200 1456 σιμῇ,

200 1462 315 1534 οὐδ’Ἰ
293 1492 337 1533 αν
336 1452 675 1554 συμβουλευομένου
687 1472 749 1533 τοῦ
764 1464 869 1534 άστου
885 1461 1077 1588 πολιήτης’
1058 1462 1145 1552 ανήρ
1159 1461 1201 1531 τοὶ

199 1564 318 1686 άριφτά
332 1588 352 1631 ο
352 1567 541 1633 ίδονέοντα
552 1562 637 1633 εἶναι
652 1561 846 1653 ὑποθέοιτο,
861 1562 941 1634 εί
900 1591 944 1652 μη
956 1565 1072 1652 πρόσω
1082 1563 1202 1650 ἀρετῆς

198 1660 335 1748 ανήιιοι,
357 1661 494 1730 σπάνιοι
515 1661 547 1729 δ’
570 1663 632 1731 είσί
647 1668 681 1732 οί
695 1671 856 1751 τοιοῦτοι,
877 1666 1033 1744 ξείνοςδέ
1048 1668 1143 1754 ξείνφ
1159 1654 1200 1730 εὖ

198 1759 385 1847 πρήσσοντί
390 1761 458 1828 ἐστι
469 1758 710 1848 εὐμενέστατον
720 1764 869 1851 πάντων,
882 1764 1199 1853 συμβουλευομένου

197 1887 232 1930 τε
241 1855 286 1928 άν
296 1861 558 1946 συμβουλεύσειε
568 1856 610 1929 τά
619 1860 745 1949 ἄριστα.
759 1856 905 1930 οὕτωσέν
915 1868 1112 1948 ιιαιιολομίης
1122 1862 1200 1948 πέρι

197 1967 254 2046 τῆς
269 1961 302 2038 ἐς
316 1960 538 2047 Δημάρητον,
555 1960 669 2039 ἐόντος
683 1963 754 2047 έμοί
768 1963 889 2044 ξείνου,
905 1967 1043 2045 ἔχεσθαί
1049 1985 1125 2028 τινα
1137 1964 1199 2026 τοῦ

129 2077 183 2133 2³8
196 2064 318 2128 λοιποῦ
331 2058 468 2129 κελεύω.
494 2066 606 2127 Ταῦτα
621 2068 715 2138 είπας
725 2060 847 2145 Ξέρξης
861 2058 982 2145 διεξήιε
993 2054 1049 2126 διὰ
1059 2062 1128 2124 τῶν
1142 2081 1200 2124 νε-

198 2159 306 2241 κρῶν,
329 2159 384 2223 καί
404 2160 597 2241 Λεωνίδεω,
619 2152 771 2242 άιιηκοοὶς
791 2153 841 2222 ὅτι
857 2154 1013 2244 βασιλεύς
1029 2179 1066 2222 τε
1080 2146 1125 2242 ήν
1145 2155 1201 2223 καί

198 2250 380 2339 στρατηγὸς
400 2258 691 2340 Λακεδαιμονίων,
717 2256 869 2323 ἐκέλευσε
888 2250 1119 2340 ἀποταμόντας
1138 2249 1201 2338 τήν

197 2346 350 2436 κεφαλήν
363 2346 628 2437 ἀνασταυρῶσαι.
653 2352 737 2437 δῆλά
752 2378 809 2439 μοι
826 2360 977 2420 πολλοῖσι
991 2352 1054 2440 μὲν
1067 2354 1123 2419 ιιαί
1138 2349 1199 2418 άλ-

198 2457 285 2516 λοισι
300 2455 521 2535 τεκμηρίοισι,
538 2452 576 2518 έν
585 2453 624 2517 δὲ
638 2453 693 2519 καί
703 2454 787 2539 τῷδε
797 2449 860 2518 οὐκ
871 2447 988 2538 ήιιιστα
1003 2455 1131 2538 γέγονε,
1147 2446 1200 2517 ὅτι

197 2543 354 2633 βασιλεὺς
367 2547 490 2633 Ξέρξης
511 2548 647 2616 πάντων
662 2548 702 2636 δή
717 2549 860 2636 μάλιστα
879 2546 1014 2637 άνδροῐν
1033 2548 1199 2636 ἐθυμώθη

198 2640 316 2723 ζάοντι
335 2648 503 2735 Λεωνίδη·
534 2644 576 2715 οὐ
590 2643 656 2734 γάρ
676 2645 720 2715 ἄν
742 2672 818 2715 κοτε
832 2649 865 2728 ἐς
881 2646 942 2716 τόν
958 2647 1082 2737 νεαρὸν
1095 2655 1199 2717 ταῦτα

196 2739 423 2827 παρενόμησε,
439 2745 508 2811 ἐπεί
522 2751 622 2831 τιμάν
632 2745 775 2831 μάλιστα
788 2751 958 2833 νομίζουσι
969 2753 1037 2815 τῶν
1048 2744 1113 2833 ἐμω
1125 2743 1200 2814 οἶδα

197 2836 392 2923 ἀνθρώπων
406 2844 532 2926 Πέρσαι
546 2841 672 2929 ἄνδρας
685 2840 838 2931 ἀγαθοὺς
851 2841 891 2912 τά
906 2847 1054 2932 πολέμια.
1080 2848 1125 2912 Ol
1136 2843 1199 2929 μέν

128 2953 178 3009 239
194 2935 234 3024 δὴ
249 2944 353 3006 ταῦτα
370 2941 520 3028 ἐποίευν,
541 2957 626 3011 τοῖσι
640 2945 831 3012 ἐπετέτακτο
853 2949 987 3013 ποιέειν.
1014 2943 1143 3030 ’Ἇνειμι
1161 2942 1198 3011 δέ

195 3036 300 3102 ἐκεῖσε
314 3034 509 3122 τοῦλόγου,
533 3045 573 3126 τῇ
587 3062 643 3126 μοι
664 3040 828 3127 πρότερον
845 3042 978 3121 ἐξέλιπε.
1012 3038 1197 3111 Ἐπάθοντο

194 3133 471 3218 Λακεδαιμόνιοι,
488 3134 539 3203 ὅτι
553 3137 710 3224 βασιλεὺς
727 3142 893 3208 στέλλοιτο
909 3142 960 3208 ἐπὶ
975 3139 1037 3227 τήν
1045 3139 1197 3225 Ἐλλάδα,

194 3236 330 3315 πρῶτοι,
340 3234 393 3298 καί
407 3229 495 3299 ουτω
507 3230 547 3319 δή
559 3232 637 3311 ἐς
602 3259 640 3300 το
651 3235 852 3357 χρηστήριον
862 3263 898 3303 το
888 3233 1136 3323 ἐςΔελφους’
1117 3242 1200 3307 απέ-

193 3341 346 3413 πεμψαν,
363 3333 448 3395 ἔνθα
460 3329 502 3448 δή
514 3349 574 3416 σφι
585 3331 781 3419 ἐχρήσθη
743 3359 784 3401 τα
796 3331 896 3425 ὀλίγφ
908 3335 1074 3423 πρότερον
1086 3335 1193 3404 είπον·

193 3421 361 3489 ἐπύθοντο
380 3427 416 3491 δὲ
429 3425 542 3517 τρόπφ
556 3432 751 3520 θωυμασίφ.
784 3432 984 3521 Δημάρητος
997 3431 1063 3521 γάρ
1079 3431 1096 3500 ὅ
1110 3431 1199 3522 ’Δρί-
