2566 3934
197 247 259 313 170
574 232 826 314 αεεοοοει

194 404 393 496 Μεμφίτην,
411 414 457 500 τῷ
470 407 552 480 κατά
567 407 629 498 τὴν
642 408 887 499 τῶνἙλλήνων
897 419 1052 500 γλῶσσαν
1066 409 1197 500 ούνομοι

197 507 364 595 Πρωτέα
381 504 481 576 εἰναι·
502 515 564 577 τού
578 515 644 578 νύν
664 509 800 595 τέμενός
813 512 881 579 ἐστι
897 512 934 579 έν
950 513 1070 600 Μέμφι
1090 508 1197 596 κάρτα

194 604 298 675 καλόν
318 631 354 674 τε
377 610 432 675 καί
453 601 492 676 εὖ
516 610 777 696 ἐσκευασμένον,
799 615 859 677 τοῦ
874 607 1090 697 Ἡφαιστείου
1111 606 1196 698 πρὸς

193 704 295 773 νότον
325 701 451 793 άνεμον
481 713 645 793 κείμενον.
685 711 911 796 περιοικέουσι
936 708 974 777 δέ
997 706 1034 777 τδ
1060 712 1195 795 τέμενος

193 809 291 871 τούτο
307 807 461 882 Φοίνικες
483 803 618 893 Τύριοι,
649 808 799 875 καλέεται
822 805 858 874 δὲ
882 802 899 874 6
919 812 1027 895 χῶρος
1051 799 1149 885 οὗτος
1174 802 1193 873 6

193 902 345 982 συνάπας
371 908 504 986 Τυρίων
524 902 758 991 στρατόπεδον.
793 909 862 972 ἔστι
886 905 922 973 δέ
942 907 980 974 έν
1000 911 1046 997 τῷ
1065 906 1194 992 τεμένει

143 1057 148 1065 ,
193 1009 253 1070 τοῦ
263 1002 417 1089 Πρωτέος
428 999 521 1090 ίρδν,
537 1000 575 1071 τδ
591 1006 741 1072 καλέεται
757 1005 865 1090 ξείνης
874 999 1085 1091 Ἀφροδίτης·
1106 1024 1193 1090 συμ-

191 1099 356 1189 βάλλομαι
372 1099 410 1168 δέ
427 1108 526 1169 τούτο
546 1098 583 1169 τό
595 1099 672 1189 ἰρδν
692 1099 776 1169 εἶναι
787 1098 919 1188 Ἑλένης
929 1108 986 1188 τῆς
1000 1100 1191 1188 Τυνδάρεω,
1279 1122 1280 1125 ’

192 1196 320 1267 καὶτὸν
333 1197 437 1285 λόγον
457 1196 608 1286 άκηκοιδς
624 1195 667 1278 ὡς
689 1197 844 1285 διαιτήθη
852 1196 966 1286 Ἑλένη
987 1196 1076 1288 παρά
1089 1207 1192 1286 Πρω-
1279 1208 1280 1245 ³

191 1299 254 1385 τέί,
275 1299 331 1366 καί
352 1294 391 1385 δὴ
415 1301 470 1366 καί
492 1295 542 1366 ότι
564 1299 675 1383 ξείνης
692 1293 885 1385 Ἀφροδίτης
907 1294 1085 1384 έπύννμόν
1105 1299 1190 1365 έστι·

191 1393 254 1464 ὅσα
266 1390 333 1484 γάρ
348 1392 432 1463 ἄλλα
443 1392 637 1484 ’Λφροδίτης
651 1392 708 1483 ἰρά
724 1397 811 1482 ἔστι,
828 1392 982 1484 οὐδαμῶς
997 1401 1102 1481 ξείνης
1116 1396 1190 1463 έπι-
1279 1458 1280 1471 2

126 1517 175 1575 113
190 1496 350 1563 καλέεται.
385 1491 525 1579 Ἔλεγον
549 1495 589 1561 δέ
610 1516 668 1578 μοι
692 1497 726 1561 οί
747 1494 833 1580 ἰρέες
848 1497 1030 1581 ίστορέοντι
1052 1489 1092 1560 τά
1112 1493 1189 1577 περὶ
1279 1498 1280 1577 ᾗ

90 1676 105 1683 „
185 1591 321 1680 Ἑλένην
336 1595 495 1680 γενέσθαι
508 1583 588 1660 ὦδε·
616 1587 834 1678 Ἀλέξανδρον
846 1588 1042 1681 ἁρπάσαντα
1052 1588 1189 1677 Ἑλένην

190 1693 227 1760 έκ
249 1690 410 1778 Σπάρτης
432 1686 625 1758 άποπλάειν
651 1690 684 1768 ές
704 1686 766 1777 τὴν
789 1692 932 1759 έωυτού·
964 1696 1023 1758 καί
1040 1715 1116 1776 μιν,
1143 1685 1189 1768 ὡς
1279 1702 1280 1705 ’

190 1790 320 1875 ἐγένετο
335 1789 372 1856 έν
385 1795 431 1880 τῷ
444 1794 590 1879 Αἰγαίφ,
609 1790 745 1868 ἐξῶσται
760 1787 878 1877 άνεμοι
888 1788 1087 1877 ἐκβάλλουσι
1103 1788 1136 1865 ές
1148 1783 1187 1854 τδ

189 1885 376 1974 Αἰγύπτιον
390 1892 547 1976 πέλαγος,
563 1889 724 1958 ἐνθεῦτεν
734 1887 838 1981 δέ(ού
848 1886 912 1978 γάρ
928 1886 1014 1959 άνίει
1028 1886 1068 1957 τά
1083 1887 1189 1957 πνεύ-

189 1989 289 2072 ματα)
307 1980 497 2057 ἀπικνέεται
520 1989 553 2065 ές
565 1995 739 2073 Αἴγυπτον
758 1989 813 2055 καί
828 1987 1002 2073 Αἰγύπτου
1023 1989 1056 2066 ές
1069 1983 1106 2054 τδ
1121 1991 1188 2054 νύν
1280 2006 1281 2083 g

188 2081 392 2171 Κανωβικὸν
407 2082 614 2171 καλεόμενον
629 2083 734 2172 στόμα
750 2091 810 2153 τοῦ
827 2091 949 2154 Νείλου
963 2086 1018 2152 καί
1032 2085 1064 2163 ές
1085 2091 1187 2171 Ταρι-
1280 2096 1281 2117 ¹

188 2190 289 2271 χηίας.
311 2176 355 2270 ἦν
370 2185 406 2253 66
424 2186 475 2253 έπδ
488 2192 546 2272 τῆς
558 2181 689 2273 ἠϊόνος,
703 2183 741 2253 τό
759 2188 814 2254 καὶ
829 2192 895 2254 νῦν
909 2186 976 2254 έστί
982 2183 1187 2274 ,Ἡρακλέος
1280 2234 1281 2277 3

189 2286 283 2369 ίρόν,
305 2280 388 2360 ές
353 2309 391 2350 το
412 2310 457 2370 ηυ
473 2310 677 2408 καταφυγφυ
701 2282 857 2373 οἰκέτης
843 2289 970 2354 οτενεόν
991 2279 1186 2373 άυδρύπων

189 2374 384 2463 ἐπιβάληται
404 2385 598 2500 στίγματα
582 2385 656 2469 ιρά,
678 2379 805 2481 έωυτδυ
822 2379 936 2460 διδούς
952 2407 998 2473 τμ
983 2386 1100 2472 θεῷ,
1122 2377 1186 2449 ούκ
1280 2428 1281 2433 1

189 2476 293 2553 ἔξεστι
314 2474 437 2545 τούτου
462 2476 633 2560 ἅψασθαι·
656 2477 675 2547 6
700 2472 803 2569 νόμος
823 2473 921 2561 ούτος
941 2433 1100 2551 διατελέει
1119 2478 1185 2551 έων

188 2566 301 2657 ὁμοῖος
314 2572 409 2661 μέχρι
424 2575 559 2667 έμεύ
514 2603 559 2645 τω
570 2574 630 2646 ἀπ’
640 2574 757 2699 άρχης.
779 2586 840 2649 τοῦ
853 2572 901 2650 άν
911 2577 952 2668 δὴ
963 2577 1186 2668 Ἀλεξάνδρου
1280 2624 1281 2643 ι

187 2664 378 2739 ἀπιστέαται
401 2671 622 2762 θεράποντες
634 2675 825 2764 πυθόμενοι
850 2675 911 2748 τόν
934 2680 1011 2767 περὶ
1038 2677 1076 2749 τδ
1108 2675 1185 2766 ἰρδυ
1280 2728 1281 2753 ;

187 2770 304 2851 έχοντα
322 2767 447 2858 νόμον,
468 2774 572 2855 ἰκααι
589 2773 626 2842 δὲ
647 2773 792 2862 ἰζόμενοι
805 2783 866 2845 τοῦ
880 2782 966 2845 θεοῦ
965 2776 1185 2898 κατηγόρεον
1280 2770 1281 2779 ¹

186 2868 248 2930 τοῦ
270 2859 359 2947 ’ξΑλε
343 2866 506 2957 ξάνδρου,
527 2870 729 2958 βουλόμενοι
750 2872 910 2961 βλάπτειν
932 2870 1053 2963 αὐτόν,
1074 2874 1184 2944 πάντα

186 2956 289 3046 λόγον
303 2963 578 3054 ἐξηγεύμενοι,
555 2993 600 3047 ως
614 2966 677 3056 εἶχε
691 2967 817 3089 περὶ
780 2997 843 3058 την
851 2968 986 3059 Ελένην
1001 2996 1038 3041 τε
1053 2970 1156 3041 καλ
1120 2998 1184 3060 την

186 3059 219 3137 ές
238 3062 420 3129 Μενέλεων
445 3060 594 3151 άδικίηυ
626 3066 831 3155 κατηγόρεον
855 3068 1014 3138 δὲταῦτα
1038 3067 1123 3157 πρός
1146 3094 1183 3137 τε

185 3151 263 3235 τούς
277 3156 367 3242 ἱρέας
381 3157 490 3228 καὶ
455 3186 516 3229 τον
539 3167 600 3230 τοῦ
620 3162 781 3251 στόματος
801 3165 923 3236 τούτου
940 3165 1111 3255 φύλακον,
1135 3177 1183 3260 τῷ

122 3280 168 3334 114
184 3251 313 3341 ούνομα
326 3248 371 3343 ἦν
386 3264 504 3339 Θῶνις.
534 3259 696 3345 Ἀκούσας
710 3265 746 3334 δέ
760 3265 889 3335 τούτων
903 3261 922 3336 δ
936 3273 1046 3347 Θῶνις
1060 3269 1181 3356 πέμπει

183 3380 245 3441 την
258 3359 412 3475 ταχίστην
429 3359 462 3437 ές
477 3363 619 3449 Μέμφιν
635 3384 726 3452 παρα
713 3359 876 3452 Πρωτέα
889 3359 1047 3452 ἀγγελίην
1060 3366 1182 3453 λέγου-

184 3469 247 3522 σαν
259 3452 355 3524 τάδι·
378 3449 473 3523 Ἠκα
496 3458 632 3551 ξεῖνος,
638 3462 795 3549 γένοςλ
754 3489 778 3554 μ
795 3487 817 3532 ν
837 3464 999 3557 Τευκρός,
1019 3465 1129 3557 ἔργον
1143 3464 1181 3539 66
