2588 3926
360 244 524 331 τιεζυι.
557 274 656 331 σου.
691 284 864 336 loo-104.
1047 273 1109 339 3³7

103 457 199 521 μενοι
214 436 315 521 ἔργον
336 440 463 518 είχοντυ
480 429 756 520 προθυμότερον,
780 435 942 502 ἐνθεῦτεν
961 434 1024 523 ἤδη
1039 440 1109 521 ἐτε-

104 536 239 618 ροιοῦτο
254 526 292 596 τό
307 535 452 617 πρῆγμα.
476 529 678 616 διωσάμενοι
692 526 758 616 γάρ
769 527 809 597 τά
820 532 924 619 γέρρα
938 525 1032 601 οὗτοι
1046 562 1110 621 φε·

15 626 16 629 '
104 627 241 716 ρόμενοι
256 628 415 695 ἐσέπεσον
429 623 523 706 ἀλέες
540 628 573 707 ές
587 623 665 705 τούς
679 630 827 715 Πέρσας,
843 633 877 697 ολ
886 631 922 698 δὲ
935 630 1106 718 δεξάμενοι

15 752 16 759 “
104 729 159 796 καὶ
173 725 298 813 χρόνον
312 723 439 813 συχνόν
453 723 661 813 ἀμυνόμενοι
673 727 766 804 τέλος
781 731 927 813 ἔφευγον
942 729 975 806 ές
989 726 1027 798 τό
1041 743 1109 797 τετ-

103 854 167 914 χος.
186 823 360 913 Ἀθηναῖοι
372 827 408 895 δέ
419 830 475 896 καὶ
485 831 666 914 Κορίνθιοι
677 828 731 893 καὶ
741 826 927 894 Σικυώνιοι
938 830 993 896 καί
1008 835 1108 916 Τροι-

15 952 16 957 ’
105 926 210 1013 ζήνιοι
230 916 340 1014 (οὗτοι
355 921 420 1012 γάρ
435 917 524 1011 ἦσαν
544 924 658 1010 ἐπεξῆς
677 926 884 1010 τεταγμένοι)
901 927 1108 994 συνεπισπό-

104 1049 199 1111 μενοι
211 1025 453 1093 συνεσέπιπτον
464 1026 497 1104 ἐς
507 1021 544 1091 τό
555 1036 669 1110 τεῖχος.
684 1021 728 1102 ὡς
739 1023 775 1091 δέ
783 1027 837 1091 καί
847 1021 884 1093 τό
896 1039 1000 1112 τεῖχος
1011 1024 1107 1113 ἀραί-

104 1147 200 1209 ρητο,
215 1119 288 1190 οὔτ’
305 1126 353 1189 ἐτι
367 1119 451 1208 πρὸς
468 1119 574 1208 ἀλκὴν
589 1121 771 1210 ἐτράποντο
786 1126 820 1190 οί
833 1122 1008 1211 βάρβαροι,
1022 1121 1106 1211 πρὸς

103 1220 218 1307 φυγήν
232 1246 268 1288 τε
279 1217 428 1308 ῶρμέατο
440 1226 475 1289 οί
483 1218 578 1289 άλλοι
588 1217 677 1306 πλὴν
686 1223 854 1306 Περσέων.
878 1213 972 1288 οὗτοι
983 1223 1019 1288 δέ
1030 1220 1104 1288 κατ’

103 1318 236 1405 ὀλίγους
250 1319 422 1407 γινόμενοι
437 1319 597 1406 ἐμάχοντο
611 1331 696 1387 τοῖσι
712 1320 773 1386 αίελ
794 1318 828 1397 ές
841 1315 878 1385 τὸ
893 1331 998 1404 τεῖχος
1013 1321 1106 1387 ἐσπί-

103 1415 408 1506 πτουσιἙλλήνων.
426 1422 482 1487 καὶ
493 1425 560 1486 τῶν
570 1423 766 1506 στρατηγῶν
776 1422 844 1482 τῶν
854 1422 1031 1502 Περσικῶν
1043 1417 1104 1483 δύο

102 1517 164 1602 μὲν
174 1514 418 1603 ἀποφεύγουσι,
430 1516 493 1584 δύο
504 1517 541 1585 δέ
551 1520 745 1585 τελευτῶσι·
765 1509 966 1601 Ἀρταΰντης
976 1518 1039 1601 μέν
1050 1517 1105 1585 καὶ

97 1611 285 1701 Ἰθαμίτρης
312 1622 372 1683 τοῦ
394 1621 556 1683 ναυτικοῦ
581 1612 837 1702 στρατηγέοντες
860 1608 1103 1701 ἀποφεύγουσι,

103 1713 305 1800 Μαρδόντης
321 1713 426 1780 δὲκαὶ
441 1710 459 1779 ὁ
471 1718 532 1780 τοῦ
545 1718 645 1793 πεζοῦ
659 1704 841 1798 στρατηγός
859 1711 1024 1797 Τιγράνης
1038 1738 1104 1798 μα-

101 1809 236 1895 χόμενοι
247 1817 433 1878 τελευτῶσι.
446 1809 517 1878 ”Eu
529 1810 565 1877 δέ
575 1810 772 1896 μαχομένων
783 1813 851 1874 τῶν
857 1811 1016 1895 Περσέων
1027 1806 1106 1877 ἀπί-
1121 1816 1175 1877 103

101 1930 200 1973 κοντο
208 1907 467 1992 Λακεδαιμόνιοι
478 1910 531 1976 καὶ
544 1911 578 1975 ολ
587 1903 658 1993 μετ’
668 1902 780 1973 αὐτῶν
791 1903 896 1973 καὶτὰ
908 1902 1007 1973 λοιπά
1020 1905 1113 1973 συν-’

101 2006 301 2088 διεχείριζον.
332 2007 452 2073 ἔπεσον
472 2004 508 2072 δέ
523 2007 578 2073 καὶ
593 2002 706 2071 αὐτῶν
719 2010 787 2071 τῶν
803 2001 972 2089 Ἑλλήνων
987 2007 1103 2090 συχνοὶ

101 2097 266 2186 ἐνθαῦτα,
286 2098 381 2169 άλλοι
398 2128 433 2171 τε
454 2105 509 2171 καὶ
523 2101 709 2172 Σικυώνιοι
729 2104 784 2170 καὶ
805 2099 987 2189 στρατηγός
1000 2109 1104 2189 Περί·

103 2208 192 2278 λεως.
220 2206 287 2265 τῶν
303 2201 340 2267 δὲ
356 2206 496 2288 Σαμίων
510 2207 545 2270 οί
562 2199 820 2289 στρατευόμενοι
834 2199 945 2279 ἐόντες
959 2226 994 2269 τε
1008 2204 1046 2268 ἐν
1057 2209 1103 2292 τῷ

102 2300 311 2392 στρατοπέδω
324 2307 370 2392 τῷ
385 2305 529 2391 Μηδικῷ
549 2303 605 2370 καί
619 2298 883 2387 ἀπαραιρημένοι
903 2296 943 2365 τά
958 2296 1045 2367 ὅπλα
1061 2295 1105 2378 ὡς

101 2393 191 2464 είδον
201 2393 321 2466 αὐτίκα
331 2396 404 2467 κατ’
418 2396 521 2487 ἀρχάς
529 2402 714 2486 γινομένην
724 2400 900 2485 ἑτεραλκέα
910 2394 973 2485 την
982 2397 1103 2485 μάχην,

99 2496 199 2579 ἕρδον
214 2491 296 2561 ὅσον
306 2498 475 2584 ἐδυνέατο,
491 2499 741 2585 προσωφελέειν
751 2498 925 2576 ἐθέλοντες
935 2510 1019 2565 τοῖσι
1026 2494 1104 2565 ’Έλ-

100 2598 185 2677 λησι.
208 2597 359 2678 Σαμίους
369 2592 406 2661 δέ
416 2595 544 2674 ίδόντες
555 2599 590 2664 ολ
598 2592 812 2674 ἀλλοιἽωνες
825 2595 999 2683 ἄρξαντας,
1014 2592 1102 2661 οὕτω

100 2686 140 2776 δὴ
163 2691 218 2757 καὶ
239 2687 333 2759 αὐτοὶ
356 2688 561 2774 ἀποστάντες
581 2691 646 2762 ἀπὸ
660 2695 821 2779 Περσέων
841 2696 1000 2764 ἐπέθεντο
1018 2708 1103 2764 τοῖσι
1241 2748 1244 2753 ,

99 2787 307 2874 βαρβάροισι.
339 2796 534 2877 Μιλησίοισι
551 2792 587 2860 δέ
602 2795 839 2880 προσετέτακτο
855 2794 917 2879 μέν
931 2799 999 2862 τῶν
1011 2801 1103 2881 Περ·
1120 2799 1172 2860 104

101 2890 186 2954 σέων
202 2883 261 2964 τάς
278 2886 414 2967 διόδους
428 2904 559 2978 τηρεῖν,
577 2898 740 2980 σωτηρίης
757 2893 885 2959 εἵνεκέν
900 2912 976 2979 σφι,
999 2889 1043 2971 ὡς
1057 2887 1101 2979 ἢν

98 2979 165 3069 άρα
180 2986 283 3069 σφέας
297 2989 533 3077 καταλαμβάνῃ
547 2984 603 3058 οἷά
617 3013 679 3079 περ
694 2991 864 3077 κατέλαβε,
879 2994 1008 3077 ἔχοντες
1021 2986 1102 3077 ἡγε-

99 3081 204 3169 μόνας
219 3079 387 3162 σάζωυται
399 3087 432 3164 ἐς
445 3082 504 3165 τάς
519 3084 673 3175 κορυφάς
688 3094 746 3175 τῆς
757 3087 939 3175 Μυκάλης·
958 3087 1102 3174 ἐτάχθη-

98 3198 162 3248 σαν
177 3180 239 3265 μίν
253 3205 319 3247 νυυ
332 3181 384 3250 ἐπὶ
398 3190 495 3252 τοῦτο
511 3180 548 3251 τό
561 3192 696 3273 πρῆγμα
710 3189 744 3255 οί
755 3186 918 3274 Μιλήσιοι
932 3185 1054 3254 τούτου
1065 3209 1101 3252 τε

99 3282 228 3348 εἵνεκεν
242 3282 297 3348 καὶ
311 3283 369 3349 ἳνα
385 3284 429 3371 μὴ
445 3286 626 3374 παρεόντες
641 3290 679 3355 ἐν
693 3294 739 3379 τῷ
755 3290 965 3379 στρατοπέδω
980 3314 1010 3356 τι
1024 3313 1102 3355 νεο·

97 3373 182 3462 χμδν
197 3379 360 3465 ποιέοιεν,
376 3384 410 3449 οί
421 3382 457 3451 δὲ
471 3390 541 3451 πάν
556 3381 594 3454 τό
609 3387 763 3454 ἐναντίον
778 3392 840 3455 τοῦ
855 3384 1102 3471 προστεταγμέ-

97 3498 162 3543 νου
175 3475 431 3627 ἐποίεονῇάλλας
442 3506 477 3549 τε
487 3481 729 3571 κατηγεόμενοί
737 3500 798 3569 σφι
810 3478 911 3565 ὁδοὺς
923 3480 1100 3568 φεύγουσι,

183 3585 283 3627 κενου.
331 3612 338 3627 ,
932 3580 966 3629 2⁸2
