2566 3934
217 254 279 322 162
379 214 386 221 ῃ
575 262 833 320 .ἐΙΕΙλο1)ΟΤΙ
871 291 873 297 r

214 416 356 505 σινδόνι,
370 415 425 489 διά
439 419 567 489 τούτων
579 421 756 489 δάκνουσι·
782 417 836 489 διὰ
853 422 889 489 δδ
902 429 963 490 τοῦ
974 422 1115 515 δικτύου,
1129 417 1206 492 οὑδὲ

215 520 400 603 πειρέονται
417 516 532 608 άρχήν.

169 633 202 688 96
305 614 353 684 Τά
375 619 411 686 δὲ
431 614 471 702 δὴ
495 616 595 686 πλοῖά
618 636 695 704 σφι,
722 629 806 684 τοῖσι
827 621 1064 708 φορτηγέουσι,
1091 620 1157 688 ἐστὶ
1171 620 1206 685 ἐκ

215 724 272 804 τῆς
285 713 436 801 άκάνθης
452 716 651 804 ποιεόμενα,
671 711 763 802 τῆςὴ
786 714 898 803 μορφὴ
924 719 985 804 μέν
1006 719 1074 785 ἐστι
1093 713 1206 803 ὑμοιο·

215 816 296 901 τάτη
310 821 356 905 τῷ
371 820 552 905 Κυρηναίῳ
565 821 677 904 λωτηῦ,
696 813 733 882 τό
746 816 782 882 δὲ
796 815 945 902 δάκρυον
955 816 1056 902 κόμμι
1067 820 1150 883 ἐστί·
1172 815 1207 880 ἐκ

216 915 337 1000 ταύτης
348 906 397 983 όν
407 921 464 1001 τῆς
475 912 627 1001 ἀκάνθης
640 913 824 999 κοψάμενοι
837 914 919 994 ξύλα
930 912 1061 1007 όσοντε
1072 910 1207 998 διπήχεα

216 1009 407 1098 πλινθηδόν
422 1023 625 1099 συντιθεῖσι,
639 1010 907 1099 ναυπηγεύμενοι
921 1013 1047 1098 τρόπον
1060 1011 1205 1079 τοιόνδε·

217 1113 292 1198 περὶ
305 1110 459 1197 γόμφους
479 1110 629 1191 πυκνούς
645 1115 700 1181 καὶ
719 1110 868 1198 μακροὺς
882 1119 1084 1201 περιείρουσι
1099 1106 1138 1179 τά
1155 1114 1207 1176 δι-

217 1211 321 1295 πάχεα
346 1209 443 1289 ξύλα·
470 1209 572 1278 ἐπεάν
596 1213 633 1279 δὲ
656 1210 768 1302 τρόπφ
788 1211 895 1302 τοότφ
918 1211 1206 1299 ναυπηγήσωνται,

218 1304 299 1398 ζυγά
315 1307 469 1391 ἐπιπολῆς
483 1312 628 1374 τείνουσι
640 1303 760 1374 αὑτων.
782 1313 919 1392 νομεῦσι
931 1307 966 1376 δὲ
980 1305 1079 1375 οὐδὲν
1091 1309 1206 1393 χρέον-

216 1430 286 1473 ται·
318 1410 447 1472 ἔσωθεν
473 1405 510 1472 δὲ
540 1402 598 1484 τὰς
629 1403 789 1492 ἁρμονίας
813 1407 850 1473 έν
875 1398 925 1474 οὑν
949 1407 1145 1474 ἐπάκτωσαν
1166 1408 1206 1490 τῇ

218 1502 340 1591 βύβλῳ.
369 1500 533 1585 πηδάλιον
551 1501 588 1569 δέ
608 1504 646 1569 ἓν
668 1508 856 1587 ποιεῦνται,
878 1505 1049 1571 καὶτοῦτο
1071 1499 1125 1570 διὰ
1150 1507 1207 1586 της

217 1598 577 1685 τρόπιοςδιαβυνεέται.
596 1604 674 1690 ίστῶ
695 1600 731 1667 δὲ
746 1596 919 1691 ιἰκανθίνφ
938 1600 1104 1686 χρέονται,
1124 1602 1190 1666 ίστί
1188 1634 1206 1648 -

217 1694 336 1763 οισιδέ
352 1700 548 1782 βυβλίνοισι.
571 1703 674 1763 ταῦτα
688 1692 728 1763 τὰ
742 1693 880 1764 πλοῖα’
861 1722 926 1763 ανα
915 1692 1056 1782 μὲν
1022 1720 1082 1764 τον
1104 1719 1207 1762 ποτα-

216 1790 282 1881 μόν
299 1788 341 1861 οὑ
363 1792 502 1860 δύναται
516 1788 700 1879 πλόειν,”
678 1818 722 1911 ην
738 1819 782 1880 μη
803 1792 981 1887 λαμπρός’
965 1793 1085 1880 άνεμος
1098 1796 1207 1879 ἐπέχῃ,
1277 1860 1278 1873 ,

217 1892 253 1957 ἐκ
267 1915 328 1975 γης
343 1889 379 1957 δὲ
393 1893 604 1975 παρέλκεται,
621 1915 703 1957 κατα
691 1888 799 1978 ροον
813 1890 849 1958 δ
862 1896 1023 1976 κομιῖεται
1038 1882 1117 1960 ὦδε·
1138 1895 1207 1957 ἔστι
1277 1922 1278 1933 ¹

91 2011 94 2018 ·
217 1989 253 2054 ἐκ
266 1993 406 2071 μυρίκης
422 1988 626 2074 πεποιημένη
640 1987 750 2074 θύρη,
771 1990 1019 2075 κατερραμμένη
1040 1992 1128 2073 ῥίπελ
1145 2012 1208 2054 κα-

216 2085 348 2172 λάμων,
370 2086 425 2151 καὶ
447 2090 542 2163 λίθος
564 2086 759 2171 τετρημένος
785 2083 977 2164 διτάλαντος
999 2083 1138 2171 μάλιστά
1164 2108 1208 2170 κη

216 2180 377 2266 σταθμόν.
398 2181 528 2248 τούτων
548 2178 610 2267 τὴν
629 2180 691 2268 μέν
710 2182 825 2267 θύρην
847 2182 1024 2265 δεδεμένην
1044 2179 1133 2269 κιάλφ
1147 2183 1203 2262 ἔμ·

215 2286 345 2363 προσθε
368 2283 428 2343 τοῦ
452 2283 571 2346 πλοίου
598 2276 687 2347 άπίει
713 2279 946 2364 ἐπιφέρεσθαι,
966 2274 1027 2345 τόν
1047 2276 1082 2344 δὲ
1105 2283 1208 2344 λίθον
1275 2316 1276 2335 ι

217 2373 306 2464 άλλφ
320 2373 411 2464 κάλφ
425 2371 554 2444 ὄπισθε.
582 2372 604 2462 ἡ
621 2374 683 2462 μὲν
697 2372 737 2461 δη
753 2374 844 2459 θύρη
858 2379 918 2441 τοῦ
932 2373 1014 2461 ῥόον
1028 2375 1207 2459 ἐμπίπτον-

149 2486 155 2511 s
215 2497 271 2549 τος
284 2471 397 2557 χωρέει
413 2473 550 2559 ταχέως,
571 2475 626 2541 καί
643 2475 730 2541 ἕλκει
746 2469 807 2556 τὴν
827 2476 928 2558 βάριν
949 2476 1060 2553 (τοῦτο
1080 2465 1142 2554 γάρ
1163 2464 1206 2552 δὴ
1274 2540 1275 2543 ¹

217 2566 346 2654 οὔνομά
360 2570 427 2637 ἐστι
440 2584 525 2638 τοῖσι
540 2577 682 2640 πλοίοισι
698 2570 877 2654 τούτοισι),
898 2565 917 2635 ὁ
932 2569 968 2634 δὲ
979 2574 1074 2645 λίθος
1083 2562 1207 2633 ὄπισθε

216 2664 433 2750 ἐπελκόμενος
457 2669 512 2735 καί
532 2664 598 2734 ἐόν
622 2669 659 2734 έν
679 2671 792 2755 βυσσῷ
813 2665 987 2732 κατιθύνει
1009 2661 1069 2731 τόν
1087 2661 1204 2731 πλόον.

215 2767 283 2828 ἐστι
298 2763 337 2830 δέ
348 2781 408 2849 σφι
423 2761 463 2831 τά
478 2773 575 2833 πλοῖα
589 2772 691 2832 ταῦτα
706 2766 830 2851 πλήθεϊ
841 2760 962 2848 πολλὰ,
978 2764 1032 2831 καὶ
1045 2762 1115 2849 άγει
1131 2767 1207 2829 ἔνια

214 2857 338 2939 πολλάς
350 2862 497 2946 χιλιάδας
509 2865 689 2935 ταλάντων.
1272 2910 1273 2937 ;

165 2972 198 3028 97
296 2952 415 3024 Ἐπεὰν
438 2958 470 3027 δ’
491 2963 615 3051 έπέλθη
635 2959 789 3041 ὁΝεῑλος
807 2958 869 3046 τὴν
889 2959 1017 3046 χώρην,
1038 2958 1209 3038 αίπόλιες

215 3059 337 3141 μοῦναι
362 3064 537 3142 φαίνονται
561 3057 797 3146 ὑπερέχουσαι,
818 3058 960 3146 μάλιστά
983 3083 1025 3176 κη
1049 3059 1210 3144 ἐμφερέες
1271 3076 1272 3137 3

213 3157 287 3240 τῇσι
302 3153 397 3243 ἐντῷ
412 3164 445 3222 A
444 3162 539 3248 ίγαίφ
553 3158 665 3250 πόντφ
679 3158 819 3246 νήσοισι.
842 3182 883 3224 τα
871 3153 1012 3244 μὲν
972 3181 1036 3276 γαρ
1051 3152 1188 3225 άλλα
1147 3183 1211 3244 της
1269 3188 1271 3269 ρ

182 3316 192 3326 ,,
213 3247 387 3334 Αἰγύπτου
401 3256 540 3339 πέλαγος
559 3263 701 3342 γίνεται,
722 3261 758 3325 αί
777 3256 813 3325 δὲ
828 3256 942 3335 πόλιες
962 3262 1083 3343 μοῦναι
1099 3254 1210 3343 ὑπερ·
1270 3272 1271 3333 λ

214 3348 335 3432 έχουσι.
358 3346 645 3437 πορθμεύονται
618 3380 683 3441 ων,
698 3353 800 3423 ἐπεάν
813 3362 911 3423 τοῦτο
925 3356 1076 3442 γένηται,
1093 3351 1208 3426 οὐκέτι

213 3440 296 3510 κατά
312 3467 353 3510 τα
341 3442 489 3534 ῥέεθρα
502 3458 563 3519 τοῦ
583 3460 749 3541 ποταμοῦ,
772 3451 855 3523 άλλιὶ
876 3451 931 3522 διά
950 3456 1054 3539 μέσον
1066 3460 1128 3524 τοῦ
1143 3480 1211 3525 πε-
1267 3498 1268 3501 ¹
