2606 3920
336 208 422 277 Lm.
456 209 513 265 vn.
547 208 646 266 τεο.
676 213 850 270 192-197.
1036 204 1100 272 207

95 364 216 455 φυγὼν
231 372 375 436 ἔσεσθαι.
406 362 451 445 ἀς
470 365 536 451 γάρ
556 384 662 451 σφεας
682 362 773 434 εἶδον
793 368 1053 453 προσπλώοντας
1067 370 1102 438 ol

1 547 2 552 η
92 466 265 555 Ελληνες,
279 464 447 555 μαθόντες
458 462 570 532 αὐτῶν
581 462 644 551 τὴν
657 465 841 551 γινομένην
852 461 1026 554 ἁμαρτάδα
1040 467 1100 534 ἐπ·
1294 532 1296 585 Ι

95 570 297 653 αναχθέντες
312 561 474 643 ευπετέως
485 565 590 648 σφέας
606 559 705 631 εἷλον.
727 559 781 630 Ἐν
796 589 925 633 τουτων
936 592 996 654 μιη
1013 561 1103 650 Ἀρί-
1120 576 1169 631 195
1294 590 1296 645 χ

1 679 2 682 ’
95 675 194 748 δωλις
208 668 331 737 πλόων
341 662 430 752 ἥλω,
445 660 612 750 τύραννος
622 659 839 750 Ἀλαβάνδων
849 671 917 733 τῶν
930 666 968 733 ἐν
979 670 1070 750 Καρί
1068 688 1100 752 η,
1295 668 1296 675 ’

1 775 2 792 ’
95 773 133 838 ἐν
148 767 242 856 ἑτέρη
256 767 292 835 δὲ
306 762 325 833 ὁ
339 764 473 850 Πάφιος
487 760 671 848 στρατηγός
682 762 862 843 Πενθύλος
873 759 892 832 ό
903 760 1099 851 Δημονόου,

95 865 132 947 ἀς
143 860 203 954 ἦγε
218 866 280 952 μὲν
291 863 444 932 δυώδεκα
458 865 535 941 νέας
546 863 583 930 ἐκ
594 861 730 949 Πάφου,
747 858 928 950 ἀποβαλων
938 866 978 931 δέ
986 883 1101 948 σφεων

95 961 153 1042 τάς
169 965 287 1030 ἕνδεκα
302 966 347 1052 τῷ
360 966 541 1049 χειμῶνι
510 985 556 1027 τω
542 962 742 1050 γενομένῳ
757 985 840 1027 κατα
829 957 1026 1047 Σηπιάδα,
1041 965 1101 1049 μιῇ

96 1090 135 1153 τη
120 1060 389 1148 περιγινομένη
403 1055 611 1126 καταπλοόων
626 1052 679 1125 ἐπ’
694 1052 900 1144 Ἀρτεμίσιον
916 1055 996 1145 ἥλω.
1019 1055 1101 1124 τοό-

95 1185 173 1238 τους
189 1162 223 1226 οί
230 1155 387 1243 Ἕλληνες
401 1153 671 1243 ἐξιστορήσαντες
680 1179 720 1221 τα
709 1150 912 1241 ἐβούλοντο
926 1157 1099 1224 πυθέσθαι

96 1252 161 1324 ἀπὸ
184 1261 241 1340 τῆς
256 1257 385 1338 Ξέρξεω
399 1258 570 1338 στρατιῆς,
592 1248 827 1337 ἀποπέμπουσι
848 1256 1047 1340 δεδεμένους
1067 1254 1100 1332 ἐς

97 1349 156 1421 τόν
173 1357 368 1437 Κορινθίων
384 1351 579 1470 ίσθμόᾈ(

172 1446 210 1515 ‘0
224 1447 286 1535 μὲν
301 1446 341 1535 δη“
358 1472 542 1527 ναυτικοςο
557 1447 818 1535 τῶνβαρβάρων
830 1446 979 1536 στρατός,
996 1448 1100 1537 πάρεξ
1116 1458 1169 1515 196

1 1571 2 1630 J
97 1556 164 1616 τῶν
178 1550 414 1616 πεντεκαίδεκα
435 1552 537 1633 νεῶν,
561 1551 628 1612 τῶν
646 1543 740 1613 εἷπον
758 1545 942 1615 Σανδώκεα
957 1568 1100 1634 στρατη-

96 1651 196 1735 γέειν,
212 1643 347 1716 ἀπίκετο
359 1648 392 1725 ἐς
401 1642 548 1732 Ἀφετάς
572 1647 693 1731 Ξέρξης
705 1645 741 1712 δὲ
757 1640 844 1714 καὶὸ
862 1642 958 1728 πεζός
974 1669 1100 1731 πορευ-
1134 1650 1137 1655 ’

96 1741 169 1826 θεὶς
185 1744 239 1815 διά
256 1751 438 1832 Θεσσαλίης
461 1747 516 1813 καὶ
532 1742 674 1831 Ἀχαιίης
694 1741 902 1832 ἐσβεβληκιός
922 1738 966 1833 ἦν
988 1749 1043 1813 καὶ
1058 1744 1099 1834 δὴ

96 1859 239 1932 τριταῖος
256 1847 289 1922 ἐς
304 1847 470 1929 Μηλιέας,
491 1844 528 1910 ἐν
542 1848 708 1931 Θεσσαλίῃ
721 1843 784 1929 μὲν
799 1840 942 1929 ἀμιλλαν
956 1843 1100 1928 ποιησά-

1 1958 7 1986 ’
97 1971 197 2032 μενος
210 1947 322 2012 ἵππων
336 1950 404 2012 τῶν
420 1946 563 2031 ἑωυτοῦ,
586 1942 859 2031 ἀποπειρώμενος
874 1946 1000 2032 καὶτῆς
1014 1954 1101 2014 Θεο-

97 2050 211 2130 σαλίης
225 2047 347 2131 ἵππου,
363 2044 557 2130 πυθόμενος
570 2041 614 2124 ἀς
631 2042 748 2131 ἀρίστη
761 2054 811 2131 είη
824 2050 891 2112 τῶν
905 2046 942 2113 ἐν
949 2042 1099 2133 Ἕλλησι·

98 2148 182 2212 ἔνθα
200 2140 241 2230 δὴ
259 2148 295 2212 αί
301 2141 488 2229 Ἑλληνίδες
502 2144 597 2210 ἵπποι
613 2145 781 2212 ἐλείποντο
798 2144 934 2214 πολλόν.
957 2153 1024 2213 τῶν
1038 2145 1101 2232 μέν

97 2272 162 2313 νυν
176 2247 213 2313 ἐν
227 2251 393 2334 Θεσσαλίη
413 2250 572 2331 ποταμῶν
589 2241 772 2331 Ὀνόχωνος
787 2252 913 2333 μοῦνος
935 2243 998 2314 οόκ
1019 2242 1102 2314 ἀπέ-

96 2363 196 2433 χρησε
207 2350 246 2433 τῇ
258 2351 393 2434 στρατιῇ
404 2342 440 2413 τό
451 2346 595 2431 ῥέεθρον
607 2345 797 2431 πινόμενος,
806 2350 873 2413 τάν
884 2348 921 2413 δὲ
931 2348 968 2414 ἐν
979 2344 1102 2433 Ἀχαιίη

3 2444 5 2457 ’
97 2448 255 2528 ποταμῶν
270 2441 418 2529 ῥεόντων
433 2438 513 2510 οὐδὲ
527 2439 618 2521 ὅστις
634 2444 787 2529 μέγιστος
800 2438 913 2509 αὐτῶν
927 2444 994 2509 ἐστὶ
1005 2439 1101 2509 Ἠπι-

98 2537 216 2624 δανός,
231 2536 310 2609 οὐδὲ
325 2532 423 2620 οὗτος
441 2537 577 2628 ἀντέσχε
591 2545 622 2609 εί
635 2538 679 2628 μη
696 2539 864 2626 φλαύρως.
884 2536 935 2617 Ἐς
945 2538 1048 2606 Ἀλον
1065 2539 1102 2608 δέ
1118 2554 1168 2611 197
1301 2614 1302 2619 ,

4 2654 6 2697 ἓ
97 2646 154 2725 τῆς
165 2636 307 2724 ’Ᾱχαιίης
322 2635 512 2729 ἀπικομένῳ
529 2640 634 2727 Ξέρξη
649 2643 684 2706 οί
700 2634 923 2723 κατηγεμόνες
944 2642 1001 2724 τῆς
1016 2633 1099 2704 ὁδοῦ

97 2734 299 2824 βουλόμενοι
319 2732 356 2803 τό
372 2741 440 2803 πᾶν
454 2739 648 2822 ἐξηγέεσθαι
670 2734 786 2823 ἔλεγόν
801 2738 836 2803 οί
849 2733 1027 2820 ἐπιχώριον
1039 2732 1101 2802 λό-

96 2859 178 2919 γον,
196 2828 236 2898 τά
250 2833 326 2914 περὶ
339 2828 376 2899 τό
393 2831 469 2919 ίρδν
484 2840 544 2901 τοῦ
557 2841 756 2922 Λαφυστίου
772 2829 874 2915 Διός,
890 2828 935 2910 ὦς
951 2827 1100 2918 Ἀθάμας

96 2927 251 3001 ὁΑίόλον
262 2929 488 3017 ἐμηχανήσατο
497 2935 607 3024 Φρίξῳ
617 2934 726 3020 μόρον
737 2930 803 3000 σάν
814 2930 894 3000 Ἰνοῖ
901 2930 1099 3019 βουλεύσας,

6 3036 10 3139 'l
96 3033 285 3116 μετέπειτεν
298 3028 335 3094 δέ
347 3024 391 3106 ὦς
406 3030 443 3095 ἐκ
456 3037 667 3116 θεοπροπίου
677 3028 799 3117 Ἀχαιοὶ
813 3039 1001 3116 προτιθεῖσι
1015 3040 1100 3095 τοῖσι

6 3144 7 3157 ’
96 3123 258 3198 ἐκείνου
238 3126 436 3213 απογονοισι
447 3125 593 3210 αέθλους
604 3127 802 3199 τοιουσδε
782 3121 975 3218 οςανητου
961 3131 1101 3214 γένεος

95 3229 218 3298 τούτου
239 3227 482 3317 πρεσβύτατος,
508 3231 615 3300 τοότω
633 3230 842 3313 ἐπιτάξαντες
862 3235 1021 3316 ἔργεσθαι
1039 3237 1100 3295 τοῦ

96 3331 305 3448 πρυτανηίου
323 3323 418 3395 αὐτοὶ
438 3329 592 3415 φυλακάς
613 3337 725 3417 έχουσι
745 3329 873 3419 (λη’ῑτον
891 3328 928 3395 δὲ
943 3328 1099 3396 καλέουσι

96 3420 131 3490 τό
152 3423 360 3511 πρυτανήιον
375 3423 428 3494 οί’
422 3425 609 3514 Αχαιοί),
587 3456 631 3517 ην
646 3431 682 3498 δ
700 3427 832 3516 ἐσέλθῃ,
847 3423 911 3496 οάκ
926 3432 994 3494 ἔστι
1012 3418 1100 3490 όκον
