2622 3928
194 232 235 294 28
574 229 825 288 εεεοοοει
897 186 900 191 ’

195 391 340 478 ὕστερον
354 387 421 457 ῦπδ
435 393 594 457 Βοιωτῶν
605 383 834 472 ἀναχωρέουσι
846 387 879 462 ἐς
890 381 1052 472 Ἀθήνας·
1072 390 1131 453 καί
1141 406 1207 473 σφι

196 490 253 578 ἱρά
272 494 339 558 ἐστι
362 485 577 575 ἐν”Αθήνησι
596 488 776 573 ἱδρυμένα,
803 490 871 551 τῶν
892 479 994 552 οῦδὲν
1014 486 1095 571 μέτα
1117 497 1208 552 τοῖσι

196 599 340 658 λοιποῖσι
354 586 579 674 Ἀθηναίοισι,
600 584 687 655 άλλα
707 611 742 653 τε
761 587 988 672 κεχωρισμένα
1002 590 1072 652 τῶν
1090 583 1208 654 ἄλλων

197 695 281 773 ίρῶν
297 690 353 756 καλ
369 685 410 774 δὴ
425 690 482 756 καὶ
495 684 637 773 Ἀχαιίης
650 686 830 771 Δήμητρος
845 683 923 771 ίρόν
937 686 1044 752 τεκαὶ
1058 681 1168 770 ὄργια.

148 799 182 854 σε
276 787 390 874 Ἡμέν
400 784 525 874 δὴόμις
536 790 599 853 τοῦ
606 783 789 871 Ἱππάρχου
802 784 1040 868 ἐνυπνίον,καὶ
1050 786 1206 867 οίΓεφν-

198 903 287 977 ρατοι
301 887 387 958 ὅθεν
405 886 622 974 ἐγεγόνεσαν,
642 892 712 953 τῶν
728 876 817 971 ἦσαν
831 888 866 952 οί
872 881 1056 970 Ἱππάρχου
1071 885 1204 968 φονέες,

197 987 367 1074 ἀπήγηταί
378 1010 452 1072 μοι·
476 987 543 1054 δέει
557 986 594 1053 δὲ
609 981 694 1070 πρός
709 983 858 1052 τούτοισι
877 988 925 1051 ἔτι
943 980 1127 1071 ἀναλαβεῖν
1142 978 1206 1050 τόν

197 1083 272 1154 κατ’
289 1080 391 1169 ἀρχάς
405 1081 462 1170 ἤια
483 1083 588 1163 λέξων
608 1081 729 1168 λόγον,
752 1078 797 1160 ῶς
816 1081 996 1169 τυράννων
1008 1076 1206 1168 ἠλευθερῶ-

198 1194 312 1268 θησαν
322 1178 504 1267 Ἀθηναῖοι.
536 1179 668 1249 Ἱππίεω
678 1179 946 1263 τυραννεύοντος
957 1183 1014 1248 καὶ
1029 1182 1206 1266 έμπικραι-
1291 1178 1292 1181 ’

200 1283 346 1366 νομένον
368 1277 576 1367 Ἀθηναίοισι
596 1276 652 1347 διά
674 1276 735 1346 τδν
754 1276 937 1364 Ἱππάρχου
957 1277 1111 1346 θάνατον
1130 1275 1206 1346 Ἀλ-
1292 1324 1293 1329 1

200 1382 399 1466 κμαιωνίδαι
421 1379 519 1463 γένος
541 1376 652 1456 ἐόντες
670 1375 843 1464 Ἀθηναῖοι
857 1380 912 1445 καὶ
927 1378 1109 1463 φεύγοντες
1121 1384 1206 1445 Πει·
1293 1426 1294 1457 3

201 1480 426 1560 σιστρατίδας,
449 1478 523 1544 ἐπεί
539 1479 576 1543 τέ
589 1495 651 1560 σφι
671 1473 741 1561 ἅμα
761 1490 847 1544 τοῖσι
868 1473 999 1544 άλλοισι
1016 1473 1207 1561 Ἀθηναίων
1293 1466 1294 1503 ³

201 1574 329 1659 φυγάσι
355 1576 590 1660 πειρωμένοισι
615 1570 698 1640 κατὰ
722 1569 760 1640 τό
787 1570 927 1661 ἰσχυρόν
951 1570 994 1641 οὐ
1017 1572 1206 1660 προεχώρεε

201 1670 357 1757 κάτοδος,
379 1668 464 1741 ἀλλὰ
487 1673 712 1759 προσέπταιον
728 1671 881 1757 μεγάλως
899 1670 1102 1758 πειρώμενα
1124 1697 1204 1739 κατ-

202 1772 288 1837 ιέναι
313 1794 349 1836 τε
369 1773 425 1839 καὶ
444 1774 651 1857 ἐλευθεροῦν
670 1767 730 1849 τάς
749 1767 911 1857 Ἀθήνας,
938 1771 1146 1856 Λειψύδριον
1164 1768 1202 1839 τό

85 1868 87 1871 ’
201 1865 287 1952 ὑπὲρ
305 1874 469 1954 Παιονίης
488 1876 704 1955 τειχίσαντες,
730 1868 880 1935 ἐνθαῦτα
900 1872 935 1936 οέ
950 1866 1204 1955 Ἀλκμαιωνίδαι
1296 1950 1297 1957 χ

139 2035 141 2038 ,
201 1975 270 2034 πᾶν
283 1969 336 2035 ἐπὶ
349 1981 435 2036 τοῖσι
444 1972 737 2056 Πεισιστρατίδῃσι
746 1967 980 2054 μηχανώμενοι
991 1966 1072 2053 παρ’
1086 1965 1204 2054 Ἀμφι-
1296 1960 1297 2043 λ

203 2066 358 2134 κτυόνων
367 2063 428 2133 τὸν
438 2064 524 2151 νηδν
537 2074 740 2153 μισθοῦνται
750 2064 812 2134 τόν
825 2069 863 2134 ἐν
873 2075 1048 2153 Δελφοῖσι,
1064 2064 1126 2134 τόν
1139 2071 1205 2132 νῦν

203 2161 317 2249 ἐόντα,
331 2162 407 2232 τότε
421 2164 459 2231 δέ
476 2162 583 2248 οῦκω,
598 2172 721 2234 τοῦτον
730 2168 989 2255 ἐξοικοδομῆσαι.
1010 2161 1064 2234 οἷα
1078 2166 1115 2240 δὲ
1124 2189 1205 2252 χρη-

203 2260 318 2346 μάτων
334 2254 374 2327 εό
388 2258 526 2346 ἥκοντες
542 2265 598 2331 καὶ
618 2264 729 2342 ἐόντες
748 2260 869 2351 ἄνδρες
890 2265 1022 2351 δόκιμοι
1037 2263 1205 2335 ἀνέκαθεν

204 2364 262 2444 ἔτι,
273 2357 334 2425 τόν
346 2383 382 2424 τε
393 2354 478 2442 νηδν
489 2360 708 2446 ἐξεργάσαντο
719 2369 780 2428 τοῦ
790 2366 1055 2450 παραδείγματος
1066 2362 1206 2431 κάλλιον

203 2456 245 2523 τά
260 2483 294 2523 τε
308 2453 409 2541 ἄλλα,
423 2459 480 2524 καὶ
491 2464 712 2545 συγκειμένου
727 2480 789 2547 σφι
804 2470 956 2551 πωρίνου
966 2470 1069 2532 λίθον
1079 2466 1205 2531 ποιέειν

153 2565 188 2619 63
204 2552 265 2622 τὸν
282 2552 368 2639 νηόν
379 2561 513 2644 Παρίου
532 2554 574 2625 τά
592 2563 764 2644 ἔμπροσθε
784 2558 891 2629 αὐτοῦ
908 2563 1110 2649 ἐξεποίησαν.
1147 2556 1205 2638 Ὡς

206 2644 254 2719 ῶν
266 2648 305 2739 δὴ
319 2656 354 2720 οἱ
361 2650 534 2740 Ἀθηναῖοι
549 2658 695 2745 λέγουσι,
711 2650 805 2728 οῦτοι
819 2663 855 2728 οί
862 2658 982 2748 ἄνδρες
992 2664 1031 2729 ἐν
1040 2668 1204 2746 Δελφοίσι

204 2752 383 2841 κατήμενοι
395 2749 577 2825 όνέπειθον
587 2754 650 2844 τὴν
659 2764 798 2846 Πυθέην
807 2758 961 2846 χρήμασι,
975 2758 1063 2839 ὅκως
1073 2765 1205 2827 ἔλθοιεν

204 2858 443 2939 Σπαρτιητέων
459 2853 582 2941 ἄνδρες
597 2865 662 2923 εἴτε
679 2862 751 2947 ίδίῳ
766 2858 874 2948 στόλῳ
889 2866 954 2925 είτε
963 2862 1112 2946 δημοσίῳ
1124 2880 1206 2942 χρη·

204 2950 359 3035 σόμενοι,
382 2953 568 3038 προφέρειν
584 2973 645 3039 σφι
660 2954 720 3035 τάς
730 2955 874 3043 Ἀθήνας
888 2957 1103 3042 ἐλευθεροῦν.
1131 2960 1206 3021 ’Λα-

206 3045 412 3132 κεδαιμόνιοι
429 3048 482 3135 δέ,
505 3048 550 3129 ῶς
565 3072 627 3136 σφι
646 3057 710 3120 αίελ
729 3050 835 3121 τῶυτδ
855 3052 1053 3142 πρόφαντον
1070 3054 1205 3139 ἐγίνετο,

206 3148 373 3231 πέμπουσι
392 3141 600 3233 Ἀγχιμόλιον
620 3148 681 3217 τόν
701 3148 866 3237 Ἀστέρος,
888 3150 987 3219 ἐόντα
1008 3156 1077 3218 τῶν
1097 3148 1206 3218 ἀστῶν

206 3242 315 3328 ἄνδρα
334 3242 491 3331 δόκιμον,
518 3244 585 3313 σῦν
605 3256 734 3338 στρατῶ
753 3250 915 3328 ἐξελῶντα
935 3250 1207 3334 Πεισιστρατίδας

207 3345 240 3421 ἐξ
253 3338 439 3429 Ἀθηνέων,
460 3338 551 3430 ὅμως
563 3346 620 3413 καὶ
638 3349 767 3425 ξείνους
782 3365 844 3433 σφι
858 3349 973 3426 ἐόντας
993 3346 1034 3415 τά
1048 3347 1206 3435 μάλιστα·

206 3437 247 3507 τά
262 3440 327 3526 γάρ
346 3446 408 3507 τοῦ
430 3448 517 3510 θεοῦ
539 3444 751 3531 πρεσβύτερα
771 3447 944 3514 ἐποιεῦντο
959 3440 982 3530 ἢ
997 3442 1037 3510 τᾶ
1058 3451 1127 3511 τῶν
1147 3439 1207 3508 όν-
