2618 3928
1074 82 1261 104 '’1‘''m
1278 87 1287 102 ε

369 217 455 273 LlB.
487 217 545 272 VH.
579 216 677 273 GAP.
709 221 885 280 121-127.
1070 219 1132 283 173

201 363 242 446 Ὅ
256 377 318 463 μὲν
330 375 371 462 δή
383 371 541 454 ναυτικὰς
552 369 691 462 στρατός
702 370 808 443 αύτοῦ
819 380 895 459 περὶ
906 375 1014 459 Ἀξιὸν
1028 406 1133 450 ποτα·
1148 403 1198 456 124

125 472 193 563 μδν
206 476 261 543 καὶ
275 474 377 543 πόλιν
387 477 523 559 Θέρμην
537 473 592 540 καί
606 469 665 551 τάς
679 470 802 558 μεταξύ
817 475 913 554 πόλις
926 476 1056 545 τούτων
1068 505 1131 550 πε-

125 576 273 663 ριμένων
288 574 425 662 βασιλέα
435 571 742 659 ἐστρατοπεδεύετο,
758 574 880 661 Ξέρξης
891 574 928 642 δὲ
938 579 993 644 καὶ
1004 573 1022 644 δ
1035 576 1130 659 πεζὸς

12 690 13 695 ’
125 667 265 759 στρατός
279 669 457 758 ἐπορεύετο
478 670 516 737 ἐκ
531 673 590 755 τῆς
607 665 777 738 Ἀκάνθου
792 669 856 759 τήν
870 674 1054 761 μεσόγαιαν
1069 678 1130 744 τά·

11 796 13 855 ς
124 797 221 858 μνυν
240 776 299 858 τῆς
313 766 413 855 ὁδοῦ,
430 766 637 857 βουλόμενος
655 771 689 847 ἐς
706 766 768 854 τήν
782 772 917 858 Θέρμην
937 770 1127 843 ἀπικέσθαι.

11 864 13 923 ῗ
124 869 302 957 ἐπορεύετο
314 870 351 937 δέ
362 867 419 938 διὰ
429 875 487 956 τῆς
495 874 681 954 Παιονικῆς
690 871 746 937 καὶ
755 877 993 960 Κρηστωνικῆς
1003 877 1055 945 ἐπὶ
1066 900 1129 943 πο-

123 965 232 1055 ταμὸν
249 964 459 1053 Ἐχείδωρον,
481 962 518 1045 ὃς
534 969 571 1034 ἐκ
588 973 837 1053 Κρηστωναίων
858 965 1043 1056 ἀρξάμενος
1062 974 1128 1059 ῥέει

124 1061 181 1134 διδ
191 1068 391 1152 Μυγδονίης
403 1063 512 1152 χάρης
522 1065 579 1132 καὶ
589 1065 667 1144 ἐξίει
676 1060 767 1149 παρὰ
777 1062 815 1132 τδ
831 1067 905 1146 ἕλος
918 1065 956 1135 τδ
969 1066 1021 1135 ἐπ’
1035 1067 1129 1161 Ἀξιῷ

123 1169 284 1254 uotam:
303 1166 530 1255 Πορευομένςο
544 1165 582 1232 δέ
601 1163 706 1251 ταύτη
726 1164 856 1242 λέοντές
873 1168 907 1232 οί
921 1167 1129 1253 ἐπεθήκαντο
1145 1183 1196 1237 125

122 1271 198 1353 τῇσι
209 1262 418 1351 σιτοφόροισι
429 1263 616 1352 καμήλοισι.
631 1265 904 1348 καταφοιτέοντες
914 1260 979 1350 γάρ
990 1269 1025 1333 οί
1032 1267 1129 1333 λέον-

9 1440 11 1447 ⁴
123 1388 178 1442 τες
188 1356 249 1440 τάς
258 1360 383 1442 νύκτας
396 1365 451 1431 καί
462 1369 632 1442 λείποντες
642 1359 683 1430 τά
694 1364 839 1448 σφέτερα
848 1360 936 1449 ἤθεα
946 1362 1051 1431 ἄλλον
1065 1364 1128 1449 μὲν

8 1534 10 1541 .
124 1456 265 1540 οὐδενὸς
278 1458 422 1531 ἅπτοντο
440 1460 519 1530 ούτε
531 1459 716 1547 ὑποζυγίου
732 1458 810 1528 οὔτε
824 1457 1027 1548 άνθρύπου,
1045 1465 1080 1528 οί
1091 1462 1128 1528 δέ

122 1558 182 1640 τάς
196 1559 366 1647 καμήλους
383 1560 552 1648 ἐκεράιζον
565 1559 704 1647 μούνας.
723 1557 893 1645 θωνμάζω
908 1561 945 1628 δέ
954 1559 992 1628 τδ
1007 1569 1126 1644 αίτιον,

122 1656 144 1723 ὅ
155 1683 188 1725 τι
202 1658 279 1725 κοτέ
292 1650 347 1744 ήν,
362 1664 430 1726 τῶν
441 1656 553 1727 ἄλλων
563 1655 600 1725 τό
614 1654 802 1742 ἀναγκάζον
813 1653 1038 1744 ἀπεχομένους
1048 1655 1128 1736 τούς

7 1840 9 1845 ¹
125 1757 259 1835 λέοντας
272 1762 348 1844 τῇσι
367 1756 546 1844 καμήλοισι
559 1758 787 1840 ἐπιτίθεσθαι,
807 1753 845 1824 τό
860 1755 943 1841 μήτε
961 1755 1127 1841 πρότερον

6 1854 9 1945 ξ
123 1849 304 1922 ὄπιόπεσαν
315 1860 440 1939 θηρίον
452 1851 530 1941 μήτ’
547 1857 758 1941 ἐπεπειρέατο
774 1849 888 1940 αύτού.
911 1857 986 1921 Elui
997 1854 1033 1920 δὲ
1043 1851 1127 1921 κατὰ
1145 1871 1195 1925 126

6 1968 7 1981 ¹
125 1956 227 2018 ταῦτα
239 1947 280 2019 τά
296 1956 400 2037 χωρία
415 1953 470 2019 καί
486 1954 618 2031 λέοντες
631 1953 748 2021 πολλοὶ
763 1953 818 2019 καί
832 1949 909 2037 βόες
922 1949 1043 2037 ἄγριοι,
1059 1958 1128 2018 τῶν

125 2051 163 2121 τοὶ
186 2052 284 2139 κέρεα
302 2049 542 2140 ὑπερμεγάθεά
563 2051 693 2121 ἐστιτὰ
715 2050 920 2137 ἐςἝλληνας
939 2054 1125 2137 φοιτέοντα.

122 2142 224 2237 ούρος
238 2149 275 2217 δὲ
289 2163 375 2218 τοίσι
388 2152 504 2219 λέουσί
515 2153 584 2220 ἐστι
595 2149 615 2219 ὅ
625 2177 660 2219 τε
675 2148 720 2221 δι’
736 2149 907 2238 Ἀβδήρων
922 2153 1008 2237 ῥέων
1022 2174 1127 2217 ποτα-

6 2252 8 2263 ’
121 2246 183 2334 μός
196 2246 324 2327 Νέστος
339 2250 395 2316 καί
416 2246 434 2315 ὁ
450 2246 496 2316 δι’
516 2247 733 2337 Ἀκαρνανίης
753 2253 841 2338 ῥέων
859 2246 1023 2339 Ἀχελῷος.
1048 2246 1126 2314 οὔτε

6 2344 8 2359 ⁶
118 2347 184 2437 γάρ
199 2345 237 2418 τό
248 2346 333 2437 πρὸς
346 2347 409 2436 τήν
418 2346 469 2436 ήῶ
479 2356 541 2417 τού
551 2353 685 2419 Νέστον
696 2347 865 2436 ούδαμόθι
877 2347 985 2435 πάσης
994 2354 1053 2433 τῆς
1067 2352 1126 2431 έμ-

119 2459 249 2535 προσθε
265 2446 433 2536 Εὐρύτης
447 2454 514 2518 ίδοι
528 2474 578 2529 τις
592 2445 637 2517 ἂν
651 2451 782 2534 λέοντα,
798 2447 874 2517 οὕτε
886 2447 969 2533 πρὸς
986 2452 1125 2534 ἑσπέρης

120 2555 181 2616 τοῦ
191 2543 354 2637 Ἀχελςόον
369 2548 406 2615 ἐν
420 2555 461 2636 τῇ
475 2550 634 2639 ἐπιλοίπῳ
648 2545 790 2639 ήπείρμ,
806 2544 881 2616 ἀλλ’
897 2550 935 2614 ἐν
948 2554 988 2635 τῇ
1002 2541 1124 2633 μεταξύ
1298 2562 1299 2635 χ

119 2644 251 2713 τούτων
271 2652 339 2712 τῶν
361 2652 520 2730 ποταμῶν
541 2652 703 2731 γίνονται.
731 2642 789 2725 Ὡς
805 2645 842 2713 δέ
862 2646 896 2724 ἐς
914 2642 977 2731 τήν
991 2647 1127 2728 Θέρμην
1143 2658 1193 2716 m
1297 2720 1298 2733 χ

6 2734 7 2737 “
120 2729 429 2829 άπίκετοδΞέρξης,
444 2745 562 2826 ἵδρυσε
578 2742 685 2812 αὐτοῦ
697 2744 760 2831 τήν
776 2742 943 2832 στρατιήν.
964 2745 1078 2825 ἐπέσχε
1089 2739 1125 2806 δέ

6 2912 7 2917 ,
120 2837 138 2909 ὁ
155 2836 293 2923 στρατὸς
304 2836 411 2908 αὐτοῦ
422 2843 766 2928 στρατοπεδευόμενος
775 2840 838 2928 τήν
848 2838 937 2924 παρά
947 2840 1125 2909 θάλασσαν

118 2939 233 3028 χύρην
252 2941 411 3026 τοσήνδε,
432 2938 617 3028 ἀρξάμενος
631 2939 698 3010 άπὸ
714 2946 845 3029 Θέρμης
861 2941 978 3020 πόλιος
992 2942 1048 3008 καὶ
1067 2945 1125 3024 τῆς

123 3041 318 3124 Μυγδονίης
328 3043 423 3126 μέχρι
433 3040 566 3108 Λνδίειό
576 3065 612 3108 τε
622 3049 774 3127 ποταμοῦ
784 3038 1076 3127 καίἈλιάκμονος,
1091 3043 1127 3105 οἳ

6 3184 7 3187 =
119 3135 435 3225 ούρίζουσιγῆυτήν
444 3143 634 3208 Βοττιαιίδα
644 3142 979 3220 τεκαέΜακεδονίδα,
991 3141 1024 3214 ἐς
1033 3133 1123 3203 τάυ-

116 3233 153 3304 τό
177 3238 321 3323 ῥέεθρον
340 3234 378 3304 τό
401 3234 494 3320 ὕδωρ
519 3245 768 3324 συμμίσγοντες.
802 3234 1122 3323 ἐστρατοπεδεύοντο

6 3332 7 3363 ³
117 3336 181 3419 μέν
196 3332 236 3421 δή
251 3337 289 3403 ἐν
309 3335 459 3405 τούτοισι
475 3351 560 3406 τοῖσι
574 3343 724 3423 χωρίοισι
741 3341 774 3405 οί
791 3335 972 3422 βάρβαροι,
996 3338 1064 3398 τῶν
1086 3330 1123 3399 δέ

119 3435 392 3514 καταλεχθέντων
405 3436 536 3503 τούτων
551 3443 711 3521 ποταμῶν
730 3438 768 3502 ἐκ
782 3435 1021 3519 Κρηστωναίης
1035 3431 1124 3512 ῥέων
