2566 3934
57 9 167 119 1

317 269 401 324 LIB.
434 271 452 324 1.
487 270 585 327 CAP.
624 274 798 330 186-186.
1015 262 1056 328 97

84 450 125 506 ρον
136 423 296 516 γενομένη
312 427 433 513 ταύτης
442 434 611 515 βασίλεια,
626 434 666 515 τῇ
678 425 808 515 οῦνομα
820 422 865 516 ἦν
875 435 1055 517 Νίτωκρις,

80 521 143 611 αῦτη
165 526 200 595 66
224 528 615 615 συνετωτέρηγενομὲνη
641 532 699 612 τῆς
720 526 886 614 πρότερον
910 525 1056 614 ἀρξάσης

78 626 239 711 τοῦτομὲν
265 626 466 714 μνημόσυνα
493 622 641 710 ἐλίπετο,
673 620 713 690 66
741 621 805 710 ίγοό
832 622 1054 712 ἀπηγήσομαι,

77 728 154 790 τοῦτο
167 725 202 793 66
215 722 278 812 τήν
290 722 422 811 Μήδων
431 721 575 808 ὁρέουσα
583 718 690 808 ὀργήν
701 722 851 808 μεγάλην
865 747 901 790 τε
922 726 976 789 καὶ
993 719 1055 788 οῦκ

76 814 309 911 ἀτρεμίζουσαν,
337 818 405 892 ἀλλ’
433 821 519 911 ’ἄλλα
533 846 569 889 τε
580 819 789 909 ἀραιρημένα
803 820 904 889 ὀστεοι
915 819 1055 905 αότοῑσι,

77 919 104 982 ἕν
123 923 154 989 66
173 919 212 1009 δή
241 926 297 991 καὶ
316 920 379 1010 τήν
397 927 525 1042 Νίνου,
547 920 802 1006 προεφυλάξατο
830 916 893 987 ὅσα
915 916 1055 988 ἐδύνατο

76 1017 202 1098 μάλιστα.
219 1027 336 1108 πρῦτα
346 1010 960 1108 μδντόυΕόφρήτηνποταμόνρεοντα
969 1018 1055 1103 πρό-

77 1138 156 1200 τερον
167 1115 309 1205 δοῦν,”
287 1146 326 1199 ος
343 1140 404 1208 σφι
425 1114 481 1188 διὰ
500 1125 559 1204 τής
583 1117 699 1195 πόλιος
714 1119 814 1206 μέσης
828 1121 912 1206 ῥέει,
933 1125 1054 1186 τοῦτον

77 1206 190 1281 ἄνωθεν
205 1216 373 1305 διιόρυχοις
387 1210 470 1304 ὀρῦξ
471 1235 537 1284 ασα
550 1214 640 1284 οῦτω
655 1215 697 1302 δή
711 1244 742 1285 τι
758 1221 891 1305 ἐποίησε
904 1215 1053 1301 σκολιόν,

37 1342 38 1369 ο
77 1303 190 1400 ὀστεῦή
211 1317 283 1400 τρὶς
302 1317 336 1394 ἐς
358 1323 426 1384 τῶν
445 1312 522 1384 τινὰ
543 1316 682 1401 κωμέων
701 1321 769 1383 νῦν
792 1318 828 1383 ἐν
848 1344 888 1402 τη
873 1315 1054 1402 Ἀσσυρίη

76 1401 241 1479 ἀπικνέεται
254 1414 352 1498 ῥέων.
381 1415 472 1501 τῇδὲ
485 1414 581 1502 κώμη
596 1411 728 1500 οῦνομα
719 1413 829 1499 ’,ἐστι
851 1413 933 1494 63
899 1441 961 1500 την
975 1411 1054 1483 666-

76 1509 181 1575 κνέεται
200 1506 435 1601 ὁΕῦφρήτης,
453 1512 658 1602 Ἀρδέρικκα
687 1515 743 1582 καὶ
763 1521 830 1583 νῦν
852 1512 920 1584 οἲ”
898 1543 942 1585 αν
958 1527 1054 1605 κομί-

77 1604 207 1681 ζονται’
188 1607 253 1677 από
277 1614 379 1697 τήσδε
400 1618 459 1697 τής
478 1612 652 1698 θαλάσσης
673 1614 706 1691 ἐς
725 1621 930 1702 Βαβυλῶνα,
951 1643 1054 1684 κατα-

76 1702 215 1788 τλόοντες
252 1710 314 1779 τόν
338 1707 521 1797 Εὐφρήτην
541 1734 694 1796 ποταμον
704 1718 776 1797 τρίς
785 1737 821 1779 τε
832 1709 911 1791 ἐς
875 1739 937 1801 την
948 1740 1053 1801 αντην

76 1804 175 1890 ταύτην
184 1807 304 1894 κόμην
301 1816 555 1895 παραγίνονται
567 1812 623 1876 ’καὶ
637 1811 675 1877 66
685 1807 798 1897 τρισί
782 1815 931 1902 ημέρησι.
954 1820 1052 1881 τοῦτο

78 1901 315 1991 ρέτδήτοιοῦτο
331 1909 480 2025 ἐποίησε,
501 1906 645 1994 χοῖμαδε
659 1912 829 1995 παρέχωσε
843 1908 924 1996 παρ’
940 1909 1053 1979 ἑκάτε-

78 2021 123 2079 ρον
139 2009 194 2070 τοῦ
210 2012 365 2090 ποταμοῦ
381 2001 418 2073 τό
440 2014 548 2091 χεῖλος
569 2004 665 2085 ῦξιον
696 2011 869 2093 θώματος,
904 2014 1052 2097 μέγαθος

77 2097 237 2182 ταλόροος”
216 2123 303 2171 οσον
315 2128 347 2171 τι
364 2105 441 2171 ἐστί.
463 2103 708 2226 κριτῦπερθεδὲ
723 2111 835 2194 πολλῷ
849 2112 1051 2192 Βαβυλῶνος

39 2190 97 2249 ³
78 2217 181 2276 ορνσσε
195 2207 339 2289 ἔλυτρον
352 2209 463 2292 λίμνη,
479 2200 596 2288 ὀλίγον
606 2229 638 2270 τι
652 2201 929 2370 παρατείνουσα’
910 2202 975 2271 από
990 2213 1052 2270 τοῦ

77 2306 215 2388 ποταμοῦ,
236 2300 349 2388 βάθος
362 2303 424 2419 μὲν
440 2300 516 2380 63
482 2328 519 2369 το
536 2300 681 2388 ῦδωρί
646 2329 666 2368 α
682 2304 710 2369 εὶ
726 2300 936 2391 ὀρύσσουσα,
952 2296 1051 2391 εῦρος

78 2393 141 2460 6
113 2422 143 2463 το
157 2406 356 2487 περίμετρον
376 2397 483 2468 αὐτοῦ
497 2408 639 2469 ποιεῦσα
656 2404 764 2470 εἴκοσί
774 2402 878 2469 τεκαὶ
892 2426 1051 2488 τετρακο-

41 2556 42 2577 2
77 2499 139 2564 σίων
150 2505 308 2571 σταδίων·
328 2498 390 2569 τόν
404 2501 440 2569 66
457 2497 689 2588 ὀρυσσόμενον
702 2506 786 2587 χοῦν
800 2501 836 2567 ἐκ
852 2501 974 2569 τοῦτον
988 2505 1050 2569 τοῦ

77 2588 235 2683 ὀρύγματος
244 2598 426 2687 ἀναισίμου
435 2597 527 2687 παρὰ
538 2595 579 2666 66
590 2604 698 2685 χείλεα
709 2604 769 2664 τοῦ
779 2604 930 2684 ποταμοῦ
939 2623 1050 2682 παρα-

77 2691 178 2773 ρίονσα.
206 2697 315 2764 ἐπείτε
331 2703 371 2766 δέ
378 2703 413 2768 οί
425 2689 616 2785 ὀρώρυκτο,
637 2704 757 2776 ίθονς
768 2694 955 2785 ἀγαγομένη
966 2722 1049 2784 κρη-

77 2793 135 2856 τῑδα
147 2793 257 2888 κῦκλρι
271 2798 348 2883 περὶ
359 2792 467 2880 αότήν
481 2793 594 2881 ήλασε.
618 2798 726 2862 ἐποίεε
738 2792 803 2861 δὲ’
784 2793 956 2881 αμφότερα
966 2801 1049 2860 ταῦ-

76 2910 112 2973 τα,
123 2890 176 2960 τόν
188 2920 223 2963 τε
236 2893 390 2982 ποταμόν
404 2891 544 2962 σκολιόν
555 2897 610 2961 καὶ
623 2891 661 2961 τὸ
677 2892 809 3009 ὀρνγμα
820 2900 889 2961 πᾶν
903 2892 1025 2981 ελος,“
1004 2920 1048 3013 ορς

76 3006 127 3053 ντε
137 2990 279 3080 ποταμός
291 2994 498 3082 βραδύτερος
511 3001 560 3077 είη
575 2995 651 3078 περὶ
661 2988 794 3077 καμπὰς
804 2987 961 3069 πολλᾶς’
941 2992 1048 3078 αγοῦ-

75 3104 161 3175 Μῦς,
173 3092 272 3160 καλοί
283 3091 383 3161 πλόοι
394 3095 472 3159 ἔωσι
484 3091 612 3159 σκολιοὶ
625 3086 707 3169 ἐς
671 3115 734 3175 την
746 3095 945 3177 Βαβυλῶνα,
963 3095 999 3158 ἔκ
1013 3118 1049 3156 τε
1150 3148 1155 3155 .

75 3185 125 3246 τᾶν
135 3187 243 3256 πλόων
257 3190 430 3275 ἐκδέκηται
443 3191 652 3306 περίοδος
612 3213 670 3274 της
690 3193 807 3274 λίμνης
821 3187 941 3275 μακρή
963 3188 1047 3255 κατὰ

75 3282 237 3354 τοῦτοδὲεί
206 3286 426 3373 εἰργάζετο
387 3312 445 3372 της
458 3285 587 3372 χοόρης,
603 3292 643 3372 τῇ
657 3287 695 3351 66
702 3309 738 3352 τε
752 3277 917 3371 ἐσβολαί
894 3301 982 3369 ησαν
993 3286 1048 3349 κοιλ

76 3367 104 3437 ῐᾶ
115 3377 250 3468 θόντομα
263 3390 322 3470 τῆς
339 3386 375 3452 ἐκ
390 3383 524 3470 Μήδων
538 3382 677 3469 ὀδοῦ,“
662 3410 696 3449 ιν
697 3409 718 3448 α
735 3408 779 3467 μη
768 3379 1048 3466 ἐπιμισγόμενοι

76 3469 204 3626 θῖΜήήρι
218 3480 521 3630 665666666666’
479 3489 580 3567 αυτής
591 3479 631 3548 66
644 3478 830 3567 πρήγματα.
863 3477 974 3619 Τροῦτα
988 3470 1048 3551 μὲν
1066 3485 1116 3538 186

186 3588 219 3628 ον
