2562 3926
196 260 259 331 254
574 267 826 347 ιιειιοοοτι

196 433 230 510 ἐς
246 428 309 519 τήν
324 427 449 519 αύλήν,
471 432 657 517 ἐνέκυρσαν
676 439 761 494 τοῖσι
777 422 837 504 τάς
851 421 1006 513 ἀγγελίας
1023 427 1197 513 ἐσφέρουσι

196 528 405 617 εὐνούχοισι,
427 533 462 598 οἵ
485 550 590 615 σφεας
611 525 765 613 ίστόρεον
787 522 855 595 ’ότι
878 528 1051 606 ἐθέλοντες
1074 525 1199 614 ἠκοιευ·
1277 562 1278 615 3

195 631 250 698 καλ
265 627 339 721 άμα
348 631 552 716 ἱστορέοντες
565 625 706 706 τούτους
719 638 804 694 τοῖσι
819 633 1020 714 πυλουροῖσι
1040 623 1198 714 ἠπείλεον
1277 622 1278 631 ’

197 727 249 797 ὅτι
268 731 373 815 σφέας
393 735 564 818 παρῆκαν,
589 720 684 812 ἶσχον
708 749 744 792 τε
765 727 993 812 βουλομένους
1014 724 1094 805 τούς
1117 723 1196 794 ίπτά
1277 770 1278 813 3

197 834 231 910 ἐς
244 827 281 901 τδ
302 829 418 919 πρόσω
433 832 597 917 παριέναι.
631 831 666 895 οί
680 826 716 894 δὲ
730 825 1023 912 διακελευσάμενοι
1043 828 1098 894 καλ
1111 844 1198 894 σπα·
1277 836 1278 877 3

197 928 336 1016 σάμενοι
351 926 391 997 τά
407 931 585 1016 ἐγχειρίδια
598 925 740 1003 τούτους
755 923 818 1012 μὲν
830 922 910 1003 τούς
927 935 1078 1012 ίσχοντας
1091 922 1197 993 αύτού
1277 960 1278 969 ¹

197 1030 300 1120 ταύτη
321 1031 574 1116 συγκεντέουσι,
589 1022 691 1093 αύτολ
711 1025 747 1092 δὲ
766 1020 865 1110 ἤισαν
879 1023 992 1121 δρόμφ
1012 1025 1046 1104 ἐς
1060 1021 1120 1092 τδν
1133 1020 1196 1091 άν-

20 1145 25 1155 *
151 1136 185 1193 78
197 1133 335 1215 δρεῶνα.
371 1133 416 1198 οί
430 1129 466 1196 δὲ
480 1128 581 1214 μάγοι
596 1131 713 1210 ἔτυχον
728 1121 911 1210 άμφότεροι
924 1131 1106 1211 τηνικαῦτα
1120 1124 1197 1194 ἐόν·

195 1252 249 1305 τες
266 1252 303 1294 τε
322 1232 387 1295 ἔσω
408 1228 464 1295 καλ
482 1223 523 1292 τά
536 1221 603 1292 άπὸ
615 1220 835 1311 Πρηξάσπεος
845 1222 1011 1309 γενόμενα
1032 1224 1069 1291 ἐν
1089 1226 1196 1311 βουλῇ

196 1330 335 1412 ἔχοντες.
361 1328 431 1394 ἐπεὶ
446 1317 495 1393 όν
512 1320 695 1401 εἶδοάτούς
710 1318 893 1409 εὐνούχους
905 1324 1194 1411 τεθορυβημένους

195 1450 232 1492 τε
246 1426 301 1492 καί
311 1427 486 1509 βοεύντας,
502 1419 567 1490 άνά
587 1446 623 1489 τε
640 1425 786 1509 ἔδραμον
799 1421 902 1489 πάλιν
920 1418 1119 1510 άμφότεροι,
1140 1424 1194 1493 καλ
1244 1422 1246 1427 ’

197 1522 242 1605 ὡς
263 1529 392 1612 ἔμαθον
410 1520 450 1591 τό
471 1521 689 1609 ποιεύμενον,
711 1516 803 1610 πρὸς·
822 1518 929 1608 άλκήν
949 1521 1140 1610 ἐτράποντο.
1173 1519 1192 1591 δ

194 1624 257 1710 μέν
271 1620 311 1711 δή
327 1619 439 1690 αύτάν
453 1620 580 1707 φθάνει
602 1618 643 1695 τά
658 1620 737 1702 τόξα
756 1618 992 1708 κατελόμενος,
1016 1618 1035 1691 ὁ
1053 1621 1090 1691 δὲ
1109 1620 1194 1708 πρός

194 1720 257 1811 τήν
266 1721 387 1811 αἰχμήν
399 1720 566 1806 ἐτράπετο.
591 1724 740 1791 ἐνθαῦτα
751 1721 787 1790 δὲ
799 1725 1000 1809 συνέμισγον
1011 1720 1192 1814 άλλήλοισι.

194 1832 240 1916 τῷ
254 1828 317 1912 μὲν
331 1821 372 1911 δή
394 1820 435 1892 τά
449 1824 528 1904 τόξα
549 1819 753 1911 ἀναλαβόντι
774 1820 886 1890 αὐτῶν
900 1823 1026 1892 ἐόντων
1039 1850 1076 1895 τε
1089 1823 1196 1912 άγχοῦ

193 1933 262 1995 τάν
276 1929 444 2013 πολεμίων
457 1926 513 1993 καί
527 1926 777 2011 προσκειμένων
790 1914 834 2008 ἠν
847 1919 971 2009 χρηστά
985 1920 1101 2012 οὐδέν,
1124 1920 1193 1992 δ’δ’

194 2029 305 2115 ἕτερος
329 2031 369 2116 τή
395 2028 493 2113 αίχμή
519 2019 680 2111 ἠμύνετο,
704 2025 882 2091 καὶτοῦτο
906 2021 968 2109 μὲν
987 2019 1198 2110 Ἀσπαθίνην

193 2132 283 2196 παίει
297 2126 330 2206 ἐς
344 2122 405 2192 τδν
418 2118 543 2210 μηρόν,
557 2128 655 2189 τοῦτο
670 2119 706 2189 δέ
717 2118 925 2207 Ἰνταφέρνεα
943 2122 975 2199 ἐς
987 2117 1048 2189 τόν
1060 2117 1197 2207 ὀφθαλ-

193 2222 276 2310 μόν·
299 2223 354 2290 καὶ
369 2220 532 2308 ἐστερήθη
546 2221 608 2307 μὲν
622 2225 683 2287 τοῦ
700 2215 882 2306 ὀφθαλμοῦ
898 2221 935 2288 ἐκ
947 2225 1009 2288 τοῦ
1022 2219 1196 2308 τρώματος
1216 2307 1220 2311 ,

192 2317 448 2403 δ’Ῑυταφέρνης,
465 2314 508 2383 ού
517 2318 630 2404 μέντοι
641 2313 794 2385 ἀπέθανέ
803 2342 850 2403 γε.
872 2324 940 2389 τῶν
950 2317 1013 2405 μὲν
1023 2314 1063 2405 δή
1075 2318 1196 2404 μάγων
1277 2328 1278 2335 ’

192 2416 330 2502 οὕτερος
344 2419 537 2501 τρωματίζει
550 2412 706 2501 τούτους,
728 2411 747 2483 ὁ
768 2414 805 2484 δέ
819 2417 946 2502 ἕτερος,
974 2405 1081 2484 ἐπείτε
1100 2421 1134 2484 οί
1150 2415 1194 2485 τά

193 2515 273 2594 τόξα
287 2507 388 2579 οὐδὲν
401 2510 526 2600 χρηστά
541 2515 683 2599 ἐγίνετο,
700 2506 745 2599 ἠν
760 2511 825 2600 γάρ
842 2511 882 2602 δή
902 2514 1056 2602 θάλαμος
1071 2517 1196 2602 ἐσέχων

191 2617 224 2694 ἐς
237 2609 297 2681 τόν
311 2608 502 2703 άνδρεόνα,
522 2619 555 2697 ἐς
569 2624 691 2697 τοῦτον
704 2618 923 2705 καταφεύγει,
945 2620 1074 2688 ἐθέλων
1087 2618 1197 2689 αὐτοῦ

192 2722 392 2801 προσθεῖναι
406 2710 465 2793 τάς
479 2714 599 2802 θύρας.
628 2721 687 2784 καί
703 2720 739 2784 οί
750 2721 1010 2785 συνεσπίπτουσι
1029 2722 1099 2784 τῶν
1112 2715 1195 2785 ἑπτά

192 2812 272 2897 δύο,
293 2811 438 2898 Δαρεῖός
457 2839 494 2881 τε
513 2817 568 2882 καὶ
584 2813 766 2902 Γωβρύης·
789 2815 1039 2900 συμπλακέντος
1060 2813 1097 2883 δέ
1117 2820 1198 2883 Γω·
1277 2858 1278 2863 1

190 2909 303 3000 βρύεω
317 2915 363 3001 τῷ
377 2911 472 3004 μάγφ
486 2909 505 2981 ὁ
520 2921 664 3000 Δαρεῖος
679 2908 839 2991 ἐπεστεοδς
851 2907 976 2999 ἠπόρεε
987 2906 1041 2981 οἷα
1054 2913 1092 2981 ἐν
1111 2911 1197 2981 σκό-

189 3026 254 3096 τει,
276 3011 553 3099 προμηθεόμενος
572 3009 617 3099 μή
637 3010 745 3100 πλήξη
758 3007 818 3079 τδν
831 3009 1006 3098 Γωβρύην.
1036 3005 1144 3096 ὁρέων
1159 3013 1201 3078 δέ
1277 3022 1278 3039 ³

189 3136 249 3198 μιν
263 3105 371 3195 άργδν
390 3112 573 3180 ἐπεστεῶτα
595 3107 613 3179 ὁ
633 3109 796 3198 Γωβρύης
811 3117 917 3195 εἴρετο
938 3106 958 3175 ὅ
972 3134 1004 3177 τι
1017 3104 1060 3176 ού
1075 3114 1197 3196 χρᾶται
1277 3178 1278 3183 ,

187 3215 228 3300 τῇ
253 3212 340 3295 χειρί
345 3231 353 3246 ·
380 3204 452 3278 ὁδί
472 3209 557 3279 εἷπε·
583 3209 867 3296 Προμηθεόμενος
890 3210 963 3287 σέο,
992 3203 1037 3293 μή
1061 3205 1195 3294 πλήξω·
1277 3194 1278 3257 Ῡ

186 3306 350 3395 Γωβρύης
366 3309 402 3375 δὲ
417 3303 587 3396 άμείβετο·
611 3306 717 3377 Ὥθεε
733 3305 771 3376 τό
792 3308 886 3393 ξίφος
904 3307 960 3375 καὶ
980 3304 1024 3374 δι’
1044 3304 1198 3393 άμφοτί-
1277 3384 1278 3401 ρ

192 3432 271 3490 ρων.
306 3412 450 3492 Δαρεῖος
464 3408 501 3473 δέ
515 3406 718 3492 πειθόμενος
738 3398 807 3473 εἷσέ
817 3429 853 3472 τε
873 3400 911 3471 τό
927 3405 1124 3490 ἐγχειρίδιον
1138 3405 1199 3473 καὶ

145 3521 179 3581 19
191 3507 286 3590 ἐτυχί
304 3529 371 3585 κως
389 3511 451 3575 τού
467 3507 587 3596 μάγου,
628 3504 895 3585 Ἀποιιτείναντες
912 3504 949 3572 δὲ
963 3500 1042 3582 τοδς
1061 3502 1199 3592 μάγους
1277 3514 1278 3521 ’
