<?xml version="1.0" encoding="UTF-8"?>
<!DOCTYPE html PUBLIC "-//W3C//DTD XHTML 1.0 Transitional//EN"
    "http://www.w3.org/TR/xhtml1/DTD/xhtml1-transitional.dtd">
<html xmlns="http://www.w3.org/1999/xhtml" xml:lang="en" lang="en">
 <head>
  <title>
</title>
<meta http-equiv="Content-Type" content="text/html;charset=utf-8" />
  <meta name='ocr-system' content='tesseract 3.04.00' />
  <meta name='ocr-capabilities' content='ocr_page ocr_carea ocr_par ocr_line ocrx_word'/>
</head>
<body>
  <div class='ocr_page' id='page_1' title='image "./historiarumlibr03herogoog_0575.png"; bbox 0 0 2594 3936; ppageno 0'>
   <div class='ocr_carea' id='block_1_1' title="bbox 212 258 846 319">
    <p class='ocr_par' dir='ltr' id='par_1_1' title="bbox 212 258 846 319">
     <span class='ocr_line' id='line_1_1' title="bbox 212 258 846 319; baseline -0.005 0"><span class='ocrx_word' id='word_1_1' title='bbox 212 258 277 319; x_wconf 81' lang='lat'><strong><em>158</em></strong></span> <span class='ocrx_word' id='word_1_2' title='bbox 590 261 846 318; x_wconf 82' lang='lat' dir='ltr'><strong>HERODOTI</strong></span> 
     </span>
    </p>
   </div>
   <div class='ocr_carea' id='block_1_2' title="bbox 149 414 1291 3573">
    <p class='ocr_par' dir='ltr' id='par_1_2' title="bbox 163 414 1289 1109">
     <span class='ocr_line' id='line_1_2' title="bbox 163 414 1242 508; baseline 0.001 -17"><span class='ocrx_word' id='word_1_3' title='bbox 163 419 253 508; x_wconf 71' lang='grc' dir='ltr'><strong><em>δι’δή</em></strong></span> <span class='ocrx_word' id='word_1_4' title='bbox 269 414 374 507; x_wconf 75' lang='grc' dir='ltr'><strong><em>οὗτοι,</em></strong></span> <span class='ocrx_word' id='word_1_5' title='bbox 389 423 425 489; x_wconf 80' lang='grc' dir='ltr'><strong><em>οί</em></strong></span> <span class='ocrx_word' id='word_1_6' title='bbox 433 444 496 507; x_wconf 91' lang='grc' dir='ltr'><strong><em>περ</em></strong></span> <span class='ocrx_word' id='word_1_7' title='bbox 509 423 663 506; x_wconf 90' lang='grc' dir='ltr'><strong><em>είρέαται,</em></strong></span> <span class='ocrx_word' id='word_1_8' title='bbox 680 416 848 504; x_wconf 84' lang='grc' dir='ltr'><strong><em>ἀρχοντες,</em></strong></span> <span class='ocrx_word' id='word_1_9' title='bbox 864 419 1082 507; x_wconf 75' lang='grc' dir='ltr'><strong><em>ἐστρατήγεον</em></strong></span> <span class='ocrx_word' id='word_1_10' title='bbox 1094 423 1131 490; x_wconf 73' lang='grc' dir='ltr'><strong><em>δέ</em></strong></span> <span class='ocrx_word' id='word_1_11' title='bbox 1143 426 1242 492; x_wconf 84' lang='grc' dir='ltr'><strong><em>τού-</em></strong></span> 
     </span>
     <span class='ocr_line' id='line_1_3' title="bbox 210 517 1241 606; baseline 0.002 -20"><span class='ocrx_word' id='word_1_12' title='bbox 210 544 279 586; x_wconf 85' lang='grc' dir='ltr'><strong><em>των</em></strong></span> <span class='ocrx_word' id='word_1_13' title='bbox 289 545 325 587; x_wconf 91' lang='grc' dir='ltr'><strong><em>τε</em></strong></span> <span class='ocrx_word' id='word_1_14' title='bbox 337 522 392 587; x_wconf 79' lang='grc' dir='ltr'><strong><em>καὶ</em></strong></span> <span class='ocrx_word' id='word_1_15' title='bbox 407 524 469 587; x_wconf 83' lang='grc' dir='ltr'><strong><em>τοῦ</em></strong></span> <span class='ocrx_word' id='word_1_16' title='bbox 480 517 674 603; x_wconf 77' lang='grc' dir='ltr'><strong><em>σύμπαντος</em></strong></span> <span class='ocrx_word' id='word_1_17' title='bbox 684 522 829 603; x_wconf 83' lang='grc' dir='ltr'><strong><em>στρατοῦ</em></strong></span> <span class='ocrx_word' id='word_1_18' title='bbox 839 523 900 584; x_wconf 83' lang='grc' dir='ltr'><strong><em>τοῦ</em></strong></span> <span class='ocrx_word' id='word_1_19' title='bbox 911 523 1011 598; x_wconf 80' lang='grc' dir='ltr'><strong><em>πεζοῦ</em></strong></span> <span class='ocrx_word' id='word_1_20' title='bbox 1024 518 1241 606; x_wconf 87' lang='grc' dir='ltr'><strong><em>Μαρδόνιός</em></strong></span> 
     </span>
     <span class='ocr_line' id='line_1_4' title="bbox 210 612 1238 705; baseline 0.003 -21"><span class='ocrx_word' id='word_1_21' title='bbox 210 644 246 685; x_wconf 90' lang='grc' dir='ltr'><strong><em>τε</em></strong></span> <span class='ocrx_word' id='word_1_22' title='bbox 259 616 277 686; x_wconf 87' lang='grc' dir='ltr'>ὁ</span> <span class='ocrx_word' id='word_1_23' title='bbox 290 618 459 705; x_wconf 79' lang='grc' dir='ltr'><strong><em>Γοβρύεω</em></strong></span> <span class='ocrx_word' id='word_1_24' title='bbox 469 618 524 685; x_wconf 83' lang='grc' dir='ltr'><strong><em>καί</em></strong></span> <span class='ocrx_word' id='word_1_25' title='bbox 538 621 798 702; x_wconf 76' lang='grc' dir='ltr'><strong><em>Τριτανταίχμης</em></strong></span> <span class='ocrx_word' id='word_1_26' title='bbox 809 612 827 682; x_wconf 85' lang='grc' dir='ltr'><strong>ὁ</strong></span> <span class='ocrx_word' id='word_1_27' title='bbox 840 612 1046 704; x_wconf 76' lang='grc' dir='ltr'><strong><em>Ἀρταβάνου</em></strong></span> <span class='ocrx_word' id='word_1_28' title='bbox 1058 624 1119 686; x_wconf 85' lang='grc' dir='ltr'><strong><em>τοῦ</em></strong></span> <span class='ocrx_word' id='word_1_29' title='bbox 1129 620 1238 705; x_wconf 78' lang='grc' dir='ltr'><strong><em>γνοί-</em></strong></span> 
     </span>
     <span class='ocr_line' id='line_1_5' title="bbox 210 713 1237 805; baseline 0 -19"><span class='ocrx_word' id='word_1_30' title='bbox 210 744 278 804; x_wconf 90' lang='grc' dir='ltr'><strong><em>μην</em></strong></span> <span class='ocrx_word' id='word_1_31' title='bbox 287 718 437 804; x_wconf 78' lang='grc' dir='ltr'><strong><em>θεμένου</em></strong></span> <span class='ocrx_word' id='word_1_32' title='bbox 449 714 493 805; x_wconf 85' lang='grc' dir='ltr'><strong><em>μή</em></strong></span> <span class='ocrx_word' id='word_1_33' title='bbox 506 714 748 803; x_wconf 90' lang='grc' dir='ltr'><strong><em>στρατεύεσθαι</em></strong></span> <span class='ocrx_word' id='word_1_34' title='bbox 759 718 812 784; x_wconf 81' lang='grc' dir='ltr'><strong><em>έπί</em></strong></span> <span class='ocrx_word' id='word_1_35' title='bbox 822 713 884 802; x_wconf 88' lang='grc' dir='ltr'><strong><em>τήν</em></strong></span> <span class='ocrx_word' id='word_1_36' title='bbox 894 713 1034 784; x_wconf 79' lang='grc' dir='ltr'><strong><em>Ἑλλάδα</em></strong></span> <span class='ocrx_word' id='word_1_37' title='bbox 1045 722 1237 804; x_wconf 80' lang='grc' dir='ltr'><strong><em>καδΣμερ-</em></strong></span> 
     </span>
     <span class='ocr_line' id='line_1_6' title="bbox 210 802 1289 906; baseline -0.002 -19"><span class='ocrx_word' id='word_1_38' title='bbox 210 823 352 906; x_wconf 87' lang='grc' dir='ltr'><strong><em>δομένης</em></strong></span> <span class='ocrx_word' id='word_1_39' title='bbox 367 815 385 887; x_wconf 86' lang='grc' dir='ltr'>ὁ</span> <span class='ocrx_word' id='word_1_40' title='bbox 398 815 541 886; x_wconf 82' lang='grc' dir='ltr'><strong><em>Ὀτάνεω</em></strong></span> <span class='ocrx_word' id='word_1_41' title='bbox 556 821 721 905; x_wconf 90' lang='grc' dir='ltr'><strong><em>(Δαρείου</em></strong></span> <span class='ocrx_word' id='word_1_42' title='bbox 731 813 916 902; x_wconf 86' lang='grc' dir='ltr'><strong><em>ἀμφότεροι</em></strong></span> <span class='ocrx_word' id='word_1_43' title='bbox 934 808 1029 883; x_wconf 83' lang='grc' dir='ltr'><strong><em>οὗτοι</em></strong></span> <span class='ocrx_word' id='word_1_44' title='bbox 1044 814 1235 903; x_wconf 74' lang='grc' dir='ltr'><strong><em>ἀδελφεῶν</em></strong></span> <span class='ocrx_word' id='word_1_45' title='bbox 1288 802 1289 863; x_wconf 56' lang='grc' dir='ltr'>Ῐ</span> 
     </span>
     <span class='ocr_line' id='line_1_7' title="bbox 209 914 1232 1006; baseline -0.001 -19"><span class='ocrx_word' id='word_1_46' title='bbox 209 923 334 1005; x_wconf 77' lang='grc' dir='ltr'><strong><em>παῖδες,</em></strong></span> <span class='ocrx_word' id='word_1_47' title='bbox 350 920 454 1006; x_wconf 66' lang='grc' dir='ltr'><strong><em>Ξέρξη</em></strong></span> <span class='ocrx_word' id='word_1_48' title='bbox 469 918 506 985; x_wconf 73' lang='grc' dir='ltr'><strong><em>δὲ</em></strong></span> <span class='ocrx_word' id='word_1_49' title='bbox 520 919 670 1002; x_wconf 79' lang='grc' dir='ltr'><strong><em>ἐγίνοντο</em></strong></span> <span class='ocrx_word' id='word_1_50' title='bbox 685 914 834 1001; x_wconf 75' lang='grc' dir='ltr'><strong><em>ἀνεψιοί)</em></strong></span> <span class='ocrx_word' id='word_1_51' title='bbox 860 921 916 985; x_wconf 82' lang='grc' dir='ltr'><strong><em>καὶ</em></strong></span> <span class='ocrx_word' id='word_1_52' title='bbox 926 923 1101 1005; x_wconf 79' lang='grc' dir='ltr'><strong><em>Μασίστης</em></strong></span> <span class='ocrx_word' id='word_1_53' title='bbox 1115 916 1133 986; x_wconf 88' lang='grc' dir='ltr'><strong>ὁ</strong></span> <span class='ocrx_word' id='word_1_54' title='bbox 1148 924 1232 986; x_wconf 88' lang='grc' dir='ltr'><strong><em>Λα-</em></strong></span> 
     </span>
     <span class='ocr_line' id='line_1_8' title="bbox 210 1012 1229 1109; baseline -0.003 -21"><span class='ocrx_word' id='word_1_55' title='bbox 210 1028 303 1109; x_wconf 91' lang='grc' dir='ltr'><strong><em>ρείου</em></strong></span> <span class='ocrx_word' id='word_1_56' title='bbox 318 1044 355 1087; x_wconf 91' lang='grc' dir='ltr'><strong><em>τε</em></strong></span> <span class='ocrx_word' id='word_1_57' title='bbox 369 1022 424 1086; x_wconf 80' lang='grc' dir='ltr'><strong><em>καί</em></strong></span> <span class='ocrx_word' id='word_1_58' title='bbox 434 1016 590 1103; x_wconf 76' lang='grc' dir='ltr'><strong><em>Ἀτόσσης</em></strong></span> <span class='ocrx_word' id='word_1_59' title='bbox 604 1028 681 1095; x_wconf 85' lang='grc' dir='ltr'><strong><em>παίς</em></strong></span> <span class='ocrx_word' id='word_1_60' title='bbox 696 1019 751 1084; x_wconf 81' lang='grc' dir='ltr'><strong><em>καί</em></strong></span> <span class='ocrx_word' id='word_1_61' title='bbox 766 1019 885 1104; x_wconf 78' lang='grc' dir='ltr'><strong><em>Γέργις</em></strong></span> <span class='ocrx_word' id='word_1_62' title='bbox 900 1012 918 1083; x_wconf 88' lang='grc' dir='ltr'>ὁ</span> <span class='ocrx_word' id='word_1_63' title='bbox 933 1013 1061 1103; x_wconf 77' lang='grc' dir='ltr'><strong><em>Ἀρίζου</em></strong></span> <span class='ocrx_word' id='word_1_64' title='bbox 1075 1018 1132 1084; x_wconf 77' lang='grc' dir='ltr'><strong><em>καί</em></strong></span> <span class='ocrx_word' id='word_1_65' title='bbox 1144 1025 1229 1085; x_wconf 69' lang='lat' dir='ltr'><strong><em>Me·</em></strong></span> 
     </span>
    </p>

    <p class='ocr_par' dir='ltr' id='par_1_3' title="bbox 160 1109 1227 1303">
     <span class='ocr_line' id='line_1_9' title="bbox 160 1109 1227 1208; baseline -0.007 -17"><span class='ocrx_word' id='word_1_66' title='bbox 160 1136 195 1191; x_wconf 81' lang='grc'><strong><em>83</em></strong></span> <span class='ocrx_word' id='word_1_67' title='bbox 209 1117 566 1208; x_wconf 79' lang='grc' dir='ltr'><strong><em>γάβυζοςὸΖωπύρου.</em></strong></span> <span class='ocrx_word' id='word_1_68' title='bbox 589 1109 695 1185; x_wconf 80' lang='grc' dir='ltr'><strong><em>Οὗτοι</em></strong></span> <span class='ocrx_word' id='word_1_69' title='bbox 705 1109 794 1203; x_wconf 80' lang='grc' dir='ltr'><strong><em>ἦσαν</em></strong></span> <span class='ocrx_word' id='word_1_70' title='bbox 805 1117 982 1204; x_wconf 78' lang='grc' dir='ltr'><strong><em>στρατηγοὶ</em></strong></span> <span class='ocrx_word' id='word_1_71' title='bbox 989 1121 1051 1182; x_wconf 89' lang='grc' dir='ltr'><strong><em>τού</em></strong></span> <span class='ocrx_word' id='word_1_72' title='bbox 1062 1115 1227 1202; x_wconf 91' lang='grc' dir='ltr'><strong><em>σύμπαν-</em></strong></span> 
     </span>
     <span class='ocr_line' id='line_1_10' title="bbox 208 1212 1225 1303; baseline -0.004 -17"><span class='ocrx_word' id='word_1_73' title='bbox 208 1245 264 1297; x_wconf 87' lang='grc' dir='ltr'><strong><em>τος</em></strong></span> <span class='ocrx_word' id='word_1_74' title='bbox 275 1223 376 1298; x_wconf 81' lang='grc' dir='ltr'><strong><em>πεζοῦ</em></strong></span> <span class='ocrx_word' id='word_1_75' title='bbox 386 1218 485 1303; x_wconf 81' lang='grc' dir='ltr'><strong><em>χωρίς</em></strong></span> <span class='ocrx_word' id='word_1_76' title='bbox 495 1221 563 1283; x_wconf 78' lang='grc' dir='ltr'><strong><em>τάν</em></strong></span> <span class='ocrx_word' id='word_1_77' title='bbox 575 1220 715 1302; x_wconf 85' lang='grc' dir='ltr'><strong><em>μυρίων.</em></strong></span> <span class='ocrx_word' id='word_1_78' title='bbox 728 1220 796 1282; x_wconf 76' lang='grc' dir='ltr'><strong><em>τῶν</em></strong></span> <span class='ocrx_word' id='word_1_79' title='bbox 808 1214 844 1281; x_wconf 74' lang='grc' dir='ltr'><strong><em>δὲ</em></strong></span> <span class='ocrx_word' id='word_1_80' title='bbox 850 1223 982 1300; x_wconf 88' lang='grc' dir='ltr'><strong><em>μυρίων</em></strong></span> <span class='ocrx_word' id='word_1_81' title='bbox 992 1212 1225 1298; x_wconf 87' lang='grc' dir='ltr'><strong><em>τούτωνΠερ-</em></strong></span> 
     </span>
    </p>

    <p class='ocr_par' dir='ltr' id='par_1_4' title="bbox 149 1306 1291 2390">
     <span class='ocr_line' id='line_1_11' title="bbox 149 1306 1221 1398; baseline -0.006 -14"><span class='ocrx_word' id='word_1_82' title='bbox 149 1316 153 1324; x_wconf 68' lang='grc'><em>“</em></span> <span class='ocrx_word' id='word_1_83' title='bbox 209 1316 296 1384; x_wconf 90' lang='grc' dir='ltr'><strong><em>σέων</em></strong></span> <span class='ocrx_word' id='word_1_84' title='bbox 316 1320 384 1380; x_wconf 79' lang='grc' dir='ltr'><strong><em>τάν</em></strong></span> <span class='ocrx_word' id='word_1_85' title='bbox 410 1308 686 1398; x_wconf 77' lang='grc' dir='ltr'><strong><em>ἀπολελεγμένων</em></strong></span> <span class='ocrx_word' id='word_1_86' title='bbox 709 1309 905 1397; x_wconf 82' lang='grc' dir='ltr'><strong><em>ἐστρατήγεε</em></strong></span> <span class='ocrx_word' id='word_1_87' title='bbox 930 1309 992 1396; x_wconf 71' lang='grc' dir='ltr'><strong><em>μὲν</em></strong></span> <span class='ocrx_word' id='word_1_88' title='bbox 1011 1306 1177 1397; x_wconf 71' lang='grc' dir='ltr'><strong><em>Ὑδάρνης</em></strong></span> <span class='ocrx_word' id='word_1_89' title='bbox 1204 1308 1221 1378; x_wconf 90' lang='grc' dir='ltr'>ὁ</span> 
     </span>
     <span class='ocr_line' id='line_1_12' title="bbox 202 1399 1222 1499; baseline -0.005 -19"><span class='ocrx_word' id='word_1_90' title='bbox 202 1411 395 1499; x_wconf 71' lang='grc' dir='ltr'><strong><em>Ὑδάρνεος,</em></strong></span> <span class='ocrx_word' id='word_1_91' title='bbox 420 1411 594 1478; x_wconf 80' lang='grc' dir='ltr'><strong><em>ἐκαλέοντο</em></strong></span> <span class='ocrx_word' id='word_1_92' title='bbox 616 1409 653 1476; x_wconf 74' lang='grc' dir='ltr'><strong><em>δὲ</em></strong></span> <span class='ocrx_word' id='word_1_93' title='bbox 672 1406 839 1476; x_wconf 89' lang='grc' dir='ltr'><strong><em>ἀθάνατοι</em></strong></span> <span class='ocrx_word' id='word_1_94' title='bbox 859 1411 894 1474; x_wconf 87' lang='grc' dir='ltr'><strong><em>οί</em></strong></span> <span class='ocrx_word' id='word_1_95' title='bbox 905 1408 1032 1494; x_wconf 79' lang='grc' dir='ltr'><strong><em>Πέρσαι</em></strong></span> <span class='ocrx_word' id='word_1_96' title='bbox 1049 1399 1144 1476; x_wconf 85' lang='grc' dir='ltr'><strong><em>ούτοι</em></strong></span> <span class='ocrx_word' id='word_1_97' title='bbox 1168 1411 1222 1476; x_wconf 78' lang='grc' dir='ltr'><strong><em>ἐπὶ</em></strong></span> 
     </span>
     <span class='ocr_line' id='line_1_13' title="bbox 208 1500 1216 1597; baseline -0.003 -20"><span class='ocrx_word' id='word_1_98' title='bbox 208 1514 324 1577; x_wconf 85' lang='grc' dir='ltr'><strong><em>τοῦδε·</em></strong></span> <span class='ocrx_word' id='word_1_99' title='bbox 346 1518 381 1577; x_wconf 88' lang='grc' dir='ltr'><strong><em>εί</em></strong></span> <span class='ocrx_word' id='word_1_100' title='bbox 389 1535 438 1587; x_wconf 91' lang='grc' dir='ltr'><strong><em>τις</em></strong></span> <span class='ocrx_word' id='word_1_101' title='bbox 453 1506 566 1577; x_wconf 81' lang='grc' dir='ltr'><strong><em>αὐτῶν</em></strong></span> <span class='ocrx_word' id='word_1_102' title='bbox 578 1509 703 1586; x_wconf 81' lang='grc' dir='ltr'><strong><em>ἐξέλιπε</em></strong></span> <span class='ocrx_word' id='word_1_103' title='bbox 716 1503 777 1573; x_wconf 83' lang='grc' dir='ltr'><strong><em>τὸν</em></strong></span> <span class='ocrx_word' id='word_1_104' title='bbox 792 1501 942 1591; x_wconf 86' lang='grc' dir='ltr'><strong><em>ἀρνθμδν</em></strong></span> <span class='ocrx_word' id='word_1_105' title='bbox 956 1500 1129 1597; x_wconf 76' lang='grc' dir='ltr'><strong><em>ήθανάτρι</em></strong></span> <span class='ocrx_word' id='word_1_106' title='bbox 1140 1512 1216 1592; x_wconf 62' lang='lat' dir='ltr'><strong><em>flur</em></strong></span> 
     </span>
     <span class='ocr_line' id='line_1_14' title="bbox 207 1602 1219 1696; baseline -0.002 -20"><span class='ocrx_word' id='word_1_107' title='bbox 207 1611 281 1686; x_wconf 83' lang='grc' dir='ltr'><strong><em>θεὶς</em></strong></span> <span class='ocrx_word' id='word_1_108' title='bbox 294 1603 317 1693; x_wconf 88' lang='grc' dir='ltr'><strong><em>ή</em></strong></span> <span class='ocrx_word' id='word_1_109' title='bbox 332 1607 463 1696; x_wconf 81' lang='grc' dir='ltr'><strong><em>νούσηο,</em></strong></span> <span class='ocrx_word' id='word_1_110' title='bbox 479 1604 580 1684; x_wconf 87' lang='grc' dir='ltr'><strong><em>ἀλλος</em></strong></span> <span class='ocrx_word' id='word_1_111' title='bbox 595 1602 682 1692; x_wconf 90' lang='grc' dir='ltr'><strong><em>ἀνήρ</em></strong></span> <span class='ocrx_word' id='word_1_112' title='bbox 697 1602 868 1690; x_wconf 88' lang='grc' dir='ltr'><strong><em>ἀραίρητο,</em></strong></span> <span class='ocrx_word' id='word_1_113' title='bbox 884 1605 939 1672; x_wconf 79' lang='grc' dir='ltr'><strong><em>καί</em></strong></span> <span class='ocrx_word' id='word_1_114' title='bbox 951 1606 1100 1691; x_wconf 82' lang='grc' dir='ltr'><strong><em>ἐγίνοντο</em></strong></span> <span class='ocrx_word' id='word_1_115' title='bbox 1112 1603 1219 1674; x_wconf 75' lang='grc' dir='ltr'><strong><em>ούδα-</em></strong></span> 
     </span>
     <span class='ocr_line' id='line_1_15' title="bbox 207 1699 1219 1792; baseline 0.002 -21"><span class='ocrx_word' id='word_1_116' title='bbox 207 1703 253 1792; x_wconf 84' lang='grc' dir='ltr'><strong><em>μά</em></strong></span> <span class='ocrx_word' id='word_1_117' title='bbox 265 1702 344 1772; x_wconf 84' lang='grc' dir='ltr'><strong><em>ούτε</em></strong></span> <span class='ocrx_word' id='word_1_118' title='bbox 354 1709 497 1782; x_wconf 83' lang='grc' dir='ltr'><strong><em>πλεῦνες</em></strong></span> <span class='ocrx_word' id='word_1_119' title='bbox 507 1709 638 1789; x_wconf 88' lang='grc' dir='ltr'><strong><em>μυρίων</em></strong></span> <span class='ocrx_word' id='word_1_120' title='bbox 649 1699 727 1770; x_wconf 84' lang='grc' dir='ltr'><strong><em>ούτε</em></strong></span> <span class='ocrx_word' id='word_1_121' title='bbox 738 1701 924 1781; x_wconf 83' lang='grc' dir='ltr'><strong><em>ἐλάσσονες.</em></strong></span> <span class='ocrx_word' id='word_1_122' title='bbox 937 1701 1065 1790; x_wconf 85' lang='grc' dir='ltr'><strong><em>κόσμον</em></strong></span> <span class='ocrx_word' id='word_1_123' title='bbox 1075 1703 1113 1771; x_wconf 72' lang='grc' dir='ltr'><strong><em>δέ</em></strong></span> <span class='ocrx_word' id='word_1_124' title='bbox 1122 1713 1219 1773; x_wconf 79' lang='grc' dir='ltr'><strong><em>πλεῖ-</em></strong></span> 
     </span>
     <span class='ocr_line' id='line_1_16' title="bbox 208 1801 1220 1894; baseline 0.001 -20"><span class='ocrx_word' id='word_1_125' title='bbox 208 1827 288 1874; x_wconf 90' lang='grc' dir='ltr'><strong><em>στον</em></strong></span> <span class='ocrx_word' id='word_1_126' title='bbox 305 1811 501 1892; x_wconf 85' lang='grc' dir='ltr'><strong><em>παρείχοντο</em></strong></span> <span class='ocrx_word' id='word_1_127' title='bbox 518 1801 573 1872; x_wconf 85' lang='grc' dir='ltr'><strong><em>διά</em></strong></span> <span class='ocrx_word' id='word_1_128' title='bbox 589 1804 727 1872; x_wconf 89' lang='grc' dir='ltr'><strong><em>πάντων</em></strong></span> <span class='ocrx_word' id='word_1_129' title='bbox 739 1807 883 1892; x_wconf 85' lang='grc' dir='ltr'><strong><em>Πέρσαι,</em></strong></span> <span class='ocrx_word' id='word_1_130' title='bbox 907 1808 961 1872; x_wconf 79' lang='grc' dir='ltr'><strong><em>καί</em></strong></span> <span class='ocrx_word' id='word_1_131' title='bbox 977 1803 1072 1875; x_wconf 81' lang='grc' dir='ltr'><strong><em>αὐτοὶ</em></strong></span> <span class='ocrx_word' id='word_1_132' title='bbox 1086 1806 1220 1894; x_wconf 86' lang='grc' dir='ltr'><strong><em>άριστοι</em></strong></span> 
     </span>
     <span class='ocr_line' id='line_1_17' title="bbox 206 1897 1291 1995; baseline 0.005 -25"><span class='ocrx_word' id='word_1_133' title='bbox 206 1897 304 1992; x_wconf 88' lang='grc' dir='ltr'><strong><em>ήσαν.</em></strong></span> <span class='ocrx_word' id='word_1_134' title='bbox 329 1901 454 1991; x_wconf 84' lang='grc' dir='ltr'><strong><em>σκευήν</em></strong></span> <span class='ocrx_word' id='word_1_135' title='bbox 471 1903 534 1990; x_wconf 74' lang='grc' dir='ltr'><strong><em>μέν</em></strong></span> <span class='ocrx_word' id='word_1_136' title='bbox 549 1903 708 1990; x_wconf 79' lang='grc' dir='ltr'><strong><em>τοιαύτην</em></strong></span> <span class='ocrx_word' id='word_1_137' title='bbox 724 1901 829 1990; x_wconf 84' lang='grc' dir='ltr'><strong><em>εἶχον,</em></strong></span> <span class='ocrx_word' id='word_1_138' title='bbox 844 1902 867 1990; x_wconf 86' lang='grc' dir='ltr'><strong><em>ή</em></strong></span> <span class='ocrx_word' id='word_1_139' title='bbox 880 1928 943 1990; x_wconf 89' lang='grc' dir='ltr'><strong><em>περ</em></strong></span> <span class='ocrx_word' id='word_1_140' title='bbox 958 1914 1101 1994; x_wconf 87' lang='grc' dir='ltr'><strong><em>είρηται,</em></strong></span> <span class='ocrx_word' id='word_1_141' title='bbox 1116 1911 1219 1995; x_wconf 77' lang='grc' dir='ltr'><strong><em>χωρίς</em></strong></span> <span class='ocrx_word' id='word_1_142' title='bbox 1290 1984 1291 1987; x_wconf 10' lang='lat'>¹</span> 
     </span>
     <span class='ocr_line' id='line_1_18' title="bbox 207 1998 1291 2090; baseline 0.004 -21"><span class='ocrx_word' id='word_1_143' title='bbox 207 2001 244 2069; x_wconf 73' lang='grc' dir='ltr'><strong><em>δὲ</em></strong></span> <span class='ocrx_word' id='word_1_144' title='bbox 264 2002 391 2089; x_wconf 89' lang='grc' dir='ltr'><strong><em>χρυσόν</em></strong></span> <span class='ocrx_word' id='word_1_145' title='bbox 410 2027 447 2070; x_wconf 89' lang='grc' dir='ltr'><strong><em>τε</em></strong></span> <span class='ocrx_word' id='word_1_146' title='bbox 469 1998 598 2070; x_wconf 87' lang='grc' dir='ltr'><strong><em>πολλδν</em></strong></span> <span class='ocrx_word' id='word_1_147' title='bbox 618 2003 673 2069; x_wconf 82' lang='grc' dir='ltr'><strong><em>καί</em></strong></span> <span class='ocrx_word' id='word_1_148' title='bbox 695 1999 853 2087; x_wconf 78' lang='grc' dir='ltr'><strong><em>ἄφθονον</em></strong></span> <span class='ocrx_word' id='word_1_149' title='bbox 871 2002 1000 2088; x_wconf 75' lang='grc' dir='ltr'><strong><em>ἔχοντες</em></strong></span> <span class='ocrx_word' id='word_1_150' title='bbox 1019 2006 1216 2090; x_wconf 81' lang='grc' dir='ltr'><strong><em>ἐνέπρεπον.</em></strong></span> <span class='ocrx_word' id='word_1_151' title='bbox 1290 2004 1291 2009; x_wconf 62' lang='grc'>’</span> 
     </span>
     <span class='ocr_line' id='line_1_19' title="bbox 207 2098 1220 2191; baseline 0.004 -25"><span class='ocrx_word' id='word_1_152' title='bbox 207 2098 402 2187; x_wconf 82' lang='grc' dir='ltr'><strong><em>ἁρμαμάξας</em></strong></span> <span class='ocrx_word' id='word_1_153' title='bbox 412 2127 448 2170; x_wconf 88' lang='grc' dir='ltr'><strong><em>τε</em></strong></span> <span class='ocrx_word' id='word_1_154' title='bbox 460 2099 528 2188; x_wconf 77' lang='grc' dir='ltr'><strong><em>ἅμα</em></strong></span> <span class='ocrx_word' id='word_1_155' title='bbox 537 2098 671 2188; x_wconf 87' lang='grc' dir='ltr'><strong><em>ήγοντο,</em></strong></span> <span class='ocrx_word' id='word_1_156' title='bbox 684 2102 721 2168; x_wconf 87' lang='grc' dir='ltr'><strong><em>έν</em></strong></span> <span class='ocrx_word' id='word_1_157' title='bbox 731 2101 768 2168; x_wconf 75' lang='grc' dir='ltr'><strong><em>δὲ</em></strong></span> <span class='ocrx_word' id='word_1_158' title='bbox 778 2099 949 2180; x_wconf 87' lang='grc' dir='ltr'><strong><em>παλλακάς</em></strong></span> <span class='ocrx_word' id='word_1_159' title='bbox 959 2104 1015 2171; x_wconf 80' lang='grc' dir='ltr'><strong><em>καί</em></strong></span> <span class='ocrx_word' id='word_1_160' title='bbox 1023 2109 1220 2191; x_wconf 76' lang='grc' dir='ltr'><strong><em>θεραπηίην</em></strong></span> 
     </span>
     <span class='ocr_line' id='line_1_20' title="bbox 206 2197 1219 2291; baseline -0.001 -22"><span class='ocrx_word' id='word_1_161' title='bbox 206 2203 335 2290; x_wconf 92' lang='grc' dir='ltr'><strong><em>πολλήν</em></strong></span> <span class='ocrx_word' id='word_1_162' title='bbox 349 2229 384 2270; x_wconf 90' lang='grc' dir='ltr'><strong><em>τε</em></strong></span> <span class='ocrx_word' id='word_1_163' title='bbox 399 2206 455 2272; x_wconf 78' lang='grc' dir='ltr'><strong><em>καί</em></strong></span> <span class='ocrx_word' id='word_1_164' title='bbox 472 2197 512 2270; x_wconf 82' lang='grc' dir='ltr'><strong><em>εὖ</em></strong></span> <span class='ocrx_word' id='word_1_165' title='bbox 526 2205 783 2290; x_wconf 77' lang='grc' dir='ltr'><strong><em>ἐσκευασμένην.</em></strong></span> <span class='ocrx_word' id='word_1_166' title='bbox 804 2216 877 2271; x_wconf 82' lang='grc' dir='ltr'><strong><em>σίτα</em></strong></span> <span class='ocrx_word' id='word_1_167' title='bbox 892 2207 932 2270; x_wconf 92' lang='grc' dir='ltr'><strong><em>δέ</em></strong></span> <span class='ocrx_word' id='word_1_168' title='bbox 943 2226 1020 2291; x_wconf 81' lang='grc' dir='ltr'><strong><em>σφι,</em></strong></span> <span class='ocrx_word' id='word_1_169' title='bbox 1036 2205 1137 2290; x_wconf 79' lang='grc' dir='ltr'><strong><em>χωρὶς</em></strong></span> <span class='ocrx_word' id='word_1_170' title='bbox 1146 2208 1219 2269; x_wconf 81' lang='grc' dir='ltr'><strong><em>τῶν</em></strong></span> 
     </span>
     <span class='ocr_line' id='line_1_21' title="bbox 207 2294 1144 2390; baseline 0.004 -23"><span class='ocrx_word' id='word_1_171' title='bbox 207 2300 319 2369; x_wconf 85' lang='grc' dir='ltr'><strong><em>ἀλλων</em></strong></span> <span class='ocrx_word' id='word_1_172' title='bbox 333 2305 578 2388; x_wconf 87' lang='grc' dir='ltr'><strong><em>στρατιωτέων,</em></strong></span> <span class='ocrx_word' id='word_1_173' title='bbox 594 2301 785 2388; x_wconf 86' lang='grc' dir='ltr'><strong><em>κάμηλοίτε</em></strong></span> <span class='ocrx_word' id='word_1_174' title='bbox 799 2305 855 2369; x_wconf 85' lang='grc' dir='ltr'><strong><em>καί</em></strong></span> <span class='ocrx_word' id='word_1_175' title='bbox 871 2299 1035 2388; x_wconf 81' lang='grc' dir='ltr'><strong><em>ὑποζύγια</em></strong></span> <span class='ocrx_word' id='word_1_176' title='bbox 1048 2294 1144 2390; x_wconf 85' lang='grc' dir='ltr'><strong><em>ήγον.</em></strong></span> 
     </span>
    </p>

    <p class='ocr_par' dir='ltr' id='par_1_5' title="bbox 158 2397 1219 2785">
     <span class='ocr_line' id='line_1_22' title="bbox 158 2397 1219 2487; baseline -0.001 -18"><span class='ocrx_word' id='word_1_177' title='bbox 158 2416 193 2469; x_wconf 77' lang='lat'><strong><em>84</em></strong></span> <span class='ocrx_word' id='word_1_178' title='bbox 284 2397 431 2468; x_wconf 83' lang='grc' dir='ltr'><strong><em>Ἱππεύει</em></strong></span> <span class='ocrx_word' id='word_1_179' title='bbox 448 2398 484 2466; x_wconf 74' lang='grc' dir='ltr'><strong><em>δέ</em></strong></span> <span class='ocrx_word' id='word_1_180' title='bbox 499 2406 603 2467; x_wconf 77' lang='grc' dir='ltr'><strong><em>ταῦτα</em></strong></span> <span class='ocrx_word' id='word_1_181' title='bbox 616 2397 656 2467; x_wconf 87' lang='grc' dir='ltr'><strong><em>τά</em></strong></span> <span class='ocrx_word' id='word_1_182' title='bbox 673 2405 793 2468; x_wconf 86' lang='grc' dir='ltr'><strong><em>έθνεα·</em></strong></span> <span class='ocrx_word' id='word_1_183' title='bbox 816 2397 904 2487; x_wconf 85' lang='grc' dir='ltr'><strong><em>πλήν</em></strong></span> <span class='ocrx_word' id='word_1_184' title='bbox 919 2397 962 2467; x_wconf 93' lang='grc' dir='ltr'><strong><em>ού</em></strong></span> <span class='ocrx_word' id='word_1_185' title='bbox 974 2401 1084 2468; x_wconf 93' lang='grc' dir='ltr'><strong><em>πάντα</em></strong></span> <span class='ocrx_word' id='word_1_186' title='bbox 1095 2406 1219 2485; x_wconf 88' lang='grc' dir='ltr'><strong><em>παρεί-</em></strong></span> 
     </span>
     <span class='ocr_line' id='line_1_23' title="bbox 204 2492 1218 2587; baseline 0 -22"><span class='ocrx_word' id='word_1_187' title='bbox 204 2522 278 2584; x_wconf 89' lang='grc' dir='ltr'><strong><em>χετο</em></strong></span> <span class='ocrx_word' id='word_1_188' title='bbox 293 2500 414 2582; x_wconf 82' lang='grc' dir='ltr'><strong><em>ἵππον,</em></strong></span> <span class='ocrx_word' id='word_1_189' title='bbox 433 2492 517 2565; x_wconf 86' lang='grc' dir='ltr'><strong><em>ἀλλά</em></strong></span> <span class='ocrx_word' id='word_1_190' title='bbox 532 2494 653 2566; x_wconf 88' lang='grc' dir='ltr'><strong><em>τοσάδε</em></strong></span> <span class='ocrx_word' id='word_1_191' title='bbox 667 2504 786 2584; x_wconf 82' lang='grc' dir='ltr'><strong><em>μούνα.</em></strong></span> <span class='ocrx_word' id='word_1_192' title='bbox 809 2501 936 2585; x_wconf 86' lang='grc' dir='ltr'><strong><em>Πέρσαι</em></strong></span> <span class='ocrx_word' id='word_1_193' title='bbox 951 2501 1014 2586; x_wconf 76' lang='grc' dir='ltr'><strong><em>μὲν</em></strong></span> <span class='ocrx_word' id='word_1_194' title='bbox 1028 2497 1091 2587; x_wconf 86' lang='grc' dir='ltr'><strong><em>τήν</em></strong></span> <span class='ocrx_word' id='word_1_195' title='bbox 1105 2496 1218 2585; x_wconf 87' lang='grc' dir='ltr'><strong><em>αύτήν</em></strong></span> 
     </span>
     <span class='ocr_line' id='line_1_24' title="bbox 206 2594 1218 2688; baseline -0.001 -22"><span class='ocrx_word' id='word_1_196' title='bbox 206 2598 444 2682; x_wconf 82' lang='grc' dir='ltr'><strong><em>ἐσκευασμένοι</em></strong></span> <span class='ocrx_word' id='word_1_197' title='bbox 460 2594 549 2666; x_wconf 77' lang='grc' dir='ltr'><strong><em>καὶὸ</em></strong></span> <span class='ocrx_word' id='word_1_198' title='bbox 571 2595 668 2679; x_wconf 79' lang='grc' dir='ltr'><strong><em>πεζὰς</em></strong></span> <span class='ocrx_word' id='word_1_199' title='bbox 681 2595 811 2666; x_wconf 81' lang='grc' dir='ltr'><strong><em>αὐτῶν·</em></strong></span> <span class='ocrx_word' id='word_1_200' title='bbox 840 2595 928 2685; x_wconf 88' lang='grc' dir='ltr'><strong><em>πλήν</em></strong></span> <span class='ocrx_word' id='word_1_201' title='bbox 945 2602 998 2668; x_wconf 78' lang='grc' dir='ltr'><strong><em>ἐπὶ</em></strong></span> <span class='ocrx_word' id='word_1_202' title='bbox 1017 2605 1092 2688; x_wconf 76' lang='grc' dir='ltr'><strong><em>τῇσι</em></strong></span> <span class='ocrx_word' id='word_1_203' title='bbox 1106 2624 1218 2683; x_wconf 83' lang='grc' dir='ltr'><strong><em>κεφα-</em></strong></span> 
     </span>
     <span class='ocr_line' id='line_1_25' title="bbox 205 2692 1217 2785; baseline 0 -20"><span class='ocrx_word' id='word_1_204' title='bbox 205 2702 281 2785; x_wconf 79' lang='grc' dir='ltr'><strong><em>λῇσι</em></strong></span> <span class='ocrx_word' id='word_1_205' title='bbox 293 2692 383 2781; x_wconf 78' lang='grc' dir='ltr'><strong><em>εἶχον</em></strong></span> <span class='ocrx_word' id='word_1_206' title='bbox 396 2698 597 2783; x_wconf 77' lang='grc' dir='ltr'><strong><em>μετεξέτεροι</em></strong></span> <span class='ocrx_word' id='word_1_207' title='bbox 611 2693 724 2764; x_wconf 78' lang='grc' dir='ltr'><strong><em>αὐτῶν</em></strong></span> <span class='ocrx_word' id='word_1_208' title='bbox 737 2700 792 2765; x_wconf 86' lang='grc' dir='ltr'><strong><em>καί</em></strong></span> <span class='ocrx_word' id='word_1_209' title='bbox 804 2697 928 2784; x_wconf 88' lang='grc' dir='ltr'><strong><em>χάλκεα</em></strong></span> <span class='ocrx_word' id='word_1_210' title='bbox 938 2701 994 2766; x_wconf 81' lang='grc' dir='ltr'><strong><em>καί</em></strong></span> <span class='ocrx_word' id='word_1_211' title='bbox 1005 2697 1144 2785; x_wconf 85' lang='grc' dir='ltr'><strong><em>σιδήρεα</em></strong></span> <span class='ocrx_word' id='word_1_212' title='bbox 1161 2701 1217 2778; x_wconf 80' lang='grc' dir='ltr'><strong><em>ἐξ·</em></strong></span> 
     </span>
    </p>

    <p class='ocr_par' dir='ltr' id='par_1_6' title="bbox 157 2792 1216 3573">
     <span class='ocr_line' id='line_1_26' title="bbox 157 2792 1215 2883; baseline -0.005 -16"><span class='ocrx_word' id='word_1_213' title='bbox 157 2811 191 2867; x_wconf 81' lang='grc'><strong><em>85</em></strong></span> <span class='ocrx_word' id='word_1_214' title='bbox 207 2794 392 2879; x_wconf 89' lang='grc' dir='ltr'><strong><em>εληλαμένα</em></strong></span> <span class='ocrx_word' id='word_1_215' title='bbox 413 2792 589 2881; x_wconf 87' lang='grc' dir='ltr'><strong><em>ποιήματα.</em></strong></span> <span class='ocrx_word' id='word_1_216' title='bbox 622 2797 698 2863; x_wconf 76' lang='grc' dir='ltr'><strong><em>Είσί</em></strong></span> <span class='ocrx_word' id='word_1_217' title='bbox 719 2798 757 2862; x_wconf 89' lang='grc' dir='ltr'><strong><em>δέ</em></strong></span> <span class='ocrx_word' id='word_1_218' title='bbox 770 2820 859 2874; x_wconf 89' lang='grc' dir='ltr'><strong><em>τινες</em></strong></span> <span class='ocrx_word' id='word_1_219' title='bbox 874 2796 1018 2882; x_wconf 90' lang='grc' dir='ltr'><strong><em>νομάδες</em></strong></span> <span class='ocrx_word' id='word_1_220' title='bbox 1033 2794 1215 2883; x_wconf 73' lang='grc' dir='ltr'><strong><em>ἄνθρωποι</em></strong></span> 
     </span>
     <span class='ocr_line' id='line_1_27' title="bbox 205 2891 1215 2985; baseline 0.004 -26"><span class='ocrx_word' id='word_1_221' title='bbox 205 2892 391 2976; x_wconf 88' lang='grc' dir='ltr'><strong><em>Σαγάρτιοι</em></strong></span> <span class='ocrx_word' id='word_1_222' title='bbox 411 2893 624 2980; x_wconf 87' lang='grc' dir='ltr'><strong><em>καλεύμενοι,</em></strong></span> <span class='ocrx_word' id='word_1_223' title='bbox 647 2898 747 2972; x_wconf 81' lang='grc' dir='ltr'><strong><em>ἔθνος</em></strong></span> <span class='ocrx_word' id='word_1_224' title='bbox 761 2896 824 2980; x_wconf 77' lang='grc' dir='ltr'><strong><em>μὲν</em></strong></span> <span class='ocrx_word' id='word_1_225' title='bbox 839 2891 1010 2981; x_wconf 81' lang='grc' dir='ltr'><strong><em>Περσικὸν</em></strong></span> <span class='ocrx_word' id='word_1_226' title='bbox 1029 2898 1084 2962; x_wconf 78' lang='grc' dir='ltr'><strong><em>καί</em></strong></span> <span class='ocrx_word' id='word_1_227' title='bbox 1102 2902 1215 2985; x_wconf 79' lang='grc' dir='ltr'><strong><em>φωνῇ,</em></strong></span> 
     </span>
     <span class='ocr_line' id='line_1_28' title="bbox 206 2985 1216 3080; baseline 0.003 -24"><span class='ocrx_word' id='word_1_228' title='bbox 206 2985 332 3076; x_wconf 85' lang='grc' dir='ltr'><strong><em>σκευήν</em></strong></span> <span class='ocrx_word' id='word_1_229' title='bbox 348 2989 384 3057; x_wconf 73' lang='grc' dir='ltr'><strong><em>δὲ</em></strong></span> <span class='ocrx_word' id='word_1_230' title='bbox 401 2987 522 3076; x_wconf 83' lang='grc' dir='ltr'><strong><em>μεταξύ</em></strong></span> <span class='ocrx_word' id='word_1_231' title='bbox 544 2996 655 3077; x_wconf 86' lang='grc' dir='ltr'><strong><em>έχουσι</em></strong></span> <span class='ocrx_word' id='word_1_232' title='bbox 671 2993 900 3080; x_wconf 87' lang='grc' dir='ltr'><strong><em>πεποιημένην</em></strong></span> <span class='ocrx_word' id='word_1_233' title='bbox 916 2998 974 3079; x_wconf 83' lang='grc' dir='ltr'><strong><em>τῆς</em></strong></span> <span class='ocrx_word' id='word_1_234' title='bbox 993 3018 1029 3061; x_wconf 80' lang='grc' dir='ltr'><strong><em>τε</em></strong></span> <span class='ocrx_word' id='word_1_235' title='bbox 1043 2999 1216 3079; x_wconf 81' lang='grc' dir='ltr'><strong><em>Περσικῆς</em></strong></span> 
     </span>
     <span class='ocr_line' id='line_1_29' title="bbox 204 3089 1216 3181; baseline 0.003 -23"><span class='ocrx_word' id='word_1_236' title='bbox 204 3093 261 3158; x_wconf 76' lang='grc' dir='ltr'><strong><em>καὶ</em></strong></span> <span class='ocrx_word' id='word_1_237' title='bbox 274 3095 331 3174; x_wconf 89' lang='grc' dir='ltr'><strong><em>τής</em></strong></span> <span class='ocrx_word' id='word_1_238' title='bbox 347 3096 554 3177; x_wconf 76' lang='grc' dir='ltr'><strong><em>Πακτυϊκῆς,</em></strong></span> <span class='ocrx_word' id='word_1_239' title='bbox 571 3098 606 3160; x_wconf 79' lang='grc' dir='ltr'><strong><em>οδ</em></strong></span> <span class='ocrx_word' id='word_1_240' title='bbox 616 3098 812 3181; x_wconf 80' lang='grc' dir='ltr'><strong><em>παρείχοντο</em></strong></span> <span class='ocrx_word' id='word_1_241' title='bbox 826 3093 888 3179; x_wconf 73' lang='grc' dir='ltr'><strong><em>μὲν</em></strong></span> <span class='ocrx_word' id='word_1_242' title='bbox 901 3095 1007 3160; x_wconf 78' lang='grc' dir='ltr'><strong><em>’ίππον</em></strong></span> <span class='ocrx_word' id='word_1_243' title='bbox 1022 3089 1216 3178; x_wconf 90' lang='grc' dir='ltr'><strong><em>ὀκτακισχι-</em></strong></span> 
     </span>
     <span class='ocr_line' id='line_1_30' title="bbox 204 3186 1215 3277; baseline 0 -20"><span class='ocrx_word' id='word_1_244' title='bbox 204 3196 297 3274; x_wconf 88' lang='grc' dir='ltr'><strong><em>λίην,</em></strong></span> <span class='ocrx_word' id='word_1_245' title='bbox 317 3186 404 3256; x_wconf 79' lang='grc' dir='ltr'><strong><em>ὅπλα</em></strong></span> <span class='ocrx_word' id='word_1_246' title='bbox 420 3190 457 3256; x_wconf 75' lang='grc' dir='ltr'><strong><em>δὲ</em></strong></span> <span class='ocrx_word' id='word_1_247' title='bbox 471 3186 513 3257; x_wconf 88' lang='grc' dir='ltr'><strong><em>ού</em></strong></span> <span class='ocrx_word' id='word_1_248' title='bbox 534 3196 707 3275; x_wconf 84' lang='grc' dir='ltr'><strong><em>νομίζουσι</em></strong></span> <span class='ocrx_word' id='word_1_249' title='bbox 724 3197 810 3277; x_wconf 77' lang='grc' dir='ltr'><strong><em>ἔχειν</em></strong></span> <span class='ocrx_word' id='word_1_250' title='bbox 826 3188 903 3259; x_wconf 84' lang='grc' dir='ltr'><strong><em>ούτε</em></strong></span> <span class='ocrx_word' id='word_1_251' title='bbox 921 3190 1046 3277; x_wconf 88' lang='grc' dir='ltr'><strong><em>χάλκεα</em></strong></span> <span class='ocrx_word' id='word_1_252' title='bbox 1063 3188 1142 3260; x_wconf 77' lang='grc' dir='ltr'><strong><em>οὔτε</em></strong></span> <span class='ocrx_word' id='word_1_253' title='bbox 1159 3210 1215 3257; x_wconf 85' lang='grc' dir='ltr'><strong><em>σι-</em></strong></span> 
     </span>
     <span class='ocr_line' id='line_1_31' title="bbox 204 3288 1214 3379; baseline 0 -24"><span class='ocrx_word' id='word_1_254' title='bbox 204 3289 307 3375; x_wconf 87' lang='grc' dir='ltr'><strong><em>δήρεα</em></strong></span> <span class='ocrx_word' id='word_1_255' title='bbox 317 3291 379 3367; x_wconf 79' lang='grc' dir='ltr'><strong><em>ἔξω</em></strong></span> <span class='ocrx_word' id='word_1_256' title='bbox 387 3290 601 3375; x_wconf 80' lang='grc' dir='ltr'><strong><em>ἐγχειριδίων,</em></strong></span> <span class='ocrx_word' id='word_1_257' title='bbox 613 3291 767 3377; x_wconf 83' lang='grc' dir='ltr'><strong><em>χρέονται</em></strong></span> <span class='ocrx_word' id='word_1_258' title='bbox 779 3289 814 3358; x_wconf 74' lang='grc' dir='ltr'><strong><em>δὲ</em></strong></span> <span class='ocrx_word' id='word_1_259' title='bbox 825 3294 955 3379; x_wconf 77' lang='grc' dir='ltr'><strong><em>σειρῇσι</em></strong></span> <span class='ocrx_word' id='word_1_260' title='bbox 966 3288 1214 3376; x_wconf 73' lang='grc' dir='ltr'><strong><em>πεπλεγμένῃσι</em></strong></span> 
     </span>
     <span class='ocr_line' id='line_1_32' title="bbox 203 3384 1214 3476; baseline -0.002 -19"><span class='ocrx_word' id='word_1_261' title='bbox 203 3392 237 3468; x_wconf 83' lang='grc' dir='ltr'><strong><em>ἐξ</em></strong></span> <span class='ocrx_word' id='word_1_262' title='bbox 252 3387 410 3474; x_wconf 86' lang='grc' dir='ltr'><strong><em>ίμάντων.</em></strong></span> <span class='ocrx_word' id='word_1_263' title='bbox 432 3388 571 3476; x_wconf 89' lang='grc' dir='ltr'><strong><em>ταύτησι</em></strong></span> <span class='ocrx_word' id='word_1_264' title='bbox 585 3396 722 3458; x_wconf 91' lang='grc' dir='ltr'><strong><em>πίσυνοι</em></strong></span> <span class='ocrx_word' id='word_1_265' title='bbox 738 3396 890 3476; x_wconf 88' lang='grc' dir='ltr'><strong><em>έρχονται</em></strong></span> <span class='ocrx_word' id='word_1_266' title='bbox 905 3391 939 3468; x_wconf 85' lang='grc' dir='ltr'><strong><em>ές</em></strong></span> <span class='ocrx_word' id='word_1_267' title='bbox 952 3387 1117 3472; x_wconf 84' lang='grc' dir='ltr'><strong><em>πόλεμον·</em></strong></span> <span class='ocrx_word' id='word_1_268' title='bbox 1137 3384 1159 3473; x_wconf 81' lang='grc' dir='ltr'>ἡ</span> <span class='ocrx_word' id='word_1_269' title='bbox 1176 3387 1214 3455; x_wconf 70' lang='grc' dir='ltr'><strong><em>δέ</em></strong></span> 
     </span>
     <span class='ocr_line' id='line_1_33' title="bbox 203 3482 1212 3573; baseline 0.005 -24"><span class='ocrx_word' id='word_1_270' title='bbox 203 3485 290 3569; x_wconf 89' lang='grc' dir='ltr'><strong><em>μάχη</em></strong></span> <span class='ocrx_word' id='word_1_271' title='bbox 305 3483 435 3551; x_wconf 88' lang='grc' dir='ltr'><strong><em>τούτων</em></strong></span> <span class='ocrx_word' id='word_1_272' title='bbox 449 3490 517 3551; x_wconf 78' lang='grc' dir='ltr'><strong><em>τῶν</em></strong></span> <span class='ocrx_word' id='word_1_273' title='bbox 532 3482 667 3571; x_wconf 80' lang='grc' dir='ltr'><strong><em>ἀνδρῶν</em></strong></span> <span class='ocrx_word' id='word_1_274' title='bbox 681 3485 758 3573; x_wconf 86' lang='grc' dir='ltr'><strong><em>ήδε·</em></strong></span> <span class='ocrx_word' id='word_1_275' title='bbox 780 3486 883 3556; x_wconf 81' lang='grc' dir='ltr'><strong><em>ἐπεάν</em></strong></span> <span class='ocrx_word' id='word_1_276' title='bbox 899 3492 1109 3572; x_wconf 85' lang='grc' dir='ltr'><strong><em>συμμίσγωσι</em></strong></span> <span class='ocrx_word' id='word_1_277' title='bbox 1124 3500 1212 3554; x_wconf 80' lang='grc' dir='ltr'><strong><em>τοῖσι</em></strong></span> 
     </span>
    </p>
   </div>
   <div class='ocr_carea' id='block_1_3' title="bbox 0 0 1302 3936">
    <p class='ocr_par' dir='ltr' id='par_1_7' title="bbox 0 0 1302 3936">
     <span class='ocr_line' id='line_1_34' title="bbox 0 0 1302 3936; baseline 0 3"><span class='ocrx_word' id='word_1_278' title='bbox 0 0 1302 3936; x_wconf 95' lang='lat' dir='ltr'><strong><em> </em></strong></span> 
     </span>
    </p>
   </div>
  </div>
 </body>
</html>
