2536 3934
98 266 123 335 j
226 257 269 337 84
505 284 509 293 ·
596 239 889 335 ιιειιοοοτι
966 337 969 341 ‚

225 428 416 513 μετέβαλον
440 420 602 511 Μαζόρης
624 423 661 492 δέ
674 421 756 511 μετὰ
770 427 871 492 τοῦτο
887 428 1012 512 ἐτεμτε
1029 428 1062 507 ἐς
1076 423 1139 515 τὴν
1151 426 1211 497 Κύ
1220 468 1235 481 ·

225 546 293 611 μην
308 520 485 611 ύμμέλονς,
502 522 672 595 ἐκδιδόναι
686 523 836 594 κελεύων
850 525 1021 612 Πακτύην.
1055 532 1090 596 οέ
1102 527 1139 597 66
1152 536 1231 598 Kv·

225 636 318 709 μαλοι
329 627 481 708 ἔγνωσαν
500 630 695 711 συμβουλῆς
715 625 791 712 ιτέρι
812 626 846 703 ἐς
864 621 952 693 θεὸν
970 622 1100 718 ἇνῷσαι
1114 625 1176 697 τὸν
1190 631 1234 698 ἐν

223 724 435 810 Βραγχίδῃσι.
467 712 512 808 ἦν
526 719 592 811 γιὶρ
610 719 734 814 αὐτόθι
747 724 911 812 μαντήιον
921 726 958 794 ἐκ
969 734 1114 796 παλαιοῦ
1130 732 1234 817 ίδρυ-

213 823 355 914 -μένον,
366 822 414 911 τῷ
431 817 545 901 Ἴωνός
562 847 598 890 τε
616 821 739 902 κιόντες
755 824 811 891 καὶ
824 825 959 903 Αἰολέες
980 824 1133 895 ἐύθεσαν
1144 832 1235 915 χρᾶ-

224 929 315 989 σθαι
349 916 366 988 6
389 887 426 988 δὲ
447 925 554 1010 χόρος
577 913 677 1000 οὖτός
699 923 768 990 ἐστι
788 928 847 1008 τῇς
862 924 1069 1010 Μιλησίης
1053 948 1101 992 νει
1102 925 1234 1013 ἐρΠα-

163 1036 215 1093 158
224 1022 356 1110 νόρμον
379 1026 521 1110 λιμένος.
571 1025 769 1110 Πέμφαντες
796 1014 845 1090 ύν
869 1027 904 1091 οί
923 1026 1111 1110 Καμαίοιέ
1109 1051 1127 1103 ς
1146 1050 1233 1104 τους

225 1125 409 1208 Βραγχίδας
429 1122 648 1210 θεοτρόκονς
667 1120 824 1208 είρύτεον
841 1124 917 1210 περὶ
935 1120 1096 1210 Πακτύην
1110 1119 1235 1190 ὁκοῖόν

224 1248 257 1291 τι
274 1222 442 1302 κοιέοντες
458 1231 569 1292 θεσδσι
584 1224 737 1309 μέλλοιεν
761 1223 966 1312 χαριέεσθαι·
993 1225 1235 1310 ἐκειρωτέονσι

171 1320 173 1323 ’
226 1320 265 1389 δέ
289 1340 350 1407 σφι
369 1327 473 1389 ταῦτα
488 1320 690 1409 χρηστήριον
713 1322 843 1406 ἐγένετο
872 1321 1042 1391 ἐκδιδόναι
1063 1321 1235 1409 Πακτύην

225 1418 381 1509 Πέρσησι.
414 1425 517 1488 ταῦτα
537 1416 619 1489 66‘
598 1445 643 1499 ως
664 1415 946 1505 ύτενειχθέντα”
922 1438 1074 1506 ηκονσαν
1100 1424 1134 1489 oc
1152 1426 1235 1488 Κυ-

153 1566 156 1571 «
226 1533 357 1606 μαίοι,
353 1508 540 1606 ὁρμέατο
532 1516 710 1588 ἐκδιδόναι.
746 1513 953 1603 ὁρμεομένον
977 1517 1013 1586 δέ
1038 1516 1143 1607 ταύτη
1164 1526 1235 1587 τοῦ

226 1616 375 1707 τληθεος
392 1614 653 1706 Ἀριστόδικος*
639 1644 657 1686 ο
676 1614 899 1702 Ηρακλείδεω
920 1612 1006 1705 ύνηρ
1027 1621 1095 1685 τόν
1115 1612 1236 1685 ἀστῶν

226 1714 292 1786 ἐόν
304 1717 440 1804 δόκιμος
454 1722 527 1805 ἔσχε
537 1740 582 1806 μη
571 1709 731 1802 ποιῆσαι
741 1721 846 1783 ταῦτα
856 1720 1046 1801 Κυμαίους,
1062 1711 1235 1783 ἀπιστέων

225 1843 262 1887 τε
281 1823 327 1909 τύ
347 1823 482 1909 χρησμῷ
501 1818 557 1886 καλ
577 1818 705 1885 δοκέων
726 1811 805 1894 τούς
823 1813 1038 1903 θεοπρόπους
1059 1839 1101 1882 ον
1089 1810 1236 1901 ’λέγειν

225 1884 401 2006 ἀληθέως,
411 1921 444 1999 ἐς
457 1915 524 1987 ότο
540 1917 700 2006 δεύτερον
714 1918 790 2005 περὶ
799 1915 962 1985 Πακτύεω
976 1915 1238 2004 ἐπειρησόμενοι

164 2014 247 2078 159”
223 2032 324 2106 ητσαν
339 2013 435 2085 ἄλλοι
448 2016 654 2115 θεοπρόποι,
668 2021 737 2084 τῶν
751 2016 807 2082 καλ
819 2005 1077 2102 Ἀριστόδικος
1053 2039 1106 2101 ην
1133 2012 1239 2085 Ἀττι-

224 2116 378 2203 κομένων
388 2114 425 2182 δὲ
435 2117 468 2194 ἐς
473 2118 659 2201 Βραγχίδας
669 2111 936 2201 ἐχρηστηριάζετο
946 2114 983 2181 ἐκ
992 2110 1128 2181 κιόντων
1136 2109 1240 2202 Ἀρτ-

224 2213 377 2305 στόδικος
391 2214 597 2302 ἐκειρωτέων
610 2213 706 2280 τόδε·
724 2204 843 2297 Ὦναξ,
856 2202 943 2297 ηλθε
953 2230 1021 2301 κταρ
1018 2208 1143 2301 ἠμίας
1158 2216 1240 2282 ἐκέ-

224 2307 471 2399 τηςΠακτύης’
457 2337 475 2379 ο
486 2308 599 2390 Λυδός
609 2310 748 2397 φεύγων
758 2308 912 2378 θάνατον
922 2316 1035 2398 βίαιον
1045 2307 1241 2399 ωρδςΠερ-

225 2411 329 2479 σέων·
354 2434 374 2476 ο
374 2411 449 2478 ίδέ
465 2431 525 2497 μιν
547 2411 747 2491 ἐξαιτέονται
767 2421 923 2496 προεῖναι
943 2408 1136 2488 κελεύοντες
1152 2416 1240 2479 Κν-

225 2514 353 2595 μαίονς.
368 2503 463 2596 ημελς
477 2506 514 2577 δὲ
528 2511 755 2596 δειμαίνοντες
765 2504 829 2596 τὴν
838 2510 997 2595 Περσέων
1007 2506 1206 2596 δύναμιν
1166 2535 1241 2581 τον

224 2610 337 2694 ἐκίιην
354 2608 387 2684 ἐς
402 2607 479 2676 τόδε
494 2634 537 2676 ον
526 2603 805 2695 ’τετολμήκαμεν
821 2605 1006 2694 ἐκδιδόναι,
1028 2600 1150 2691 mv*
1127 2631 1172 2673 αν
1190 2605 1237 2676 τὰ

225 2703 291 2773 ύιιδ
308 2710 368 2772 σεδ
358 2698 463 2794 ἡμῖν
477 2708 615 2796 δηλωθῇ
632 2702 813 2794 ύτρεκέως,
834 2702 976 2794 ὁκότερα
989 2708 1163 2791 κατίωμεν.
1192 2702 1241 2775 ‘0

224 2800 287 2892 μὲν
299 2810 404 2873 ταῦτα
419 2803 602 2895 ἐτειροότα,
616 2803 635 2873 6
652 2802 684 2874 δ’
701 2799 796 2886 αὖτις
808 2803 871 2875 τόν
884 2801 989 2874 αύτόν
1003 2808 1066 2892 σφι
1078 2799 1242 2892 χρησμόν
1256 2824 1257 2829 ’

206 2951 209 2955 -
224 2909 342 2992 ἔφαινε
353 2902 503 2972 κελεύων
513 2903 684 2973 ἐκδιδόναι·
689 2901 852 2992 Πακτύην
858 2905 1015 2995 Πέρσησι.
1028 2900 1112 2992 πρὸς
1121 2908 1243 2972 ταῦτα

201 3093 204 3100 ,
223 3000 242 3071 6
263 2999 487 3091 Ἀριστόδικος
508 3008 546 3075 ἐκ
572 3012 733 3093 προνοίης
754 3007 861 3076 ἐποίεε
879 3005 976 3075 τάδε·
1005 2998 1146 3094 κτεριιύν
1165 3001 1243 3073 τὸν

222 3098 310 3189 νηόν
329 3103 443 3195 κύκλφ
460 3106 586 3192 ἐξαίρεε
604 3100 685 3183 τούς
704 3096 895 3192 στρουθούς
914 3104 972 3172 καλ
992 3098 1077 3171 ἄλλα
1097 3097 1162 3170 ὅσα
1183 3094 1245 3191 ἦν

106 3264 109 3271 ,
222 3204 523 3291 νενεοσσεωμέναό
527 3211 658 3294 ρνίθων
671 3206 802 3292 μένεαέ
801 3231 823 3273 ν
838 3230 857 3273 τ
870 3211 884 3227 ”
897 3210 977 3295 νηῷ
1002 3201 1174 3281 τοιέοντος
1193 3204 1255 3285 oz:

223 3298 329 3373 αύτοῦ
340 3307 446 3370 ταῦτα
456 3305 586 3390 λέγεται
597 3300 719 3392 φωνην
729 3306 766 3373 ἐκ
776 3326 838 3373 τοο
823 3303 976 3372 αδύτου
982 3301 1150 3389 γενέσθαι
1164 3304 1254 3386 φέ·

223 3421 352 3491 ρονσαν
367 3401 430 3487 μλν
449 3398 540 3493 τορός,
548 3397 609 3469 τόν
625 3398 870 3490 Ἀριστόδικον,
892 3401 1059 3489 λέγουσαν
1078 3397 1116 3466 δέ
1128 3395 1254 3507 τύδεύ,

186 3578 189 3584 ,
218 3499 437 3573 Ἀνοσιτότατε
456 3497 669 3591 ἀνθρύτων,
690 3506 726 3569 τί
741 3501 822 3570 τόδε
839 3506 962 3588 τολμᾶς
982 3500 1125 3574 κοιέειν·
1147 3464 1254 3619 τοὺς,1

1237 3758 1252 3905 λ
