2622 3928
212 241 257 306 50
591 246 843 306 HERODOTI

212 400 279 472 ἀπό
294 406 464 492 βασιλέος,
479 408 534 472 καὶ
545 392 626 492 ὑμῖν
639 407 773 493 παρέχει
784 403 948 487 σώζεσθαι
962 411 1015 479 έπί
1026 407 1088 497 τήν
1099 406 1222 497 ὑμετέ-

213 528 278 592 ρην
292 498 413 571 αὐτῶν.
431 503 527 591 μέχρι
540 505 604 590 μὲν
614 502 787 591 θαλάσσης
799 500 929 573 αύτοίσι
943 504 1035 594 ύμίν,
1049 506 1087 577 τό
1102 508 1139 577 δὲ
1149 504 1219 577 ἀπό

213 602 335 671 τούτου
349 598 430 690 ήμίν
442 600 507 689 ήδη
517 601 662 690 μελήσει.
684 608 788 671 ταῦτα
802 604 839 670 δὲ
849 599 1054 684 ἀκούσαντες
1068 609 1221 674 οίΠαίο-

211 700 379 790 νεςκάρτα
390 728 426 771 τε
439 698 611 770 ἀσπαστὸν
622 700 831 788 ἐποιήσαντο,
839 703 894 771 καί
901 698 1126 790 ἀναλαβόντες
1138 714 1220 771 παδ-

212 799 272 880 δάς
285 803 390 869 τεκαὶ
406 815 569 888 γυναῖκας
582 798 828 890 ἀπεδίδρησκον
842 803 896 870 ίπδ
908 800 1103 871 θάλασσαν·
1131 806 1167 871 οί
1179 805 1222 871 δέ

210 925 300 979 τινες
313 895 426 969 αύτωυ
446 902 501 969 καί
517 902 716 988 κατέμειναν
732 896 987 987 ἀρρωδήσαντες
1000 895 1114 968 αύτοῦ.
1144 901 1221 968 έπεί

211 1025 248 1069 τε
269 999 306 1067 δὲ
324 1002 360 1067 οί
370 1003 515 1079 Παίονες
528 996 689 1069 ἀπίκοντο
709 1000 762 1067 έπδ
777 997 973 1085 θάλασσαν,
999 1002 1161 1069 ἐνθεῦτεν
1181 999 1217 1076 ές

211 1105 297 1169 Χίον
311 1097 480 1187 διέβησαν.
512 1099 639 1168 ἐόντων
653 1100 690 1167 δὲ
702 1094 768 1187 ήδη
783 1103 820 1166 ἐν
832 1103 903 1190 Χίῳ
918 1096 1002 1167 κατά
1019 1097 1125 1176 πόδας
1137 1098 1217 1182 έλη-

211 1196 316 1266 λύθεε
321 1200 481 1284 Περσέων
495 1199 596 1277 ἵππος
608 1193 713 1284 πολλή
727 1195 897 1265 διώκουσα
908 1192 1157 1275 τοῦςΠαίονας·
1169 1190 1217 1272 ὡς

212 1297 249 1363 δὲ
262 1290 305 1363 ού
318 1297 520 1386 κατέλαβον,
536 1297 777 1385 ἐπηγγέλλοντο
794 1298 828 1375 ές
838 1293 901 1384 τήν
913 1302 998 1365 Χίον
1010 1308 1095 1365 τοῖσι
1104 1298 1214 1363 Παίο-

211 1417 261 1484 σι,
279 1393 366 1476 ὅκως
377 1392 421 1466 ἀν
433 1394 539 1468 ὀπίσω
549 1396 739 1468 ἀπέλθοιεν.
758 1400 793 1465 οί
801 1397 838 1464 δὲ
847 1402 991 1476 Παίονες
1000 1393 1080 1475 τοῦς
1089 1393 1214 1480 λόγους

209 1493 273 1564 ούκ
287 1496 497 1585 ἐνεδέκοντο,
513 1494 587 1566 ἀλλ’
605 1500 642 1567 ἐκ
655 1503 741 1566 Χίου
756 1494 819 1583 μὲν
827 1501 909 1565 Χίοί
918 1513 1023 1583 σφεας
1037 1496 1070 1574 ές
1079 1495 1213 1582 Λέσβον

207 1592 352 1679 ἤγαγον,
370 1596 507 1681 Λέσβιοι
522 1596 559 1663 δὲ
573 1598 606 1676 ἐς
617 1601 788 1682 Δορίσκον
801 1593 977 1681 έκόμισαν·
999 1597 1159 1662 ἐνθεῦτεν
1173 1591 1210 1659 δε

207 1698 286 1783 πεζή
300 1692 511 1780 κομιζόμενοι
525 1692 683 1763 ἀπίκοντο
700 1696 734 1773 ές
745 1699 920 1780 Παιονίην.

156 1803 194 1861 99
289 1789 525 1881 Ἀρισταγόρης
535 1791 582 1879 δέ,
595 1789 707 1879 ἐπειδή
720 1794 755 1860 οί
761 1818 798 1859 τε
807 1789 979 1877 Ἀθηναῖοι
990 1785 1148 1858 ἀπίκοντο
1160 1797 1211 1858 εί-

107 1967 116 1987 ,
206 1910 281 1959 κοσι
295 1894 411 1978 νηυσί,
427 1889 496 1979 ἀμα
512 1889 671 1979 ἀγόμενοι
684 1888 876 1979 Ἐρετριέων
889 1892 987 1958 πέντε
997 1887 1160 1979 τριήρεας,
1176 1894 1212 1956 οἳ

207 1986 249 2056 ού
262 1985 324 2076 τήν
335 1985 525 2075 Ἀθηναίων
537 1990 637 2077 χάριν
651 1987 903 2078 ἐστρατεύοντο,
919 1984 1003 2058 ἀλλά
1019 1985 1081 2076 τήν
1095 1983 1209 2057 αὐτῶν
1296 2062 1297 2065 ¹

206 2094 401 2175 Μιλησίων,
418 2084 622 2176 ὀφειλόμενά
636 2108 695 2174 σφι
711 2084 927 2165 ἀποδιδόντες
940 2089 991 2177 (oi
1002 2083 1067 2173 γὰρ
1083 2083 1123 2175 δή
1135 2093 1207 2153 Μι-

204 2185 314 2273 λήσιοι
334 2186 500 2274 πρότερον
526 2201 610 2256 τοῖσι
627 2185 825 2274 Ἐρετριεῦσι
845 2182 905 2253 τόν
926 2182 1010 2275 πρὸς
1024 2185 1208 2263 Χαλκιδέας

204 2281 352 2369 πόλεμον
374 2285 629 2373 συνδιήνεικαν,
654 2282 710 2352 ὅτε
729 2307 792 2372 περ
812 2287 868 2353 καὶ
887 2288 1090 2354 Χαλκιδεῦσι
1111 2281 1207 2352 ἀντία

199 2378 390 2468 Ἐρετριέων
409 2384 465 2450 καί
479 2388 663 2469 Μιλησίων·
676 2381 802 2469 Σάμιοι
823 2382 1019 2471 ἐβοήθεον),
1042 2374 1136 2452 ούτοι
1157 2374 1207 2450 όν
1295 2432 1296 2437 1

203 2480 277 2547 έπεί
293 2482 331 2547 τέ
348 2499 408 2567 σφι
429 2478 588 2551 ἀπίκοντο
610 2484 720 2550 καλοί
738 2479 834 2550 ἀλλον
856 2480 1022 2569 σύμμαχοι
1039 2487 1205 2569 παρῆσαν,

202 2580 346 2648 ἐποιέετο
361 2588 540 2670 στρατηίην
552 2579 570 2651 ό
583 2579 818 2670 Ἀρισταγόρης
829 2584 861 2662 ἐς
871 2580 1007 2672 Σάρδις.
1030 2579 1130 2662 αύτός
1143 2584 1206 2669 μὲν
1294 2602 1295 2687 η

201 2673 242 2765 δή
259 2674 322 2748 οῦκ
339 2679 563 2769 ἐστρατεύετο,
579 2677 653 2751 ἀλλ’
672 2686 767 2767 ἔμενε
781 2683 818 2750 ἐν
831 2680 982 2771 Μιλήτῳ,
999 2676 1205 2767 στρατηγούς

200 2778 236 2844 δὲ
251 2775 373 2858 ἀλλους
387 2776 524 2863 ἀπέδεξε
534 2788 714 2868 Μιλησίων
724 2777 824 2867 εἶναι,
842 2776 903 2848 τόν
914 2781 1042 2847 ἑωυτοῦ
1055 2803 1091 2847 τε
1105 2774 1204 2847 ἀδελ-

200 2872 286 2961 φεόν
306 2885 501 2964 Χαροπῖνον
526 2882 582 2946 καί
602 2886 670 2945 τῶν
694 2877 806 2948 ἀλλων
829 2875 941 2946 ἀστόν
960 2874 1200 2966 Ἑρμόφαντον.

128 2993 181 3043 ιον
195 2971 407 3059 Ἀπικόμενοι
424 2975 461 3041 δὲ
474 2980 521 3065 τῷ
535 2975 644 3070 στόλφ
659 2978 768 3069 τούτω
774 2975 888 3056 Ἴωνες
904 2974 1091 3063 έςἘφεσον
1103 2984 1201 3045 πλοῖα

197 3069 259 3160 μὲν
276 3072 454 3139 κατέλιπον
470 3074 507 3140 έν
522 3079 687 3165 Κορησσῷ
700 3081 758 3163 τῆς
773 3073 941 3163 Ἐφεσίης,
962 3066 1108 3143 αύτυίδὲ
1124 3070 1202 3141 ἀνέ-

196 3179 318 3260 βαινον
333 3172 418 3257 χειρί
432 3178 538 3262 πολλή
553 3174 747 3261 ποιεύμενοι
759 3172 931 3261 Ἐφεσίους
943 3170 1119 3262 ἡγεμόνας.
1137 3195 1200 3239 πο-

196 3267 375 3354 ρευόμενοι
392 3268 429 3335 δὲ
448 3267 538 3357 παρά
556 3269 707 3359 ποταμόν
720 3272 930 3361 Καΰστριον,
952 3274 1114 3341 ἐνθεῦτεν
1130 3271 1203 3338 έπεί

194 3390 231 3433 τε
244 3360 451 3452 ῦπερβάντες
470 3362 531 3433 τόν
549 3374 689 3453 Τμῶλον
710 3366 886 3457 ἀπίκοντο,
908 3371 1058 3458 αίρίουσι
1072 3368 1198 3456 Σάρδις

192 3457 332 3541 ούδευός
347 3482 408 3547 σφι
422 3461 662 3553 ἀντιωθέντος,
684 3472 836 3558 αίρὲουσι
850 3469 887 3537 δὲ
900 3472 1000 3555 χωρίς
1015 3475 1074 3557 τῆς
1093 3465 1195 3555 ἀκρο·
