2618 3928
208 261 269 324 110
582 261 835 320 HERODOTI

145 438 193 493 116
206 425 299 490 έοῦσι
309 419 373 509 ἤδη
383 421 421 488 έν
430 425 505 507 τῇσι
519 426 627 505 νηυσί.
651 410 756 487 Οὗτοι
770 421 833 505 μέν
844 417 884 505 δὴ
896 423 1105 506 περιέπλωον
1115 419 1215 489 Σοό-

206 541 301 602 νιον,
314 513 487 604 Ἀθηναῖοι
505 519 559 603 δέ,
581 514 626 595 ὡς
640 520 756 584 ποδῶν
771 514 876 604 εἶχον,
894 517 1029 605 τάχιστα
1044 517 1215 606 ἐβοήθεον

207 617 241 693 ές
255 612 291 681 τό
303 612 404 702 ἀστυ,
422 617 477 682 καὶ
491 615 649 700 ἔφθησάν
658 640 694 681 τε
704 612 903 700 ἀπικόμενοι
913 610 1025 701 πρίυῆ
1036 613 1115 693 τούς
1125 621 1215 701 βαρ-

207 712 334 797 βάρους
342 709 448 799 ἥκειν,
460 714 515 779 καὶ
524 712 866 797 ἐστρατοπεδεύσαντο
877 710 1054 799 ἀπιγμένοι
1065 713 1098 792 ἐξ
1106 709 1214 797 Ἡρα-

208 816 322 878 κλείου
335 818 397 879 τοῦ
410 814 448 879 έν
464 813 709 896 Μαραθώνιόν
725 809 814 903 ἀλλρι
829 808 1012 904 Ἡρακλείρι
1025 816 1072 902 τῷ
1086 813 1123 878 έν
1136 818 1214 877 Κυ-
1258 876 1261 881 ⁴

207 908 374 996 υοσάργει.
404 913 438 977 ολ
455 908 492 977 δὲ
511 909 677 998 βάρβαροι
690 916 765 997 τῇσι
785 913 885 995 νηυσὶ
899 907 1213 996 ὑπεραιωρηθέντες

208 1009 368 1097 Φαλήρου
384 1014 499 1099 (τοῦτο
518 1006 583 1093 γάρ
596 1001 642 1094 ἦν
656 1010 803 1075 ἐπίνειον
821 1007 897 1076 τότε
912 1014 982 1075 τῶν
994 1003 1211 1092 Ἀθηναίων),

207 1107 292 1195 ὑπὲρ
309 1107 432 1176 τοάτου
447 1105 739 1194 ἀνακωχεύσαντες
752 1104 811 1187 τὰς
824 1109 901 1186 νέας
917 1103 1094 1174 ἀπέπλωον
1104 1099 1211 1171 ὀπίσω

142 1226 189 1283 117
206 1212 239 1288 ἐς
255 1209 317 1296 την
327 1208 448 1297 Ἀσίην.
485 1208 540 1278 ’Ἐν
553 1210 658 1299 ταότη
667 1217 708 1299 τῇ
719 1213 757 1279 ἐν
767 1214 963 1299 Μαραθῶνι
977 1206 1065 1295 μάχη
1080 1203 1211 1274 ἀπέθα-

207 1335 270 1377 νον
284 1315 352 1376 τῶν
365 1308 548 1397 βαρβάρων
562 1309 646 1378 κατὰ
663 1314 899 1398 ἑξακισχιλίους
913 1310 968 1376 καὶ
978 1311 1210 1395 τετρακοσίους

208 1406 349 1492 ἀνδρας,
365 1404 553 1495 Ἀθηναίων
567 1410 604 1477 δέ
618 1406 737 1477 ἑκατόν
752 1409 953 1495 ἐνενήκοντα
966 1410 1021 1474 καὶ
1032 1405 1111 1473 δύο·
1133 1409 1210 1471 έπε-

208 1530 270 1574 σον
283 1509 346 1592 μὲν
356 1503 556 1595 ἀμφοτέρων
566 1518 730 1595 τοσοῦτοι,
745 1510 923 1597 συνήνεικε
934 1509 970 1575 δέ
981 1502 1103 1574 αάτόθι
1113 1510 1209 1621 θάρ·

208 1632 254 1691 μα
275 1608 435 1689 γενέσθαι
457 1609 605 1696 τοιόνδε,
627 1606 808 1694 Ἀθηναῖον
831 1605 938 1695 ἀνδρα
958 1598 1185 1689 Ἐπίζηλον
1150 1627 1209 1669 τον

208 1707 440 1829 Κουφαγόρεω
456 1712 546 1778 έν
506 1737 547 1800 τη
561 1711 702 1780 συστάσι
716 1709 906 1798 μαχόμενόν
918 1732 955 1775 τε
968 1707 1024 1774 καὶ
1038 1700 1145 1790 ἀνδρα
1155 1728 1211 1787 γι-

207 1806 353 1893 νόμενον
369 1803 502 1893 ἀγαθόν
520 1815 589 1877 τῶν
605 1807 764 1896 ὀμμάτων
781 1810 1002 1893 στερηθῆναι,
1026 1826 1103 1870 ουτε
1123 1805 1211 1918 πλη-

208 1909 307 1991 νέντα
321 1904 422 1974 οὐδὲν
436 1933 497 1975 του
482 1905 718 2033 σόματος”
676 1934 753 1976 ουτε
768 1908 954 2029 βληθέντα,
969 1897 1072 1970 καλ
1035 1925 1073 1968 το
1088 1895 1210 1968 λοιπόν

207 2011 264 2090 τῆς
276 2006 349 2092 ζόης
361 2006 571 2076 διατελέειν’
552 2006 617 2078 από
625 2008 748 2077 τούτου
756 2013 818 2077 τοῦ
828 2006 953 2093 χρόνου
960 2004 1057 2074 ἐόντα
1067 1999 1207 2087 τυφλόν

208 2106 317 2188 λέγειν
329 2103 418 2171 δὲ’
376 2103 481 2173 αυτόν
489 2104 621 2194 ηκουσα
632 2109 707 2194 περὶ
715 2133 776 2175 του
762 2107 914 2183 πάθεος
923 2103 1054 2173 τοιόνδε
1064 2127 1139 2169 τινα
1127 2097 1210 2167 λό-

207 2227 286 2287 ρον,
301 2199 409 2288 ἀνδρα
421 2209 455 2272 οί
465 2209 596 2274 δοκέειν
606 2204 745 2293 ὁπλίτην
759 2203 951 2291 ἀντιστῆναι
962 2208 1083 2289 μέγαν,
1098 2196 1207 2268 τοῦτό

207 2309 339 2389 γένειον
354 2300 416 2389 τὴν
432 2301 556 2374 ἀσπίδα
571 2314 682 2375 πάσαν
702 2306 864 2388 σκιάζειν·
889 2302 926 2373 τὸ
945 2303 982 2373 δὲ
998 2303 1113 2390 φάσμα
1128 2307 1209 2368 τοῦ·

207 2426 244 2466 το
260 2398 385 2468 ἑωυτόν
397 2403 460 2488 μέν
477 2409 712 2490 παρεξελθεῖν,
730 2401 791 2472 τόν
804 2408 840 2471 δέ
853 2406 980 2471 ἑωυτοῦ
995 2396 1211 2487 παραστάτην

207 2497 409 2569 ἀποκτεῖναι
432 2509 536 2571 ταῦτα
552 2508 592 2590 μὲ
593 2532 614 2571 ν
629 2501 670 2590 δη
681 2502 852 2591 Ἐπίζηλον
865 2499 1043 2587 ἐπυθόμην
1056 2500 1173 2584 λέγειν.

143 2614 191 2669 118
290 2605 395 2678 Δᾶτις
406 2599 442 2668 δέ
439 2602 679 2690 πορευόμενος
690 2601 803 2694 άμα
772 2607 818 2670 τά
831 2622 958 2689 στρατρο
943 2593 1048 2676 ές
1012 2623 1075 2683 την
1084 2594 1209 2678 Ἀσίην,

207 2701 281 2767 ἐπεί
291 2724 326 2765 τε
341 2699 472 2783 ἐγένετο
490 2703 528 2769 έν
542 2701 712 2793 Μυκόνρι,
730 2697 832 2770 alos*
813 2712 892 2781 οριιν
906 2700 1004 2765 έν
958 2722 1003 2786 τρι
1017 2692 1123 2783 υπνρο.
1154 2694 1209 2757 καλ

206 2795 277 2883 ἥτις
292 2789 389 2883 μήν’
366 2825 410 2884 ην
424 2797 445 2886 ἡ
461 2796 552 2889 όψις,
571 2828 613 2871 ου
602 2799 775 2889 ’λέγεται,
792 2798 862 2870 οδ
869 2794 940 2885 ,ὥς
952 2792 1057 2915 ημέρη
1074 2791 1209 2878 τάχιστα

208 2895 389 2981 ἐπέλαμψε,
407 2897 540 2983 ζητησιν
554 2901 698 2968 ἐποιέετο
713 2906 782 2968 τῶν
792 2903 890 2983 νεάν,
907 2889 1019 2977 εδρων
1029 2892 1067 2959 δέ
1077 2893 1114 2958 έν
1125 2894 1209 2956 Φοι-

207 2995 304 3076 νίσση
319 2988 516 3078 νηλαγαλμα
528 2991 736 3074 ’Λπόλλωνος
750 2993 1004 3082 κεχρυσωμένον
1016 2986 1209 3057 ἐπυνθάνε-

206 3113 255 3173 το,
263 3083 388 3154 οκοθεν
399 3091 626 3177 σεσυλημένον
637 3103 704 3180 είη
717 3089 958 3177 πυθόμενοςδὲ
969 3078 1136 3174 ίξουῆνί
1134 3088 1207 3170 ρυῦ,

207 3193 313 3255 ἔκλυε
327 3212 367 3274 τη
352 3190 510 3257 ἑωυτοῦ
528 3194 589 3275 νηῒ
599 3192 632 3269 ές
647 3197 771 3278 Δηλον
798 3192 855 3258 καὶ
869 3186 1008 3257 ἀπίκατο
1028 3184 1094 3272 μάρ
1113 3209 1208 3270 τηνι-

207 3308 345 3350 καυταο
346 3283 495 3370 ίΔήλιοι
511 3281 616 3354 ὀπίσω
632 3286 717 3366 ἐς
680 3314 743 3374 την
756 3294 878 3374 νῆσον,
897 3288 1112 3354 κατατίθεταί
1123 3306 1159 3349 τε
1174 3281 1207 3357 ἐς

206 3380 243 3448 τό
260 3378 335 3465 ίρόν
351 3376 388 3446 τὸ
403 3378 551 3469 ἄγαλμα,
572 3385 628 3451 καί
642 3386 825 3452 ἐντέλλεται
843 3395 929 3451 τοῖσι
943 3388 1098 3468 Δηλίοισι
1119 3375 1205 3445 ἀπα·

206 3488 321 3559 γαγετν
335 3474 372 3542 τὸ
390 3474 520 3562 ἀγαλμα
535 3480 568 3557 ές
581 3480 712 3565 Δήλιον
727 3478 764 3547 τό
779 3487 952 3566 Θηβαίων·
974 3476 1012 3546 τό
1025 3475 1058 3545 δ’
1074 3477 1141 3545 ἐστὶ
1153 3474 1202 3542 ἐπὶ
