2566 3934
203 267 264 333 138
542 273 821 341 vHERODOTI

203 428 400 519 Αἰγύπτιοι,
421 428 487 501 ἀπὸ
503 433 540 500 δὲ
554 438 750 519 Αἰγυπτίων
761 430 958 519 Ἀμμύνιοι,
974 430 1085 511 ἐόντες
1097 434 1205 518 Αίγυ·
1266 432 1267 487 3

203 536 308 600 πτίων
322 556 358 598 τε
377 533 432 598 καί
446 528 626 599 Αἰθιόπων
647 532 781 600 ἄποικοι
798 534 853 599 καί
869 528 988 618 φωνήν
1005 525 1127 616 μεταξὺ
1141 523 1206 614 ἆμ-

204 632 357 719 φοτέρων
377 632 575 714 νομίζοντες.
628 624 757 696 δοκέειν
788 626 819 696 δ’
852 629 941 716 ἐμοί,
972 631 1028 696 καί
1058 626 1207 714 τούνομα
1267 646 1268 701 3

199 726 380 815 Ἀμμώνιοι
400 723 465 795 ύπό
489 730 591 796 τοῦδέ
610 750 671 816 σφι
692 727 755 816 τήν
775 730 970 816 ἐπωνυμίην
992 728 1206 816 έποιήσαντο·

200 824 349 914 Ἀμμούν
377 824 443 914 γδρ
467 827 647 914 Αἰγύπτιοι
679 830 836 897 καλέουσι
866 823 927 893 τόν
951 832 1028 895 Δία,
1062 823 1142 905 τούς
1170 824 1209 892 δὲ

205 922 322 1015 κριούς
336 922 378 993 οὐ
391 926 519 996 θύουσι
531 933 689 1014 Θηβαῖοι,
703 923 778 996 ἀλλ’
795 930 862 994 εἰσί
873 946 934 1012 σφι
947 928 1013 1014 ίροί
1027 921 1207 992 διδτούτο.

206 1032 265 1113 μιή
287 1025 324 1093 δέ
342 1022 450 1115 ήμέρη
470 1032 532 1094 τού
552 1028 709 1094 ἐνιαυτοῦ
716 1077 726 1112 ,
749 1028 787 1092 ἐν
806 1021 888 1114 δρτή
912 1029 974 1091 τού
987 1020 1088 1108 Διὸς,
1109 1015 1210 1104 κριόν

207 1126 267 1190 ἕνα
291 1123 539 1205 κατακόψαντες
562 1126 618 1193 καὶ
632 1121 869 1211 ἀποδείραντες
888 1118 972 1190 κατὰ
986 1117 1092 1189 τώυτό
1108 1117 1211 1188 ἐνδύ-

209 1238 284 1286 ουσι
300 1218 458 1306 τῶγαλμα
472 1228 534 1289 τού
547 1220 649 1308 Διὸς,
664 1223 719 1289 καί
733 1226 863 1289 ἔπειτεν
874 1218 955 1288 όλλο
966 1217 1098 1306 ἄγαλμα
1106 1215 1212 1304 Ἡρα·

207 1319 302 1397 κλέος
321 1317 529 1406 προσάγουσι
544 1317 629 1406 πρὸς
642 1318 736 1388 αύτό.
763 1325 867 1387 ταῦτα
887 1317 924 1386 δὲ
938 1317 1134 1405 ποιήσαντες
1147 1312 1212 1380 τύ-

206 1444 344 1488 πτονται
362 1424 396 1488 οί
407 1423 483 1506 περὶ
502 1417 540 1489 τὸ
557 1418 632 1507 ίρδν
646 1419 790 1499 ἅπαντες
803 1416 863 1487 τόν
877 1415 974 1506 κριόν
999 1415 1055 1484 καὶ
1079 1419 1211 1484 ἔπειτεν

207 1523 244 1588 ἐν
258 1525 313 1607 ίρή
326 1517 419 1608 θήκη
432 1519 603 1588 θάπτουσι
620 1517 734 1587 αὐτόν.

155 1639 191 1694 43
285 1615 465 1700 Ἡρακλέος
480 1619 517 1686 δὲ
530 1621 606 1708 πέρι
619 1618 718 1688 τόνδε
731 1614 791 1684 τόν
806 1616 909 1702 λόγον
924 1613 1070 1702 ήκουσα,
1091 1609 1142 1679 ότι
1158 1620 1212 1698 εἰη

207 1722 276 1784 των
293 1716 445 1784 δυόδεκα
459 1725 562 1788 θεῶν.
591 1724 652 1786 τοῦ
668 1719 783 1804 ἑτέρου
798 1717 834 1785 δὲ
849 1716 926 1798 πέρι
934 1711 1129 1801 Ἡρακλέος,
1148 1706 1213 1778 τόν

200 1813 357 1902 ’Έλληνες
374 1819 501 1909 οἴδασι,
516 1814 647 1906 ούδαμή
657 1816 834 1903 Αἰγύπτου
847 1812 1043 1899 ἐδυνάσθην
1057 1808 1210 1880 ἀκούσαι.

209 1917 265 1982 καί
279 1911 347 2000 μήν
361 1912 413 1983 ὅτι
428 1940 467 2002 γε
484 1912 526 1984 ού
541 1912 615 2003 παρ’
626 1914 794 2001 Ἑλλήνων
815 1917 936 1998 ἔλαβον
965 1908 1113 1997 τοῦνομα
1142 1910 1209 1978 τοῦ

200 2013 381 2100 Ἡρακλέος
396 2015 593 2102 Αἰγύπτιοι,
621 2008 697 2084 ἄλλ’
718 2010 875 2101 Ἕλληνες
892 2021 1020 2100 μᾶλλον
1038 2007 1120 2099 παρ’
1145 2014 1215 2078 Αἰ-

207 2126 374 2207 γυπτίων,
395 2118 451 2185 καί
462 2115 630 2203 Ἑλλήνων
641 2109 734 2184 οὖτοι
747 2121 780 2187 οί
788 2119 928 2202 θέμενοι
941 2122 986 2205 τῷ
997 2111 1213 2200 Ἀμφιτρύω-

208 2240 267 2295 νος
280 2215 371 2306 γόνῳ
388 2213 517 2300 οὕνομα
526 2213 706 2301 Ἡρακλέα,
728 2213 835 2282 πολλά
849 2238 905 2300 μοι
920 2215 975 2281 καὶ
990 2210 1074 2280 ἄλλα
1087 2209 1214 2299 τεκμή-

151 2326 156 2337 ’
209 2314 266 2400 ριύ
282 2316 350 2381 ἐστι
365 2319 463 2379 τοῦτο
485 2311 574 2380 οὕτω
589 2319 691 2399 ἔχειν,
715 2316 752 2382 έν
775 2313 811 2381 δέ
831 2315 886 2381 καί
906 2312 999 2397 τόδε,
1020 2309 1072 2378 ὅτι
1091 2335 1128 2377 τε
1147 2316 1213 2377 τοῦ

203 2409 383 2495 Ἡρακλέος
399 2409 522 2477 τούτου
538 2417 572 2479 οί
579 2413 694 2499 γονέες
704 2410 888 2499 ἀμφότεροι
898 2406 985 2498 ἦσαν
996 2406 1212 2496 Ἀμφιτρύων

210 2508 266 2574 καί
277 2503 443 2594 Ἀλκμήνη
458 2507 633 2595 γεγονότες
646 2507 684 2577 τδ
700 2508 869 2578 ἀνέκαθεν
884 2507 937 2577 ἄπ’
952 2507 1138 2594 Αἰγύπτου,
1154 2510 1214 2577 καί

210 2603 295 2670 διότι
310 2605 489 2689 Αἰγύπτιοι
503 2606 582 2676 οὔτε
594 2610 824 2687 Ποσειδέωνος
839 2605 917 2676 ούτε
930 2606 1154 2693 Διοσκούρων
1168 2603 1212 2675 τοὶ

211 2699 382 2788 ούνόματύ
404 2724 487 2789 φασι
509 2708 650 2795 εἰδέναι,
673 2705 755 2776 οὐδέ
774 2728 835 2793 σφι
855 2709 931 2775 θεοί
954 2698 1047 2774 οὗτοι
1067 2708 1104 2774 έν
1123 2719 1213 2776 τοῖσι

210 2797 339 2867 όίλλοισι
352 2809 464 2870 θεοῖσι
478 2801 723 2893 ἀποδεδέχαται.
746 2810 802 2874 καί
816 2803 883 2892 μήν
899 2814 933 2874 εἰ
942 2831 980 2892 γε
992 2802 1074 2892 παρ’
1092 2803 1214 2891 Ἑλλή-

164 2954 168 2961 .
209 2923 280 2964 νων
296 2903 417 2986 ἔλαβον
438 2901 568 2991 ούνομοί
588 2931 647 2973 τευ
667 2908 842 2992 δαίμονος,
861 2903 991 2974 τούτων
1008 2900 1070 2972 ούκ
1090 2901 1213 2989 ήκιστα

209 2993 294 3064 ἀλλὰ
315 2997 457 3085 μάλιστα
478 3008 617 3089 ἔμελλον
632 3005 768 3091 μνήμην
794 3005 897 3088 ἕξειν,
933 3010 1026 3089 εἰπερ
1058 3002 1113 3067 καί
1134 2995 1214 3069 τότε

208 3102 395 3183 ναυτιλίῃσι
409 3100 561 3185 ἐχρέοντο
575 3103 631 3170 καί
649 3095 737 3188 ήσαν
750 3098 921 3187 Ἑλλήνων
940 3098 1028 3177 τινὲς
1047 3103 1212 3187 ναυτίλοι,

210 3189 255 3271 ὡς
269 3198 411 3280 ἔλπομαί
428 3201 535 3265 τεκαί
556 3196 616 3286 έμή
639 3198 757 3286 γνύμη
777 3199 889 3286 αἰρέει.
925 3195 1007 3265 ὥστε
1022 3197 1151 3265 τούτων
1166 3192 1212 3264 όν

208 3291 406 3376 καὶμᾶλλον
425 3299 493 3363 τῶν
512 3303 605 3363 θεῶν
625 3294 666 3365 τοὶ
689 3293 860 3381 οὐνόματα
879 3298 1087 3383 ἐξηπιστέατο
1101 3293 1214 3382 Αἰγύ·

209 3410 298 3457 πτιοι
311 3385 334 3474 ή
348 3394 409 3455 τοῦ
425 3384 612 3476 Ἡρακλέος.
642 3392 728 3464 όλλοὶ
748 3422 799 3476 τις
817 3393 952 3484 ἀρχαῖός
972 3398 1039 3463 ἐστι
1052 3390 1134 3473 θεὸς
1146 3397 1213 3462 Αί-

209 3491 377 3572 γτπιτίοισι
396 3482 593 3579 Ἡρακλέης·
616 3490 660 3575 ὡς
684 3495 722 3564 δὲ
738 3490 844 3579 ,αὐτοί
869 3494 1021 3583 λέγουσι,
1047 3488 1122 3562 ἔτεκ’
1141 3492 1212 3563 έστι
