2536 3934
201 268 243 333 90
573 275 828 334 HERODOTI

201 433 318 522 μμένοι
334 434 368 512 ίς
389 428 452 520 τήν
465 435 606 522 ἤπειρον
629 437 667 503 ἐκ
685 440 754 503 τῶν
773 435 904 524 νήσων·
926 431 963 505 τό
978 434 1044 524 μὰρ
1059 431 1205 506 παλαιόν

201 533 312 613 έόντες
326 540 428 603 Μίνω
441 560 478 602 τε
491 536 650 623 κατήκοοι
671 539 727 605 καί
746 537 944 625 καλεόμενοι
958 540 1099 624 Λέλεγες
1114 536 1203 625 εἶχον

200 630 260 713 τὰς
274 632 415 722 νήσους,
440 632 549 721 φόρον
563 634 625 720 μὲν
641 631 764 703 οὐδένα
779 634 1032 722 ὑποτελέοντες,
1051 634 1134 704 ὅσον
1147 638 1205 705 καὶ

201 727 265 817 ἐμοὶ
287 730 429 810 δυνατός
442 737 508 820 είμι
521 732 575 799 έπί
588 731 793 821 μακρότατον
807 733 971 813 ἐξικέσθαι
983 728 1080 820 ἀκοή,
1096 738 1131 803 οί
1155 736 1204 820 δὲ,

200 828 286 910 ὅκως
302 837 422 909 Μίνως
443 831 567 917 δέοιτο,
589 830 758 918 ἐπλήρουν
780 836 815 899 οί
834 828 893 911 τάς
909 833 995 911 νέας.
1033 828 1090 899 ἀτε
1107 834 1144 899 δὲ
1160 828 1203 918 δή

199 937 301 1000 Μίνω
321 929 611 1016 κατεστραμμένου
632 935 697 1015 μήν
713 927 841 1019 πολλήν
857 933 913 998 καί
930 928 1142 1016 εὐτυχέοντος
1155 935 1204 1019 τῷ

199 1031 330 1120 πολέμῳ
344 1024 381 1096 τό
398 1024 551 1115 Καρικόν
571 1019 616 1114 ήν
632 1032 733 1107 ἔθνος
747 1029 974 1116 λογιμώτατον
989 1034 1058 1095 τῶν
1072 1029 1204 1125 ἐθνέων

198 1125 358 1197 ἁπάντων
378 1122 461 1194 κατὰ
476 1132 597 1192 τοῦτον
612 1122 681 1211 ἅμα
695 1124 756 1193 τόν
775 1127 901 1215 χρόνον
916 1132 1032 1218 μακρῷ
1047 1125 1203 1212 μάλιστα.

197 1234 263 1306 καί,
279 1244 340 1311 σφι
365 1220 460 1311 τριξὰ
487 1221 694 1309 ἐξευρήματα
719 1226 867 1312 ἐγένετο,
888 1239 975 1294 τοῖσι
997 1230 1031 1293 οί
1043 1222 1203 1310 Ἕλληνες

197 1323 393 1413 ἐχρήσαντο·
421 1317 552 1407 καὶμάρ
573 1322 626 1388 ἐπὶ
646 1319 688 1389 τά
710 1323 838 1408 κρόνεα
858 1324 987 1410 λόφους
1010 1323 1203 1390 ἐπιδέεσθαι

192 1426 307 1511 ’Κᾶρές
324 1425 387 1489 είσι
402 1423 437 1488 οί
449 1419 701 1506 καταδέξαντες,
719 1424 775 1489 καί
789 1424 842 1490 ἐπὶ
855 1419 914 1500 τάς
928 1418 1069 1501 ἀσπίδας
1083 1415 1124 1487 τά
1138 1437 1202 1505 σή·

196 1526 279 1615 μήια
295 1526 486 1607 ποιέεσθαι,
504 1521 561 1588 καλ
575 1519 679 1606 όχανα
693 1519 809 1592 ἀσπίσι
824 1515 921 1591 οὐτοί
932 1529 994 1592 είσι
1011 1525 1046 1590 οί
1056 1517 1200 1605 ποιησό-

196 1647 291 1712 μενοι
306 1625 448 1708 πρῶτοι·
469 1622 550 1697 τέως
564 1619 600 1685 δὲ
617 1616 701 1687 ἀνευ
718 1617 852 1706 όχάνων
867 1620 1011 1709 ἐφόρεον
1025 1616 1084 1699 τὰς
1099 1616 1201 1688 ἀσπί-

196 1727 256 1802 δας
269 1721 409 1809 πάντες,
434 1721 531 1806 οἵπερ
556 1717 709 1786 ἐώθεσαν
720 1715 834 1787 ἀσπίσι
851 1726 1012 1808 χρᾶσθαι,
1034 1724 1200 1804 τελαμῶσι

197 1828 381 1891 σκυτίνοισι
403 1822 617 1907 οίήκίζοντες,
638 1818 714 1903 περὶ
735 1832 821 1886 τοῖσι
844 1817 959 1907 αὐχέσι
982 1844 1018 1888 τε
1041 1820 1097 1887 καὶ
1111 1831 1200 1887 τοῖσι

197 1921 398 2012 ἀριστεροῖσι
420 1914 538 2006 ὤμοισι
558 1923 791 2006 περικείμενοι.
823 1916 905 2006 μετά
930 1921 966 1987 δὲ
989 1916 1068 1999 τούς
1082 1924 1200 2006 Κᾶρας

195 2021 305 2114 χρόνῳ
322 2018 465 2104 ὕστερον
481 2022 593 2108 πολλῷ
609 2020 756 2104 Δωριέες
776 2044 812 2086 τε
828 2021 883 2087 καί
893 2017 1007 2099 Ἴωνες
1023 2018 1199 2104 ἐξανέστη-

196 2143 260 2190 σαν
280 2123 399 2189 ἐκτῶν
414 2115 544 2206 νήσων,
566 2117 621 2208 καὶ
635 2113 723 2183 οὕτω
741 2120 774 2197 ἐς
788 2114 850 2205 τήν
870 2115 1010 2206 ήκειρον
1024 2115 1195 2187 ἀπίκοντο.

195 2216 277 2288 κατά
292 2222 354 2306 μὲν
370 2213 411 2303 δή
428 2221 543 2303 Κᾶρας
557 2212 645 2282 οὐτω
660 2221 789 2303 Κρῆτες
808 2219 943 2304 λέγουσι
959 2221 1132 2305 γενέσθαι·
1153 2214 1198 2287 οὐ

195 2320 308 2407 μέντοι
331 2312 430 2383 αὐτοί
448 2339 487 2398 με
507 2309 727 2397 ὁμολογέουσι
748 2315 896 2384 τούτοισι
917 2321 950 2385 οί
961 2323 1088 2403 Κᾶρες,
1109 2312 1196 2385 ἀλλά

193 2419 364 2502 νομίζουσι
379 2408 474 2478 αὐτοὶ
494 2406 639 2489 ἑωυτοὺς
660 2410 745 2480 εἶναι
769 2410 978 2501 αὐτόχθονας
996 2412 1195 2503 ήπειροότας,

194 2515 249 2581 καὶ
264 2517 311 2603 τῷ
325 2505 487 2595 οὐνόματι
512 2512 558 2599 τῷ
573 2503 664 2600 αὐτῷ
686 2511 750 2578 αίεὶ
771 2513 1043 2601 διαχρεομένους,
1082 2517 1195 2603 τῷπερ

192 2619 267 2680 νῦν.
291 2605 510 2678 ἀποδεικνῦσι
532 2609 569 2674 δὲ
591 2607 629 2675 ἐν
651 2608 847 2678 Μυλάσοισι
866 2608 951 2690 Διὸς
965 2616 1096 2699 Καρίου
1118 2609 1197 2698 ίρόν

193 2708 348 2796 ἀρχαίου,
363 2712 425 2775 τοῦ
435 2712 587 2775 Μυσοῖσι
600 2706 662 2794 μέν
675 2711 732 2776 καὶ
741 2712 882 2777 Λυδοῖσι
895 2713 1024 2796 μέτεστι
1040 2708 1085 2789 ὡς
1098 2729 1197 2778 κασι-

192 2809 342 2898 γνήτοισι
369 2809 462 2875 ἐοῦσι
484 2819 570 2873 τοίσι
590 2812 716 2891 Καρσί·
749 2803 810 2874 τόν
830 2805 895 2894 μάρ
919 2805 1035 2876 Λυδόν
1058 2805 1197 2876 καὶτὸν

192 2904 318 2976 Μυσὸν
328 2907 464 2993 λέγουσι
476 2902 560 2972 εἶναι
570 2902 685 2992 Καρός
698 2901 892 2992 ἀδελφεούς.
913 2906 1063 2975 τούτοισι
1076 2906 1137 2992 μὲν
1153 2903 1196 2994 δή

191 3006 337 3091 μέτεστι,
359 3000 433 3070 ὅσοι
447 3003 484 3071 δὲ
500 3001 612 3081 ἐόντες
626 3001 735 3071 ἄλλον
751 3009 869 3083 ἔθνεος
886 3002 1095 3092 ὁμόγλωσσοι
1109 3017 1199 3074 τοίσι

132 3113 180 3171 1⁷2
191 3102 300 3186 Καρσὶ
316 3102 487 3186 ἐγένοντο,
507 3100 657 3168 τοότοισι
679 3099 716 3168 δέ
739 3099 781 3170 οὐ
798 3103 888 3189 μέτα.
935 3106 979 3170 Οί
1000 3102 1200 3174 δέΚαόνιοι

192 3196 397 3285 αὐτόχθονες
414 3199 542 3266 δοκέειν
562 3200 639 3286 έμοί
652 3206 734 3287 είσι,
756 3197 851 3269 αὐτοὶ
872 3202 986 3288 μέντοι
1008 3203 1045 3270 ίκ
1062 3200 1199 3290 Κρήτης

192 3298 274 3385 φασὶ
296 3294 389 3364 εἶναι.
418 3297 714 3386 προσκεχωρήκασι
735 3299 772 3367 δέ
791 3304 948 3386 γλῶσσαν
972 3297 1034 3386 μέν
1053 3296 1138 3389 πρὸς
1157 3298 1198 3368 τὸ

191 3393 343 3485 Καρικόν
362 3393 522 3484 έθνος,ή
546 3402 580 3465 οί
598 3404 710 3484 Κᾶρες
726 3394 810 3486 πρός
827 3394 865 3465 τό
887 3395 1062 3467 Καυνικόν
1084 3403 1198 3483 (τοῦτο

191 3492 256 3587 μὰρ
272 3493 335 3564 οὐκ
355 3499 418 3585 ἔχω
438 3491 600 3584 ἀτρεκέως
614 3498 816 3586 διακρῖναι),
838 3494 972 3582 νόμοισι
990 3493 1027 3565 δέ
1041 3496 1195 3586 χρέονται
