<?xml version="1.0" encoding="UTF-8"?>
<!DOCTYPE html PUBLIC "-//W3C//DTD XHTML 1.0 Transitional//EN"
    "http://www.w3.org/TR/xhtml1/DTD/xhtml1-transitional.dtd">
<html xmlns="http://www.w3.org/1999/xhtml" xml:lang="en" lang="en">
 <head>
  <title>
</title>
<meta http-equiv="Content-Type" content="text/html;charset=utf-8" />
  <meta name='ocr-system' content='tesseract 3.04.00' />
  <meta name='ocr-capabilities' content='ocr_page ocr_carea ocr_par ocr_line ocrx_word'/>
</head>
<body>
  <div class='ocr_page' id='page_1' title='image "./historiarumlibr03herogoog_0732.png"; bbox 0 0 2588 3926; ppageno 0'>
   <div class='ocr_carea' id='block_1_1' title="bbox 362 221 1119 285">
    <p class='ocr_par' dir='ltr' id='par_1_1' title="bbox 362 221 1119 285">
     <span class='ocr_line' id='line_1_1' title="bbox 362 221 1119 285; baseline 0.005 -7"><span class='ocrx_word' id='word_1_1' title='bbox 362 224 447 278; x_wconf 79' lang='lat' dir='ltr'><strong>Llss.</strong></span> <span class='ocrx_word' id='word_1_2' title='bbox 496 223 542 277; x_wconf 76' lang='lat' dir='ltr'><strong><em>lx.</em></strong></span> <span class='ocrx_word' id='word_1_3' title='bbox 576 224 676 280; x_wconf 77' lang='lat' dir='ltr'><strong>GAP.</strong></span> <span class='ocrx_word' id='word_1_4' title='bbox 709 231 850 285; x_wconf 74' lang='grc' dir='ltr'><strong><em>,τι-ει.</em></strong></span> <span class='ocrx_word' id='word_1_5' title='bbox 1056 221 1119 282; x_wconf 82' lang='grc'><strong><em>315</em></strong></span> 
     </span>
    </p>
   </div>
   <div class='ocr_carea' id='block_1_2' title="bbox 11 377 1120 470">
    <p class='ocr_par' dir='ltr' id='par_1_2' title="bbox 11 377 1120 470">
     <span class='ocr_line' id='line_1_2' title="bbox 11 377 1120 470; baseline -0.008 -19"><span class='ocrx_word' id='word_1_6' title='bbox 11 434 13 439; x_wconf 68' lang='lat'>,</span> <span class='ocrx_word' id='word_1_7' title='bbox 109 385 168 450; x_wconf 74' lang='grc' dir='ltr'><strong><em>ἵνα</em></strong></span> <span class='ocrx_word' id='word_1_8' title='bbox 183 379 389 467; x_wconf 77' lang='grc' dir='ltr'><em>ἐτάχθησαν,</em></span> <span class='ocrx_word' id='word_1_9' title='bbox 412 378 625 464; x_wconf 84' lang='grc' dir='ltr'><strong><em>ἐπιστάμενοι</em></strong></span> <span class='ocrx_word' id='word_1_10' title='bbox 639 377 680 446; x_wconf 86' lang='grc' dir='ltr'><strong><em>τά</em></strong></span> <span class='ocrx_word' id='word_1_11' title='bbox 695 385 970 467; x_wconf 73' lang='grc' dir='ltr'><strong><em>Λακεδαιμονίων</em></strong></span> <span class='ocrx_word' id='word_1_12' title='bbox 986 384 1120 470; x_wconf 84' lang='grc' dir='ltr'><strong><em>φρονή-</em></strong></span> 
     </span>
    </p>
   </div>
   <div class='ocr_carea' id='block_1_3' title="bbox 9 473 1164 1751">
    <p class='ocr_par' dir='ltr' id='par_1_3' title="bbox 9 473 1164 1751">
     <span class='ocr_line' id='line_1_3' title="bbox 11 473 1116 568; baseline 0 -20"><span class='ocrx_word' id='word_1_13' title='bbox 11 498 13 563; x_wconf 63' lang='lat'>5</span> <span class='ocrx_word' id='word_1_14' title='bbox 110 505 197 568; x_wconf 90' lang='grc' dir='ltr'><strong><em>ματα</em></strong></span> <span class='ocrx_word' id='word_1_15' title='bbox 209 473 254 557; x_wconf 82' lang='grc' dir='ltr'><strong><em>ὦς</em></strong></span> <span class='ocrx_word' id='word_1_16' title='bbox 264 475 348 545; x_wconf 82' lang='grc' dir='ltr'><strong><em>ἄλλα</em></strong></span> <span class='ocrx_word' id='word_1_17' title='bbox 359 477 578 563; x_wconf 75' lang='grc' dir='ltr'><strong><em>φρονεόντων</em></strong></span> <span class='ocrx_word' id='word_1_18' title='bbox 588 480 643 546; x_wconf 83' lang='grc' dir='ltr'><strong><em>καλ</em></strong></span> <span class='ocrx_word' id='word_1_19' title='bbox 654 477 738 546; x_wconf 80' lang='grc' dir='ltr'><strong><em>ἄλλα</em></strong></span> <span class='ocrx_word' id='word_1_20' title='bbox 750 477 928 564; x_wconf 88' lang='grc' dir='ltr'><strong><em>λεγόντων.</em></strong></span> <span class='ocrx_word' id='word_1_21' title='bbox 946 477 989 559; x_wconf 82' lang='grc' dir='ltr'><strong><em>ἀς</em></strong></span> <span class='ocrx_word' id='word_1_22' title='bbox 1001 480 1037 547; x_wconf 71' lang='grc' dir='ltr'><strong><em>δέ</em></strong></span> <span class='ocrx_word' id='word_1_23' title='bbox 1048 483 1116 549; x_wconf 85' lang='grc' dir='ltr'><strong><em>ἐκι-</em></strong></span> 
     </span>
     <span class='ocr_line' id='line_1_4' title="bbox 11 572 1117 666; baseline -0.005 -17"><span class='ocrx_word' id='word_1_24' title='bbox 11 572 13 637; x_wconf 67' lang='grc' dir='ltr'>ἕ</span> <span class='ocrx_word' id='word_1_25' title='bbox 109 579 202 666; x_wconf 95' lang='grc' dir='ltr'><strong><em>νήθη</em></strong></span> <span class='ocrx_word' id='word_1_26' title='bbox 218 575 255 645; x_wconf 83' lang='grc' dir='ltr'><strong><em>τό</em></strong></span> <span class='ocrx_word' id='word_1_27' title='bbox 271 576 514 664; x_wconf 84' lang='grc' dir='ltr'><strong><em>στρατόπεδον,</em></strong></span> <span class='ocrx_word' id='word_1_28' title='bbox 536 581 686 662; x_wconf 78' lang='grc' dir='ltr'><strong><em>ἔπεμπον</em></strong></span> <span class='ocrx_word' id='word_1_29' title='bbox 702 577 817 663; x_wconf 89' lang='grc' dir='ltr'><strong><em>σφέων</em></strong></span> <span class='ocrx_word' id='word_1_30' title='bbox 831 578 932 645; x_wconf 84' lang='grc' dir='ltr'><strong><em>ίππέα</em></strong></span> <span class='ocrx_word' id='word_1_31' title='bbox 946 573 1117 662; x_wconf 78' lang='grc' dir='ltr'><strong><em>όφόμενόν</em></strong></span> 
     </span>
     <span class='ocr_line' id='line_1_5' title="bbox 110 672 1115 769; baseline -0.006 -21"><span class='ocrx_word' id='word_1_32' title='bbox 110 705 146 748; x_wconf 90' lang='grc' dir='ltr'><strong><em>τε</em></strong></span> <span class='ocrx_word' id='word_1_33' title='bbox 162 685 193 747; x_wconf 88' lang='grc' dir='ltr'><strong><em>εί</em></strong></span> <span class='ocrx_word' id='word_1_34' title='bbox 207 676 415 758; x_wconf 87' lang='grc' dir='ltr'><strong><em>πορεύεσθαι</em></strong></span> <span class='ocrx_word' id='word_1_35' title='bbox 430 675 645 762; x_wconf 75' lang='grc' dir='ltr'><strong><em>ἐπιχειρέοιεν</em></strong></span> <span class='ocrx_word' id='word_1_36' title='bbox 660 679 694 743; x_wconf 88' lang='grc' dir='ltr'><strong><em>οί</em></strong></span> <span class='ocrx_word' id='word_1_37' title='bbox 702 682 921 762; x_wconf 76' lang='grc' dir='ltr'><strong><em>Σπαρτιῆται,</em></strong></span> <span class='ocrx_word' id='word_1_38' title='bbox 938 683 1002 742; x_wconf 85' lang='grc' dir='ltr'><strong><em>είτε</em></strong></span> <span class='ocrx_word' id='word_1_39' title='bbox 1013 672 1115 769; x_wconf 77' lang='grc' dir='ltr'><strong><em>καὶτὸ</em></strong></span> 
     </span>
     <span class='ocr_line' id='line_1_6' title="bbox 109 771 1115 864; baseline -0.006 -18"><span class='ocrx_word' id='word_1_40' title='bbox 109 777 271 864; x_wconf 89' lang='grc' dir='ltr'><strong><em>παράπαν</em></strong></span> <span class='ocrx_word' id='word_1_41' title='bbox 284 772 329 861; x_wconf 86' lang='grc' dir='ltr'><strong><em>μή</em></strong></span> <span class='ocrx_word' id='word_1_42' title='bbox 345 778 558 842; x_wconf 73' lang='grc' dir='ltr'><strong><em>διανοεῦνται</em></strong></span> <span class='ocrx_word' id='word_1_43' title='bbox 573 771 860 859; x_wconf 70' lang='grc' dir='ltr'><strong><em>ἀπαλλάσσεσθαι,</em></strong></span> <span class='ocrx_word' id='word_1_44' title='bbox 877 777 1071 859; x_wconf 86' lang='grc' dir='ltr'><strong><em>έπείρεσθαί</em></strong></span> <span class='ocrx_word' id='word_1_45' title='bbox 1081 798 1115 840; x_wconf 91' lang='grc' dir='ltr'><strong><em>τε</em></strong></span> 
     </span>
     <span class='ocr_line' id='line_1_7' title="bbox 109 868 1164 960; baseline -0.008 -16"><span class='ocrx_word' id='word_1_46' title='bbox 109 879 310 960; x_wconf 86' lang='grc' dir='ltr'><strong><em>Παυσανίην</em></strong></span> <span class='ocrx_word' id='word_1_47' title='bbox 325 870 362 941; x_wconf 82' lang='grc' dir='ltr'><strong><em>τό</em></strong></span> <span class='ocrx_word' id='word_1_48' title='bbox 376 868 485 958; x_wconf 74' lang='grc' dir='ltr'><strong><em>χρεόν</em></strong></span> <span class='ocrx_word' id='word_1_49' title='bbox 497 880 546 957; x_wconf 81' lang='grc' dir='ltr'><strong><em>είη</em></strong></span> <span class='ocrx_word' id='word_1_50' title='bbox 561 874 696 940; x_wconf 79' lang='grc' dir='ltr'><strong><em>ποιέειν.</em></strong></span> <span class='ocrx_word' id='word_1_51' title='bbox 714 870 772 951; x_wconf 78' lang='grc' dir='ltr'><strong><em>Ὡς</em></strong></span> <span class='ocrx_word' id='word_1_52' title='bbox 783 873 819 941; x_wconf 72' lang='grc' dir='ltr'><strong><em>δὲ</em></strong></span> <span class='ocrx_word' id='word_1_53' title='bbox 831 868 966 940; x_wconf 79' lang='grc' dir='ltr'><strong><em>ἀπίκετο</em></strong></span> <span class='ocrx_word' id='word_1_54' title='bbox 981 868 1115 957; x_wconf 86' lang='grc' dir='ltr'><strong><em>ὁκήρυξ</em></strong></span> <span class='ocrx_word' id='word_1_55' title='bbox 1130 894 1164 944; x_wconf 74' lang='lat'><strong><em>55</em></strong></span> 
     </span>
     <span class='ocr_line' id='line_1_8' title="bbox 110 967 1160 1057; baseline -0.007 -16"><span class='ocrx_word' id='word_1_56' title='bbox 110 976 144 1052; x_wconf 83' lang='grc' dir='ltr'><strong><em>ἐς</em></strong></span> <span class='ocrx_word' id='word_1_57' title='bbox 155 971 234 1050; x_wconf 83' lang='grc' dir='ltr'><strong><em>τούς</em></strong></span> <span class='ocrx_word' id='word_1_58' title='bbox 244 974 542 1056; x_wconf 86' lang='grc' dir='ltr'><strong><em>Λακεδαιμονίους,</em></strong></span> <span class='ocrx_word' id='word_1_59' title='bbox 559 967 630 1055; x_wconf 80' lang='grc' dir='ltr'><strong><em>ἀρα</em></strong></span> <span class='ocrx_word' id='word_1_60' title='bbox 642 971 679 1036; x_wconf 85' lang='grc' dir='ltr'><strong><em>τέ</em></strong></span> <span class='ocrx_word' id='word_1_61' title='bbox 687 988 792 1057; x_wconf 91' lang='grc' dir='ltr'><strong><em>σφεας</em></strong></span> <span class='ocrx_word' id='word_1_62' title='bbox 802 969 885 1038; x_wconf 88' lang='grc' dir='ltr'><strong><em>κατά</em></strong></span> <span class='ocrx_word' id='word_1_63' title='bbox 896 969 1010 1056; x_wconf 84' lang='grc' dir='ltr'><strong><em>χάρην</em></strong></span> <span class='ocrx_word' id='word_1_64' title='bbox 1020 993 1116 1035; x_wconf 88' lang='grc' dir='ltr'><strong><em>τετα-</em></strong></span> <span class='ocrx_word' id='word_1_65' title='bbox 1154 1004 1160 1019; x_wconf 57' lang='grc' dir='ltr'><strong><em>ι</em></strong></span> 
     </span>
     <span class='ocr_line' id='line_1_9' title="bbox 109 1063 1112 1157; baseline -0.005 -19"><span class='ocrx_word' id='word_1_66' title='bbox 109 1072 255 1157; x_wconf 90' lang='grc' dir='ltr'><strong><em>γμένους</em></strong></span> <span class='ocrx_word' id='word_1_67' title='bbox 268 1070 323 1137; x_wconf 81' lang='grc' dir='ltr'><strong><em>καὶ</em></strong></span> <span class='ocrx_word' id='word_1_68' title='bbox 335 1070 368 1146; x_wconf 82' lang='grc' dir='ltr'><strong><em>ές</em></strong></span> <span class='ocrx_word' id='word_1_69' title='bbox 383 1072 494 1136; x_wconf 88' lang='grc' dir='ltr'><strong><em>νείκεα</em></strong></span> <span class='ocrx_word' id='word_1_70' title='bbox 509 1063 713 1154; x_wconf 75' lang='grc' dir='ltr'><strong><em>ἀπιγμένους</em></strong></span> <span class='ocrx_word' id='word_1_71' title='bbox 728 1065 840 1136; x_wconf 81' lang='grc' dir='ltr'><strong><em>αύτῶν</em></strong></span> <span class='ocrx_word' id='word_1_72' title='bbox 854 1068 934 1146; x_wconf 85' lang='grc' dir='ltr'><strong><em>τούς</em></strong></span> <span class='ocrx_word' id='word_1_73' title='bbox 950 1065 1112 1152; x_wconf 80' lang='grc' dir='ltr'><strong><em>κράτους.</em></strong></span> 
     </span>
     <span class='ocr_line' id='line_1_10' title="bbox 110 1160 1114 1254; baseline -0.006 -18"><span class='ocrx_word' id='word_1_74' title='bbox 110 1167 155 1246; x_wconf 78' lang='grc' dir='ltr'><strong><em>ὠς</em></strong></span> <span class='ocrx_word' id='word_1_75' title='bbox 169 1164 234 1254; x_wconf 84' lang='grc' dir='ltr'><strong><em>γάρ</em></strong></span> <span class='ocrx_word' id='word_1_76' title='bbox 249 1164 290 1254; x_wconf 85' lang='grc' dir='ltr'><strong><em>δή</em></strong></span> <span class='ocrx_word' id='word_1_77' title='bbox 306 1168 553 1253; x_wconf 78' lang='grc' dir='ltr'><strong><em>παρηγορέοντο</em></strong></span> <span class='ocrx_word' id='word_1_78' title='bbox 564 1164 625 1234; x_wconf 85' lang='grc' dir='ltr'><strong><em>τόν</em></strong></span> <span class='ocrx_word' id='word_1_79' title='bbox 637 1164 889 1254; x_wconf 73' lang='grc' dir='ltr'><strong><em>Ἀμομφάρετον</em></strong></span> <span class='ocrx_word' id='word_1_80' title='bbox 900 1165 965 1234; x_wconf 84' lang='grc' dir='ltr'><strong><em>ὅτε</em></strong></span> <span class='ocrx_word' id='word_1_81' title='bbox 975 1160 1114 1249; x_wconf 76' lang='grc' dir='ltr'><strong><em>Εὐρυά-</em></strong></span> 
     </span>
     <span class='ocr_line' id='line_1_11' title="bbox 110 1262 1113 1352; baseline -0.005 -18"><span class='ocrx_word' id='word_1_82' title='bbox 110 1271 171 1348; x_wconf 84' lang='grc' dir='ltr'><strong><em>ναξ</em></strong></span> <span class='ocrx_word' id='word_1_83' title='bbox 186 1263 272 1335; x_wconf 83' lang='grc' dir='ltr'><strong><em>καλό</em></strong></span> <span class='ocrx_word' id='word_1_84' title='bbox 288 1271 483 1351; x_wconf 83' lang='grc' dir='ltr'><strong><em>Παυσανίης</em></strong></span> <span class='ocrx_word' id='word_1_85' title='bbox 496 1262 541 1352; x_wconf 88' lang='grc' dir='ltr'><strong><em>μή</em></strong></span> <span class='ocrx_word' id='word_1_86' title='bbox 557 1266 772 1334; x_wconf 80' lang='grc' dir='ltr'><strong><em>κινδυνεύειν</em></strong></span> <span class='ocrx_word' id='word_1_87' title='bbox 785 1267 947 1352; x_wconf 78' lang='grc' dir='ltr'><strong><em>μένοντας</em></strong></span> <span class='ocrx_word' id='word_1_88' title='bbox 963 1264 1113 1352; x_wconf 80' lang='grc' dir='ltr'><strong><em>μούνους</em></strong></span> 
     </span>
     <span class='ocr_line' id='line_1_12' title="bbox 109 1360 1113 1453; baseline -0.008 -17"><span class='ocrx_word' id='word_1_89' title='bbox 109 1360 401 1453; x_wconf 87' lang='grc' dir='ltr'><strong><em>Λακεδαιμονίων,</em></strong></span> <span class='ocrx_word' id='word_1_90' title='bbox 418 1362 461 1431; x_wconf 79' lang='grc' dir='ltr'><strong><em>οὔ</em></strong></span> <span class='ocrx_word' id='word_1_91' title='bbox 474 1390 541 1443; x_wconf 88' lang='grc' dir='ltr'><strong><em>κως</em></strong></span> <span class='ocrx_word' id='word_1_92' title='bbox 555 1370 704 1449; x_wconf 82' lang='grc' dir='ltr'><strong><em>ἔπειθον,</em></strong></span> <span class='ocrx_word' id='word_1_93' title='bbox 721 1367 753 1443; x_wconf 91' lang='grc' dir='ltr'><strong><em>ἐς</em></strong></span> <span class='ocrx_word' id='word_1_94' title='bbox 769 1362 788 1432; x_wconf 81' lang='grc' dir='ltr'><em>ὃ</em></span> <span class='ocrx_word' id='word_1_95' title='bbox 802 1366 835 1443; x_wconf 87' lang='grc' dir='ltr'><strong><em>ἐς</em></strong></span> <span class='ocrx_word' id='word_1_96' title='bbox 850 1364 961 1433; x_wconf 88' lang='grc' dir='ltr'><strong><em>νείκεά</em></strong></span> <span class='ocrx_word' id='word_1_97' title='bbox 977 1388 1011 1431; x_wconf 92' lang='grc' dir='ltr'><strong><em>τε</em></strong></span> <span class='ocrx_word' id='word_1_98' title='bbox 1027 1381 1113 1447; x_wconf 88' lang='grc' dir='ltr'><strong><em>συμ-</em></strong></span> 
     </span>
     <span class='ocr_line' id='line_1_13' title="bbox 109 1460 1113 1551; baseline -0.006 -17"><span class='ocrx_word' id='word_1_99' title='bbox 109 1465 268 1543; x_wconf 82' lang='grc' dir='ltr'><strong><em>πεσόντες</em></strong></span> <span class='ocrx_word' id='word_1_100' title='bbox 282 1461 422 1534; x_wconf 86' lang='grc' dir='ltr'><strong><em>ἀπίκατο</em></strong></span> <span class='ocrx_word' id='word_1_101' title='bbox 437 1466 492 1533; x_wconf 77' lang='grc' dir='ltr'><strong><em>καί</em></strong></span> <span class='ocrx_word' id='word_1_102' title='bbox 508 1460 642 1551; x_wconf 80' lang='grc' dir='ltr'><strong><em>ὁκήρυξ</em></strong></span> <span class='ocrx_word' id='word_1_103' title='bbox 655 1470 723 1531; x_wconf 75' lang='grc' dir='ltr'><strong><em>τῶν</em></strong></span> <span class='ocrx_word' id='word_1_104' title='bbox 733 1460 923 1550; x_wconf 75' lang='grc' dir='ltr'><strong><em>Ἀθηναίων</em></strong></span> <span class='ocrx_word' id='word_1_105' title='bbox 933 1460 1113 1549; x_wconf 89' lang='grc' dir='ltr'><strong><em>παρίστατό</em></strong></span> 
     </span>
     <span class='ocr_line' id='line_1_14' title="bbox 109 1558 1114 1653; baseline -0.007 -17"><span class='ocrx_word' id='word_1_106' title='bbox 109 1586 170 1653; x_wconf 89' lang='grc' dir='ltr'><strong><em>σφι</em></strong></span> <span class='ocrx_word' id='word_1_107' title='bbox 182 1561 372 1650; x_wconf 89' lang='grc' dir='ltr'><strong><em>ἀπιγμένος.</em></strong></span> <span class='ocrx_word' id='word_1_108' title='bbox 390 1563 529 1631; x_wconf 80' lang='grc' dir='ltr'><strong><em>νεικέων</em></strong></span> <span class='ocrx_word' id='word_1_109' title='bbox 540 1561 576 1629; x_wconf 76' lang='grc' dir='ltr'><strong><em>δέ</em></strong></span> <span class='ocrx_word' id='word_1_110' title='bbox 589 1558 607 1629; x_wconf 87' lang='grc' dir='ltr'>ὁ</span> <span class='ocrx_word' id='word_1_111' title='bbox 619 1559 866 1649; x_wconf 73' lang='grc' dir='ltr'><strong><em>Ἀμομφάρετος</em></strong></span> <span class='ocrx_word' id='word_1_112' title='bbox 880 1559 1043 1651; x_wconf 74' lang='grc' dir='ltr'><strong><em>λαμβάνει</em></strong></span> <span class='ocrx_word' id='word_1_113' title='bbox 1053 1560 1114 1629; x_wconf 88' lang='grc' dir='ltr'><strong><em>πέ-</em></strong></span> 
     </span>
     <span class='ocr_line' id='line_1_15' title="bbox 9 1657 1112 1751; baseline -0.006 -18"><span class='ocrx_word' id='word_1_114' title='bbox 9 1736 10 1743; x_wconf 35' lang='grc'><strong><em>,</em></strong></span> <span class='ocrx_word' id='word_1_115' title='bbox 108 1690 191 1751; x_wconf 92' lang='grc' dir='ltr'><strong><em>τρον</em></strong></span> <span class='ocrx_word' id='word_1_116' title='bbox 205 1660 410 1750; x_wconf 77' lang='grc' dir='ltr'><strong><em>ἀμφοτέρῃσι</em></strong></span> <span class='ocrx_word' id='word_1_117' title='bbox 430 1667 504 1749; x_wconf 77' lang='grc' dir='ltr'><strong><em>τῇσι</em></strong></span> <span class='ocrx_word' id='word_1_118' title='bbox 518 1663 627 1747; x_wconf 83' lang='grc' dir='ltr'><strong><em>χερσί,</em></strong></span> <span class='ocrx_word' id='word_1_119' title='bbox 649 1663 704 1729; x_wconf 80' lang='grc' dir='ltr'><strong><em>καὶ</em></strong></span> <span class='ocrx_word' id='word_1_120' title='bbox 716 1662 822 1737; x_wconf 80' lang='grc' dir='ltr'><strong><em>τιθεὶς</em></strong></span> <span class='ocrx_word' id='word_1_121' title='bbox 835 1657 901 1746; x_wconf 84' lang='grc' dir='ltr'><strong><em>πρό</em></strong></span> <span class='ocrx_word' id='word_1_122' title='bbox 916 1663 1030 1728; x_wconf 83' lang='grc' dir='ltr'><strong><em>ποδῶν</em></strong></span> <span class='ocrx_word' id='word_1_123' title='bbox 1043 1666 1112 1727; x_wconf 81' lang='grc' dir='ltr'><strong><em>των</em></strong></span> 
     </span>
    </p>
   </div>
   <div class='ocr_carea' id='block_1_4' title="bbox 8 1759 1113 1950">
    <p class='ocr_par' dir='ltr' id='par_1_4' title="bbox 8 1759 1113 1950">
     <span class='ocr_line' id='line_1_16' title="bbox 9 1759 1112 1851; baseline -0.005 -17"><span class='ocrx_word' id='word_1_124' title='bbox 9 1760 10 1767; x_wconf 33' lang='lat'>¹</span> <span class='ocrx_word' id='word_1_125' title='bbox 113 1768 309 1834; x_wconf 85' lang='grc' dir='ltr'><strong><em>Παυσανίεω</em></strong></span> <span class='ocrx_word' id='word_1_126' title='bbox 322 1759 427 1849; x_wconf 83' lang='grc' dir='ltr'><strong><em>ταύτῃ</em></strong></span> <span class='ocrx_word' id='word_1_127' title='bbox 440 1767 480 1849; x_wconf 79' lang='grc' dir='ltr'><strong><em>τῇ</em></strong></span> <span class='ocrx_word' id='word_1_128' title='bbox 495 1761 598 1851; x_wconf 75' lang='grc' dir='ltr'><strong><em>φήφφ</em></strong></span> <span class='ocrx_word' id='word_1_129' title='bbox 615 1767 818 1849; x_wconf 76' lang='grc' dir='ltr'><strong><em>ψηφίζεσθαι</em></strong></span> <span class='ocrx_word' id='word_1_130' title='bbox 832 1765 896 1847; x_wconf 88' lang='grc' dir='ltr'><strong><em>ἐφη</em></strong></span> <span class='ocrx_word' id='word_1_131' title='bbox 911 1759 955 1848; x_wconf 85' lang='grc' dir='ltr'><strong><em>μή</em></strong></span> <span class='ocrx_word' id='word_1_132' title='bbox 971 1762 1112 1848; x_wconf 77' lang='grc' dir='ltr'><strong><em>φεύγειν</em></strong></span> 
     </span>
     <span class='ocr_line' id='line_1_17' title="bbox 8 1857 1113 1950; baseline -0.004 -20"><span class='ocrx_word' id='word_1_133' title='bbox 8 1928 10 1939; x_wconf 42' lang='grc'><strong><em>,</em></strong></span> <span class='ocrx_word' id='word_1_134' title='bbox 112 1861 187 1940; x_wconf 85' lang='grc' dir='ltr'><strong><em>τούς</em></strong></span> <span class='ocrx_word' id='word_1_135' title='bbox 202 1863 347 1946; x_wconf 82' lang='grc' dir='ltr'><strong><em>ξείνους,</em></strong></span> <span class='ocrx_word' id='word_1_136' title='bbox 363 1864 493 1940; x_wconf 85' lang='grc' dir='ltr'><strong><em>ξείνους</em></strong></span> <span class='ocrx_word' id='word_1_137' title='bbox 506 1861 615 1946; x_wconf 84' lang='grc' dir='ltr'><strong><em>λέγων</em></strong></span> <span class='ocrx_word' id='word_1_138' title='bbox 629 1858 708 1939; x_wconf 86' lang='grc' dir='ltr'><strong><em>τούς</em></strong></span> <span class='ocrx_word' id='word_1_139' title='bbox 722 1858 924 1950; x_wconf 75' lang='grc' dir='ltr'><strong><em>βαρβάρους.</em></strong></span> <span class='ocrx_word' id='word_1_140' title='bbox 945 1857 963 1928; x_wconf 86' lang='grc' dir='ltr'><strong>ὁ</strong></span> <span class='ocrx_word' id='word_1_141' title='bbox 982 1861 1018 1928; x_wconf 74' lang='grc' dir='ltr'><strong><em>δὲ</em></strong></span> <span class='ocrx_word' id='word_1_142' title='bbox 1034 1886 1113 1946; x_wconf 93' lang='grc' dir='ltr'><strong><em>μαι-</em></strong></span> 
     </span>
    </p>
   </div>
   <div class='ocr_carea' id='block_1_5' title="bbox 8 1954 1162 3533">
    <p class='ocr_par' dir='ltr' id='par_1_5' title="bbox 8 1954 1162 3533">
     <span class='ocr_line' id='line_1_18' title="bbox 111 1954 1113 2047; baseline -0.001 -19"><span class='ocrx_word' id='word_1_143' title='bbox 111 1959 256 2045; x_wconf 90' lang='grc' dir='ltr'><strong><em>νόμενον</em></strong></span> <span class='ocrx_word' id='word_1_144' title='bbox 276 1959 331 2025; x_wconf 79' lang='grc' dir='ltr'><strong><em>καὶ</em></strong></span> <span class='ocrx_word' id='word_1_145' title='bbox 352 1954 394 2024; x_wconf 88' lang='grc' dir='ltr'><strong><em>ού</em></strong></span> <span class='ocrx_word' id='word_1_146' title='bbox 408 1958 580 2047; x_wconf 81' lang='grc' dir='ltr'><strong><em>φρενήρεα</em></strong></span> <span class='ocrx_word' id='word_1_147' title='bbox 597 1963 726 2028; x_wconf 80' lang='grc' dir='ltr'><strong><em>καλέων</em></strong></span> <span class='ocrx_word' id='word_1_148' title='bbox 746 1961 876 2028; x_wconf 82' lang='grc' dir='ltr'><strong><em>ἐκείνου</em></strong></span> <span class='ocrx_word' id='word_1_149' title='bbox 892 1957 977 2045; x_wconf 89' lang='grc' dir='ltr'><strong><em>πρός</em></strong></span> <span class='ocrx_word' id='word_1_150' title='bbox 997 1984 1032 2028; x_wconf 92' lang='grc' dir='ltr'><strong><em>τε</em></strong></span> <span class='ocrx_word' id='word_1_151' title='bbox 1053 1957 1113 2027; x_wconf 84' lang='grc' dir='ltr'><strong><em>τόν</em></strong></span> 
     </span>
     <span class='ocr_line' id='line_1_19' title="bbox 8 2045 1112 2146; baseline -0.001 -20"><span class='ocrx_word' id='word_1_152' title='bbox 8 2088 10 2095; x_wconf 52' lang='lat'>&gt;</span> <span class='ocrx_word' id='word_1_153' title='bbox 105 2045 296 2142; x_wconf 84' lang='grc' dir='ltr'><strong><em>Ἀθηναίων</em></strong></span> <span class='ocrx_word' id='word_1_154' title='bbox 316 2055 446 2142; x_wconf 87' lang='grc' dir='ltr'><strong><em>κήρυκα</em></strong></span> <span class='ocrx_word' id='word_1_155' title='bbox 462 2058 692 2142; x_wconf 74' lang='grc' dir='ltr'><strong><em>ἐπειρωτῶντα</em></strong></span> <span class='ocrx_word' id='word_1_156' title='bbox 709 2055 749 2125; x_wconf 82' lang='grc' dir='ltr'><strong><em>τά</em></strong></span> <span class='ocrx_word' id='word_1_157' title='bbox 770 2058 988 2145; x_wconf 78' lang='grc' dir='ltr'><strong><em>ἐντεταλμένα</em></strong></span> <span class='ocrx_word' id='word_1_158' title='bbox 1002 2060 1112 2146; x_wconf 86' lang='grc' dir='ltr'><strong><em>λέγειν</em></strong></span> 
     </span>
     <span class='ocr_line' id='line_1_20' title="bbox 110 2153 1116 2244; baseline 0.001 -21"><span class='ocrx_word' id='word_1_159' title='bbox 110 2155 332 2243; x_wconf 78' lang='grc' dir='ltr'><strong><em>δΠαυσανίης</em></strong></span> <span class='ocrx_word' id='word_1_160' title='bbox 342 2157 474 2225; x_wconf 86' lang='grc' dir='ltr'><strong><em>ἐκέλευε</em></strong></span> <span class='ocrx_word' id='word_1_161' title='bbox 482 2153 523 2224; x_wconf 87' lang='grc' dir='ltr'><strong><em>τά</em></strong></span> <span class='ocrx_word' id='word_1_162' title='bbox 535 2157 703 2243; x_wconf 90' lang='grc' dir='ltr'><strong><em>παρεόντα</em></strong></span> <span class='ocrx_word' id='word_1_163' title='bbox 714 2176 775 2242; x_wconf 90' lang='grc' dir='ltr'><strong><em>σφι</em></strong></span> <span class='ocrx_word' id='word_1_164' title='bbox 787 2157 973 2244; x_wconf 87' lang='grc' dir='ltr'><strong><em>πρήγματα,</em></strong></span> <span class='ocrx_word' id='word_1_165' title='bbox 989 2156 1116 2244; x_wconf 72' lang='grc' dir='ltr'><strong><em>ἐχρήιζέ</em></strong></span> 
     </span>
     <span class='ocr_line' id='line_1_21' title="bbox 111 2249 1112 2341; baseline -0.002 -17"><span class='ocrx_word' id='word_1_166' title='bbox 111 2280 143 2324; x_wconf 89' lang='grc' dir='ltr'><strong><em>ιε</em></strong></span> <span class='ocrx_word' id='word_1_167' title='bbox 154 2258 222 2322; x_wconf 76' lang='grc' dir='ltr'><strong><em>τῶν</em></strong></span> <span class='ocrx_word' id='word_1_168' title='bbox 232 2249 422 2341; x_wconf 71' lang='grc' dir='ltr'><strong><em>Ἀθηναίων</em></strong></span> <span class='ocrx_word' id='word_1_169' title='bbox 433 2261 710 2341; x_wconf 83' lang='grc' dir='ltr'><strong><em>προσχωρῆσαίτε</em></strong></span> <span class='ocrx_word' id='word_1_170' title='bbox 720 2251 804 2340; x_wconf 81' lang='grc' dir='ltr'><strong><em>πρὸς</em></strong></span> <span class='ocrx_word' id='word_1_171' title='bbox 815 2253 960 2333; x_wconf 74' lang='grc' dir='ltr'><strong><em>ἑωυτούς</em></strong></span> <span class='ocrx_word' id='word_1_172' title='bbox 971 2258 1026 2324; x_wconf 78' lang='grc' dir='ltr'><strong><em>καὶ</em></strong></span> <span class='ocrx_word' id='word_1_173' title='bbox 1034 2279 1112 2323; x_wconf 89' lang='grc' dir='ltr'><strong><em>ποι-</em></strong></span> 
     </span>
     <span class='ocr_line' id='line_1_22' title="bbox 109 2348 1162 2438; baseline -0.006 -17"><span class='ocrx_word' id='word_1_174' title='bbox 109 2357 177 2422; x_wconf 90' lang='grc' dir='ltr'><strong><em>έειν</em></strong></span> <span class='ocrx_word' id='word_1_175' title='bbox 190 2354 266 2438; x_wconf 83' lang='grc' dir='ltr'><strong><em>περί</em></strong></span> <span class='ocrx_word' id='word_1_176' title='bbox 286 2359 343 2438; x_wconf 86' lang='grc' dir='ltr'><strong><em>τῆς</em></strong></span> <span class='ocrx_word' id='word_1_177' title='bbox 363 2349 493 2421; x_wconf 80' lang='grc' dir='ltr'><strong><em>ἀπόδου</em></strong></span> <span class='ocrx_word' id='word_1_178' title='bbox 514 2353 555 2422; x_wconf 92' lang='grc' dir='ltr'><strong><em>τά</em></strong></span> <span class='ocrx_word' id='word_1_179' title='bbox 575 2378 637 2438; x_wconf 89' lang='grc' dir='ltr'><strong><em>περ</em></strong></span> <span class='ocrx_word' id='word_1_180' title='bbox 659 2348 703 2420; x_wconf 85' lang='grc' dir='ltr'><strong><em>ἀν</em></strong></span> <span class='ocrx_word' id='word_1_181' title='bbox 718 2353 773 2421; x_wconf 81' lang='grc' dir='ltr'><strong><em>καὶ</em></strong></span> <span class='ocrx_word' id='word_1_182' title='bbox 789 2365 892 2438; x_wconf 76' lang='grc' dir='ltr'><strong><em>σφεῖς.</em></strong></span> <span class='ocrx_word' id='word_1_183' title='bbox 929 2355 995 2421; x_wconf 83' lang='grc' dir='ltr'><strong><em>Καὶ</em></strong></span> <span class='ocrx_word' id='word_1_184' title='bbox 1014 2350 1110 2438; x_wconf 78' lang='grc' dir='ltr'><strong><em>ὁμὲν</em></strong></span> <span class='ocrx_word' id='word_1_185' title='bbox 1127 2362 1162 2416; x_wconf 83' lang='lat'><strong><em>56</em></strong></span> 
     </span>
     <span class='ocr_line' id='line_1_23' title="bbox 107 2447 1113 2539; baseline -0.002 -19"><span class='ocrx_word' id='word_1_186' title='bbox 107 2450 337 2521; x_wconf 86' lang='grc' dir='ltr'><strong><em>ἀπαλλάσσετο</em></strong></span> <span class='ocrx_word' id='word_1_187' title='bbox 348 2452 381 2530; x_wconf 83' lang='grc' dir='ltr'><strong><em>ἐς</em></strong></span> <span class='ocrx_word' id='word_1_188' title='bbox 392 2449 471 2530; x_wconf 84' lang='grc' dir='ltr'><strong><em>τούς</em></strong></span> <span class='ocrx_word' id='word_1_189' title='bbox 483 2450 690 2538; x_wconf 83' lang='grc' dir='ltr'><strong><em>Ἀθηναίους.</em></strong></span> <span class='ocrx_word' id='word_1_190' title='bbox 713 2447 1113 2539; x_wconf 76' lang='grc' dir='ltr'><strong><em>τούςδέἐπελάνακρινο-</em></strong></span> 
     </span>
     <span class='ocr_line' id='line_1_24' title="bbox 107 2546 1110 2640; baseline -0.002 -23"><span class='ocrx_word' id='word_1_191' title='bbox 107 2551 230 2637; x_wconf 84' lang='grc' dir='ltr'><strong><em>μένους</em></strong></span> <span class='ocrx_word' id='word_1_192' title='bbox 248 2546 333 2636; x_wconf 79' lang='grc' dir='ltr'><strong><em>πρὸς</em></strong></span> <span class='ocrx_word' id='word_1_193' title='bbox 355 2546 500 2627; x_wconf 74' lang='grc' dir='ltr'><strong><em>ἑωυτούς</em></strong></span> <span class='ocrx_word' id='word_1_194' title='bbox 520 2546 589 2635; x_wconf 79' lang='grc' dir='ltr'><strong><em>ήύς</em></strong></span> <span class='ocrx_word' id='word_1_195' title='bbox 609 2548 854 2636; x_wconf 88' lang='grc' dir='ltr'><strong><em>κατελάμβανε,</em></strong></span> <span class='ocrx_word' id='word_1_196' title='bbox 880 2550 918 2617; x_wconf 89' lang='grc' dir='ltr'><strong><em>ἐν</em></strong></span> <span class='ocrx_word' id='word_1_197' title='bbox 939 2549 1047 2640; x_wconf 83' lang='grc' dir='ltr'><strong><em>τούτφ</em></strong></span> <span class='ocrx_word' id='word_1_198' title='bbox 1065 2555 1110 2637; x_wconf 75' lang='grc' dir='ltr'><strong><em>τῷ</em></strong></span> 
     </span>
     <span class='ocr_line' id='line_1_25' title="bbox 8 2645 1112 2740; baseline -0.001 -22"><span class='ocrx_word' id='word_1_199' title='bbox 8 2680 9 2687; x_wconf 48' lang='grc'><strong>“</strong></span> <span class='ocrx_word' id='word_1_200' title='bbox 108 2648 216 2740; x_wconf 78' lang='grc' dir='ltr'><strong><em>χρόνῳ</em></strong></span> <span class='ocrx_word' id='word_1_201' title='bbox 231 2647 416 2736; x_wconf 76' lang='grc' dir='ltr'><strong><em>κατήμενος</em></strong></span> <span class='ocrx_word' id='word_1_202' title='bbox 429 2647 447 2719; x_wconf 82' lang='grc' dir='ltr'>ὁ</span> <span class='ocrx_word' id='word_1_203' title='bbox 458 2656 656 2736; x_wconf 88' lang='grc' dir='ltr'><strong><em>Παυσανίης</em></strong></span> <span class='ocrx_word' id='word_1_204' title='bbox 669 2646 711 2716; x_wconf 90' lang='grc' dir='ltr'><strong><em>ού</em></strong></span> <span class='ocrx_word' id='word_1_205' title='bbox 726 2649 854 2717; x_wconf 85' lang='grc' dir='ltr'><strong><em>δοκέων</em></strong></span> <span class='ocrx_word' id='word_1_206' title='bbox 867 2645 927 2716; x_wconf 87' lang='grc' dir='ltr'><strong><em>τόν</em></strong></span> <span class='ocrx_word' id='word_1_207' title='bbox 938 2646 1112 2735; x_wconf 86' lang='grc' dir='ltr'><strong><em>Ἀμομφά-</em></strong></span> 
     </span>
     <span class='ocr_line' id='line_1_26' title="bbox 107 2746 1111 2834; baseline 0.002 -21"><span class='ocrx_word' id='word_1_208' title='bbox 107 2771 204 2830; x_wconf 91' lang='grc' dir='ltr'><strong><em>ρετον</em></strong></span> <span class='ocrx_word' id='word_1_209' title='bbox 217 2753 394 2828; x_wconf 76' lang='grc' dir='ltr'><strong><em>λείψεσθαι</em></strong></span> <span class='ocrx_word' id='word_1_210' title='bbox 405 2755 473 2816; x_wconf 77' lang='grc' dir='ltr'><strong><em>τῶν</em></strong></span> <span class='ocrx_word' id='word_1_211' title='bbox 484 2746 598 2816; x_wconf 84' lang='grc' dir='ltr'><strong><em>ἀλλων</em></strong></span> <span class='ocrx_word' id='word_1_212' title='bbox 608 2751 884 2834; x_wconf 83' lang='grc' dir='ltr'><strong><em>Λακεδαιμονίων</em></strong></span> <span class='ocrx_word' id='word_1_213' title='bbox 895 2746 1111 2834; x_wconf 86' lang='grc' dir='ltr'><strong><em>ἀποστειχόν-</em></strong></span> 
     </span>
     <span class='ocr_line' id='line_1_27' title="bbox 106 2841 1111 2936; baseline 0.004 -24"><span class='ocrx_word' id='word_1_214' title='bbox 106 2869 183 2930; x_wconf 89' lang='grc' dir='ltr'><strong><em>των,</em></strong></span> <span class='ocrx_word' id='word_1_215' title='bbox 199 2841 239 2912; x_wconf 86' lang='grc' dir='ltr'><strong><em>τά</em></strong></span> <span class='ocrx_word' id='word_1_216' title='bbox 251 2843 291 2932; x_wconf 83' lang='grc' dir='ltr'><strong><em>δή</em></strong></span> <span class='ocrx_word' id='word_1_217' title='bbox 303 2850 358 2915; x_wconf 84' lang='grc' dir='ltr'><strong><em>καλ</em></strong></span> <span class='ocrx_word' id='word_1_218' title='bbox 369 2848 509 2933; x_wconf 80' lang='grc' dir='ltr'><strong><em>ἐγένετο,</em></strong></span> <span class='ocrx_word' id='word_1_219' title='bbox 522 2846 674 2936; x_wconf 90' lang='grc' dir='ltr'><strong><em>σημήνας</em></strong></span> <span class='ocrx_word' id='word_1_220' title='bbox 685 2844 792 2935; x_wconf 82' lang='grc' dir='ltr'><strong><em>ἀπῆγε</em></strong></span> <span class='ocrx_word' id='word_1_221' title='bbox 803 2845 860 2916; x_wconf 84' lang='grc' dir='ltr'><strong><em>διά</em></strong></span> <span class='ocrx_word' id='word_1_222' title='bbox 870 2855 939 2917; x_wconf 81' lang='grc' dir='ltr'><strong><em>τῶν</em></strong></span> <span class='ocrx_word' id='word_1_223' title='bbox 951 2855 1111 2918; x_wconf 73' lang='grc' dir='ltr'><strong><em>κολωνῶν</em></strong></span> 
     </span>
     <span class='ocr_line' id='line_1_28' title="bbox 8 2937 1110 3036; baseline 0.008 -29"><span class='ocrx_word' id='word_1_224' title='bbox 8 2948 9 3031; x_wconf 54' lang='grc' dir='ltr'><em>ξ</em></span> <span class='ocrx_word' id='word_1_225' title='bbox 106 2937 184 3019; x_wconf 81' lang='grc' dir='ltr'><strong><em>τούς</em></strong></span> <span class='ocrx_word' id='word_1_226' title='bbox 204 2940 343 3022; x_wconf 82' lang='grc' dir='ltr'><strong><em>λοιπούς</em></strong></span> <span class='ocrx_word' id='word_1_227' title='bbox 359 2944 503 3024; x_wconf 78' lang='grc' dir='ltr'><strong><em>πάντας·</em></strong></span> <span class='ocrx_word' id='word_1_228' title='bbox 531 2948 664 3015; x_wconf 77' lang='grc' dir='ltr'><strong><em>εἵποντο</em></strong></span> <span class='ocrx_word' id='word_1_229' title='bbox 684 2948 791 3016; x_wconf 75' lang='grc' dir='ltr'><strong><em>δὲκαὶ</em></strong></span> <span class='ocrx_word' id='word_1_230' title='bbox 808 2954 974 3036; x_wconf 77' lang='grc' dir='ltr'><strong><em>Τεγεῆται.</em></strong></span> <span class='ocrx_word' id='word_1_231' title='bbox 1008 2945 1110 3033; x_wconf 84' lang='grc' dir='ltr'><strong><em>Ἀθη-</em></strong></span> 
     </span>
     <span class='ocr_line' id='line_1_29' title="bbox 8 3042 1108 3136; baseline 0.003 -25"><span class='ocrx_word' id='word_1_232' title='bbox 8 3064 9 3087; x_wconf 65' lang='lat'>¹</span> <span class='ocrx_word' id='word_1_233' title='bbox 105 3055 193 3111; x_wconf 79' lang='grc' dir='ltr'><strong><em>ναῖοι</em></strong></span> <span class='ocrx_word' id='word_1_234' title='bbox 208 3044 245 3110; x_wconf 73' lang='grc' dir='ltr'><strong><em>δέ</em></strong></span> <span class='ocrx_word' id='word_1_235' title='bbox 265 3046 441 3129; x_wconf 75' lang='grc' dir='ltr'><strong><em>ταχθέντες</em></strong></span> <span class='ocrx_word' id='word_1_236' title='bbox 460 3043 561 3133; x_wconf 78' lang='grc' dir='ltr'><strong><em>ήῑσαν</em></strong></span> <span class='ocrx_word' id='word_1_237' title='bbox 577 3044 618 3114; x_wconf 84' lang='grc' dir='ltr'><strong><em>τά</em></strong></span> <span class='ocrx_word' id='word_1_238' title='bbox 638 3052 781 3133; x_wconf 79' lang='grc' dir='ltr'><strong><em>ἔμπαλιν</em></strong></span> <span class='ocrx_word' id='word_1_239' title='bbox 801 3042 823 3134; x_wconf 88' lang='grc' dir='ltr'><strong><em>ή</em></strong></span> <span class='ocrx_word' id='word_1_240' title='bbox 839 3046 1108 3136; x_wconf 87' lang='grc' dir='ltr'><strong><em>Λακεδαιμόνιοι.</em></strong></span> 
     </span>
     <span class='ocr_line' id='line_1_30' title="bbox 105 3138 1110 3235; baseline 0.007 -26"><span class='ocrx_word' id='word_1_241' title='bbox 105 3145 139 3210; x_wconf 92' lang='grc' dir='ltr'><strong><em>οί</em></strong></span> <span class='ocrx_word' id='word_1_242' title='bbox 148 3143 211 3228; x_wconf 83' lang='grc' dir='ltr'><strong><em>μέν</em></strong></span> <span class='ocrx_word' id='word_1_243' title='bbox 221 3138 287 3228; x_wconf 85' lang='grc' dir='ltr'><strong><em>γάρ</em></strong></span> <span class='ocrx_word' id='word_1_244' title='bbox 298 3148 367 3211; x_wconf 77' lang='grc' dir='ltr'><strong><em>τῶν</em></strong></span> <span class='ocrx_word' id='word_1_245' title='bbox 376 3169 411 3212; x_wconf 90' lang='grc' dir='ltr'><strong><em>τε</em></strong></span> <span class='ocrx_word' id='word_1_246' title='bbox 422 3142 537 3230; x_wconf 85' lang='grc' dir='ltr'><strong><em>ὄχθων</em></strong></span> <span class='ocrx_word' id='word_1_247' title='bbox 548 3142 739 3232; x_wconf 86' lang='grc' dir='ltr'><strong><em>ἀντείχοντο</em></strong></span> <span class='ocrx_word' id='word_1_248' title='bbox 752 3149 806 3217; x_wconf 81' lang='grc' dir='ltr'><strong><em>καί</em></strong></span> <span class='ocrx_word' id='word_1_249' title='bbox 816 3155 874 3235; x_wconf 83' lang='grc' dir='ltr'><strong><em>τῆς</em></strong></span> <span class='ocrx_word' id='word_1_250' title='bbox 885 3146 1038 3235; x_wconf 82' lang='grc' dir='ltr'><strong><em>ὑπωρέης</em></strong></span> <span class='ocrx_word' id='word_1_251' title='bbox 1048 3154 1110 3216; x_wconf 82' lang='grc' dir='ltr'><strong><em>τοῦ</em></strong></span> 
     </span>
     <span class='ocr_line' id='line_1_31' title="bbox 104 3243 1110 3333; baseline 0.001 -21"><span class='ocrx_word' id='word_1_252' title='bbox 104 3248 334 3330; x_wconf 79' lang='grc' dir='ltr'><strong><em>Κιθαιρῶνος,</em></strong></span> <span class='ocrx_word' id='word_1_253' title='bbox 351 3244 555 3332; x_wconf 88' lang='grc' dir='ltr'><strong><em>φοβεόμενοι</em></strong></span> <span class='ocrx_word' id='word_1_254' title='bbox 573 3243 635 3333; x_wconf 88' lang='grc' dir='ltr'><strong><em>τήν</em></strong></span> <span class='ocrx_word' id='word_1_255' title='bbox 648 3248 770 3333; x_wconf 75' lang='grc' dir='ltr'><strong><em>ἵππον,</em></strong></span> <span class='ocrx_word' id='word_1_256' title='bbox 781 3244 954 3333; x_wconf 77' lang='grc' dir='ltr'><strong><em>Ἀθηναῖοι</em></strong></span> <span class='ocrx_word' id='word_1_257' title='bbox 968 3248 1005 3314; x_wconf 75' lang='grc' dir='ltr'><strong><em>δὲ</em></strong></span> <span class='ocrx_word' id='word_1_258' title='bbox 1019 3246 1110 3314; x_wconf 88' lang='grc' dir='ltr'><strong><em>κάτω</em></strong></span> 
     </span>
     <span class='ocr_line' id='line_1_32' title="bbox 103 3340 1156 3432; baseline 0.002 -25"><span class='ocrx_word' id='word_1_259' title='bbox 103 3343 309 3427; x_wconf 89' lang='grc' dir='ltr'><strong><em>τραφθέντες</em></strong></span> <span class='ocrx_word' id='word_1_260' title='bbox 325 3342 359 3421; x_wconf 89' lang='grc' dir='ltr'><strong><em>ές</em></strong></span> <span class='ocrx_word' id='word_1_261' title='bbox 370 3340 407 3410; x_wconf 86' lang='grc' dir='ltr'>τό</span> <span class='ocrx_word' id='word_1_262' title='bbox 418 3348 544 3412; x_wconf 88' lang='grc' dir='ltr'><strong><em>πεδίον.</em></strong></span> <span class='ocrx_word' id='word_1_263' title='bbox 570 3340 818 3432; x_wconf 72' lang='grc' dir='ltr'><strong><em>Ἀμομφάρετος</em></strong></span> <span class='ocrx_word' id='word_1_264' title='bbox 836 3344 872 3412; x_wconf 76' lang='grc' dir='ltr'><strong><em>δέ</em></strong></span> <span class='ocrx_word' id='word_1_265' title='bbox 883 3342 990 3432; x_wconf 91' lang='grc' dir='ltr'><strong><em>ἀρχήν</em></strong></span> <span class='ocrx_word' id='word_1_266' title='bbox 1001 3368 1036 3412; x_wconf 95' lang='grc' dir='ltr'><strong><em>τε</em></strong></span> <span class='ocrx_word' id='word_1_267' title='bbox 1046 3340 1108 3410; x_wconf 85' lang='grc' dir='ltr'><strong><em>ού·</em></strong></span> <span class='ocrx_word' id='word_1_268' title='bbox 1124 3352 1156 3405; x_wconf 74' lang='grc'><strong><em>57</em></strong></span> 
     </span>
     <span class='ocr_line' id='line_1_33' title="bbox 104 3435 1108 3533; baseline 0.003 -31"><span class='ocrx_word' id='word_1_269' title='bbox 104 3435 191 3525; x_wconf 83' lang='grc' dir='ltr'><strong><em>δαμά</em></strong></span> <span class='ocrx_word' id='word_1_270' title='bbox 203 3438 331 3507; x_wconf 83' lang='grc' dir='ltr'><strong><em>δοκέων</em></strong></span> <span class='ocrx_word' id='word_1_271' title='bbox 342 3447 542 3533; x_wconf 92' lang='grc' dir='ltr'><strong><em>Παυσανίην</em></strong></span> <span class='ocrx_word' id='word_1_272' title='bbox 553 3440 730 3529; x_wconf 85' lang='grc' dir='ltr'><strong><em>τολμήσειν</em></strong></span> <span class='ocrx_word' id='word_1_273' title='bbox 742 3444 846 3530; x_wconf 89' lang='grc' dir='ltr'><strong><em>σφέας</em></strong></span> <span class='ocrx_word' id='word_1_274' title='bbox 861 3438 1036 3510; x_wconf 80' lang='grc' dir='ltr'><strong><em>ἀπολιπεῖν</em></strong></span> <span class='ocrx_word' id='word_1_275' title='bbox 1047 3460 1108 3505; x_wconf 89' lang='grc' dir='ltr'><strong><em>πε-</em></strong></span> 
     </span>
    </p>
   </div>
   <div class='ocr_carea' id='block_1_6' title="bbox 0 0 1298 3926">
    <p class='ocr_par' dir='ltr' id='par_1_6' title="bbox 0 0 1298 3926">
     <span class='ocr_line' id='line_1_34' title="bbox 0 0 1298 3926; baseline 0 3"><span class='ocrx_word' id='word_1_276' title='bbox 0 0 1298 3926; x_wconf 95' lang='lat' dir='ltr'><strong><em> </em></strong></span> 
     </span>
    </p>
   </div>
  </div>
 </body>
</html>
