2606 3920
369 221 453 278 LIB.
487 222 557 278 vffl.
591 221 688 279 ΟΑΡ.
724 227 864 283 79-84.
1054 220 1116 283 257

112 379 178 464 γάρ
198 382 267 444 πάν
286 375 322 444 τό
339 378 566 463 στρατόπεδον
586 376 623 445 τό
639 377 834 465 Ἑλληνικὸν
854 377 920 448 ὑπὸ
942 388 1010 448 τῶν
1030 386 1117 450 νεῶν

19 500 20 503 ’
111 483 180 545 τῶν
191 477 336 564 Ξέρξεω
358 479 608 563 παραρτέεσθαί
616 503 652 545 τε
667 477 893 566 συνεβούλευε
904 474 1115 564 ὡςάλεξησο-

111 580 245 663 μένους.
267 578 333 644 Καί
347 572 365 642 ὁ
380 575 442 661 μέν
452 580 556 642 ταῦτα
572 583 666 656 είπας
674 575 879 663 μετεστήκεε,
893 581 961 642 των
976 574 1012 643 δὲ
1023 568 1116 653 αὖτις

111 675 239 760 έγίνετο
250 672 362 758 λόγων
373 668 596 759 ἀμφισβασίη·
619 678 654 741 οἰ
666 670 730 761 γάρ
741 679 882 751 πλεῦνες
895 678 964 740 τάν
973 691 1115 759 στρατη-

18 758 20 775 *
111 777 183 856 γῶν
201 765 264 836 οὐκ
284 771 460 838 ἐπείθοντο
481 766 522 837 τά
543 744 1062 857 έξαγγελθέντα.)(Ἀπιστεόντων
1077 771 1114 837 δέ
1128 788 1164 841 8ο

110 866 242 934 τούτων
255 858 316 954 ήκε
331 868 469 954 τριήρης
482 863 619 955 ἀνδρων
633 874 767 955 Τηνίων
780 863 1040 953 αὐτομολέουσα,
1057 873 1114 954 τής

110 958 191 1052 ήρχε
207 961 294 1053 ἀνήρ
305 972 487 1046 Παναίτιος
500 963 519 1034 ὁ
531 969 752 1054 Σωσιμένεος,
767 964 791 1054 ή
804 990 867 1054 περ
882 962 922 1053 δή
937 973 1036 1053 ἔφερε
1052 964 1114 1054 τήν

16 1072 18 1123 ἑ
110 1062 276 1151 ἀληθείην
285 1071 406 1133 πᾶσαν.
420 1063 474 1132 διά
487 1065 523 1134 δέ
534 1073 632 1134 τοῦτο
644 1062 680 1134 τὸ
693 1070 793 1153 ἔργον
804 1065 1036 1153 ἐνεγράφησαν
1047 1066 1114 1151 Ῥή-

110 1186 180 1230 νιοι
196 1163 234 1230 ἐν
244 1172 409 1250 Δελφοῖσι
426 1165 460 1242 ές
475 1162 536 1232 τόν
551 1169 693 1253 τρίποδα
709 1167 746 1233 έν
761 1178 846 1232 τοῖσι
862 1161 923 1233 τδν
939 1164 1113 1252 βάρβαρον

110 1268 297 1332 κατελοῦσι.
319 1260 384 1331 συν
398 1265 434 1332 δὲ
450 1256 499 1331 ἀν
512 1265 617 1354 ταάτη
629 1271 670 1354 τῇ
683 1269 742 1351 νηῒ
753 1271 793 1352 τῇ
808 1260 1061 1351 αὐτομολησάσῃ
1078 1265 1112 1341 ἐς

16 1366 20 1385 “
109 1370 287 1449 Σαλαμῖνα
307 1367 362 1432 καί
383 1368 423 1452 τῇ
442 1361 608 1450 πρότερον
629 1360 681 1431 ἐπ’
701 1359 905 1449 Ἀρτεμίσισν
926 1367 967 1450 τῇ
979 1365 1111 1450 Λημνίη

14 1520 15 1527 ,
109 1462 329 1538 ἐξεπληροῦτο
342 1458 379 1529 τὸ
395 1458 557 1529 ναυτικὸν
570 1474 655 1530 τοῖσι
662 1459 796 1547 Ἕλλησι
807 1460 840 1539 ἐς
849 1457 908 1538 τάς
919 1456 1110 1546 ὀγδώκοντα

13 1594 16 1797 ἰ

109 1566 370 1680 καίτριηκοσίας
382 1562 476 1639 νέας»
507 1560 570 1628 δάο
587 1558 652 1647 γάρ
674 1557 714 1646 δή
734 1563 823 1626 νεῶν
836 1556 912 1626 τότε
926 1560 1058 1627 κατέδεε
1078 1562 1111 1637 ἐς

108 1654 169 1725 τάν
184 1653 343 1744 ἀριθμόν.
569 1714 575 1721 ,

196 1762 290 1824 Τοῖσι
307 1754 365 1824 δὲ
364 1754 528 1844 Ἐλλησι
506 1783 550 1836 ως
570 1753 669 1825 πιστά
686 1753 726 1843 δή
741 1753 781 1823 τὰ
799 1748 999 1843 λεγόμενα’
976 1782 1021 1842 ην
1040 1762 1108 1823 τῶν
1118 1770 1156 1825 83

12 1802 19 1925 ἰ
112 1855 274 1940 Τηνίωνή
275 1853 610 1942 ήματα,παρεσκευάί
608 1879 686 1921 οντο
593 1848 1062 1941 ίῶςνανμαχήσοντεςῧ
1042 1853 1107 1938 ηω’ς

12 1964 14 1967 ’
106 1977 143 2020 τε
155 1948 195 2037 δη
208 1952 376 2069 διέφαινε,
394 1953 495 2020 καίοἰ
479 1950 673 2036 ἰσάλλογον
687 1957 755 2017 τῶν
770 1951 953 2068 ἐπιβατέων
966 1949 1110 2034 ποιησά-

107 2068 220 2134 μενοι,
241 2071 449 2135 κροηγορενε
473 2074 512 2117 ευ
499 2041 643 2134 έχοντα
663 2047 726 2133 μέν
744 2050 781 2117 έκ
795 2047 933 2116 πάντων
947 2055 1109 2134 Θεμιστο-

12 2152 13 2189 ³
106 2148 221 2231 κλέης,
237 2143 277 2213 τά
293 2145 329 2214 δὲ
344 2151 424 2214 έπεα
436 2139 481 2234 ήν
495 2146 605 2214 πάντα
621 2147 749 2233 κρέσσω
763 2157 849 2213 τοίσι
860 2141 1109 2212 ἕσσοσίάντιτι-

106 2246 243 2330 θέμενα.
265 2241 329 2311 ὅσα
346 2244 381 2312 δὲ
397 2246 435 2312 έν
449 2241 638 2329 ἀνθρώπου
653 2243 737 2330 φάσι
757 2244 813 2311 καί
826 2241 1005 2310 καταστάσι
1020 2244 1109 2329 ε’γγί-

105 2369 215 2429 νεται,
231 2344 433 2431 παραινέσας
447 2339 488 2430 δή
502 2342 632 2411 τούτων
645 2338 685 2410 τά
701 2344 829 2430 κρέσσω
845 2340 1034 2428 αίρέεσθαι,
1054 2343 1108 2409 καί

106 2441 308 2521 καταπλέξας
327 2437 390 2527 τήν
412 2442 529 2529 ὁήσιν,
550 2442 717 2528 ἐσβαίνειν
737 2440 868 2508 έκέλευε
888 2440 921 2518 ές
943 2437 1002 2518 τάς
1019 2440 1105 2516 νέας.

106 2531 171 2605 Καὶ
187 2528 279 2605 οὗτοι
290 2539 352 2624 μέν
364 2534 404 2625 δή
418 2540 602 2627 ἐσέβαινον,
619 2540 675 2606 καί
684 2528 775 2625 ήκεή
790 2534 849 2605 ἀπ’
862 2542 1003 2624 Αἰγίνης
1013 2535 1105 2623 τριή-

106 2661 183 2721 ρης,
199 2631 223 2721 ή
232 2632 315 2703 κατά
327 2634 407 2716 τοὺς
417 2642 578 2716 Αἰακίδας
592 2634 791 2723 ἀπεδήμησε.
814 2638 963 2705 ένθαῦτα
979 2634 1107 2723 ἀνῆγον

105 2732 163 2813 τάς
177 2736 254 2815 νέας
269 2733 399 2816 ἁπάσας
415 2743 449 2806 οἰ
460 2736 625 2824 Ἕλληνες.
646 2734 895 2824 Ἀναγομένοισι
913 2739 952 2804 δέ
966 2757 1027 2823 σφι
1043 2732 1107 2821 αά-
1121 2743 1155 2800 84

98 2827 573 2923 ’τίκαέπεκέατοοίβάρβαροι
597 2830 1105 2923 οἰμὲνδήάλλοιἝλληνεςβπί]

105 2932 264 3020 πρύμνην
278 2928 503 3022 ἀνεκρούοντο
524 2939 579 3006 καί
594 2933 740 3008 ὤκελλον
760 2931 818 3015 τάς
831 2937 924 3023 νέας,
942 2932 1106 3023 Ἀμεινίης

105 3032 141 3100 δὲ
155 3027 352 3116 Παλληνεὺς
366 3028 452 3120 ἀνήρ
470 3030 646 3121 Ἀθηναίος
661 3035 852 3122 ἐξαναχθεὶς
865 3039 924 3121 νηῒ
939 3034 1102 3121 ἐμβάλλει.

104 3135 351 3215 συμπλακείσης
367 3129 404 3197 δέ
417 3137 474 3217 τῆς
488 3127 564 3211 νεδς
579 3135 633 3200 καί
648 3129 690 3199 οδ
700 3136 899 3219 δυναμένων
912 3128 1104 3218 ἀπαλλαγή-

104 3255 177 3312 ναι,
199 3223 288 3294 οὕτω
303 3223 343 3314 δή
358 3233 393 3297 οί
406 3226 501 3298 άλλοι
513 3227 659 3320 Ἀμεινίη
672 3234 874 3319 βοηθέοντες
889 3232 1101 3316 συνέμισγον.

101 3324 272 3412 Ἀθηναῖοι
285 3326 348 3412 μέν
360 3325 448 3394 οὕτω
459 3333 595 3414 λέγουσι
605 3335 664 3416 τῆς
676 3334 859 3417 ναυμαχίης
868 3330 1028 3414 γενέσθαι
1041 3325 1104 3414 τήν
1147 3374 1155 3381 -

103 3418 223 3508 ἀρχὴν,
241 3427 416 3571 ΑἰγρΙνήται
433 3427 469 3494 δέ
489 3423 550 3513 τήν
565 3423 649 3494 κατά
662 3424 741 3505 τοὺς
755 3429 916 3502 Αἰακίδας
929 3421 1103 3575 ήήιοδημή-

185 3531 284 3571 mol).
