2618 3928
199 277 260 341 138
576 265 826 324 HERODOTI

198 435 419 527 καταβάλλειν
434 429 594 500 ἐκέλευε”
579 451 635 492 ινα
650 419 911 508 ἐπιτηδεότατον
924 431 986 507 είη,
1000 415 1104 487 ἄλλον
1118 414 1206 503 άλλη

198 541 391 629 άγινέουτας
405 526 523 603 ὁλκάσι
535 554 570 596 τε
581 529 637 594 καί
648 530 866 611 πορθμηίοισι
878 525 965 592 ἐκ
925 549 983 610 της
993 518 1101 604 Ἀσίης
1114 540 1205 584 παν-

198 639 351 727 ταχόθεν.
374 630 435 702 τὸν
450 631 487 701 δέ
471 621 547 699 ἐάν
561 634 717 694 πλεῖστον
731 626 764 702 ἐς
775 620 941 709 Λευκηυ’
922 619 1028 707 ακτὴν
1041 617 1205 703 καλεομέ-

196 765 285 908 999
275 742 332 823 τῆς
347 737 492 820 Θρηίκης
503 725 696 813 άγίνεον,οί
662 722 742 790 οίδδ
756 723 789 799 ἐς
804 719 990 808 Τυρόδιζαν
1003 744 1067 805 την
1076 724 1205 803 Περιν·

293 833 404 921 ,οίδὲ
341 831 452 908 ίές
464 832 554 914 Δορί
553 845 688 909 σκον,ο
670 825 704 890 oc
717 823 754 888 δὲ
769 823 802 900 ἐς
811 816 928 888 Ἠιόνα
944 815 1007 904 τὴν
1021 818 1074 884 ἐπὶ
1087 823 1205 901 Στρυ-

197 844 293 1025 μάνι,
311 932 445 1007 οίδὲδές
459 928 679 1009 Μακεδονίην
693 925 951 1006 διατεταγμένοι.

148 1055 183 1110 96
277 1035 331 1104 Ἐν
347 1060 372 1124 ω
359 1020 478 1098 τ’δέ
436 1052 530 1096 ουτοι
540 1021 601 1093 τὸν
613 1026 834 1108 προκείμενον
845 1020 954 1087 πόνον
964 1012 1203 1102 ἐργάζονταέν

195 1132 303 1224 τούτῳ
315 1159 333 1200 ο
320 1103 478 1209 ’πεζὸς”
455 1148 542 1202 απας
556 1116 853 1205 συλλελεγμένος
830 1144 899 1203 αμα
909 1118 1014 1203 ,Ξέρξη
1025 1109 1204 1198 ἐπορεύετο

196 1236 229 1313 ἐς
240 1230 377 1317 Σάρδις,
395 1230 431 1294 ἐκ
442 1221 640 1310 Κριτάλλων
655 1216 816 1305 ὁρμηθεὶς
828 1223 897 1284 τόν
911 1218 948 1284 ἐν
963 1213 1202 1295 Καππαδοκίῃ·

197 1333 346 1400 ἐνθαῦτα
360 1323 425 1413 γάρ
442 1332 552 1409 εἴρητο
567 1321 791 1403 συλλέγεσθαι
804 1314 914 1383 πάντα
933 1310 994 1382 τόν
1014 1305 1087 1380 κατ’
1106 1303 1204 1394 ἥπει·

198 1454 261 1517 ρον
275 1419 475 1512 μίλλοντα”
452 1446 520 1506 αμα
535 1415 626 1508 αὐτῷ
643 1418 748 1534 Ξέρξη
761 1406 968 1501 πορεύεσθαι
983 1407 1134 1496 στρατόν.
1166 1401 1204 1484 99

197 1526 259 1609 μέν
270 1503 1201 1639 ννντῶνὺπάρχωνστρατόνκάλλισταέσταλμένονάγα·

197 1619 270 1709 γών
280 1615 321 1685 τά
336 1622 539 1703 προκείμενα
543 1638 644 1735 παρα
633 1610 813 1699 βασιλέος
830 1615 928 1732 ἐλριβε
942 1613 1044 1696 δῶρα,
1062 1604 1125 1675 οὐκ
1138 1610 1204 1691 ἐγω

198 1715 342 1806 φράσαι·
365 1709 495 1781 ουδὲ
454 1737 520 1799 γαρ
533 1736 639 1800 αρχηυ
651 1712 684 1788 ἐς
695 1715 807 1797 κρίσιν
819 1734 943 1778 τουτου
953 1712 1030 1795 πέρι
1041 1704 1204 1780 ἐλθοντας

199 1814 284 1885 οἶδα.
306 1811 390 1881 οίδδ
405 1813 523 1881 ἐπείτε
536 1806 783 1898 διαβαυτεςτον
796 1806 901 1878 ’Ἅλυν
911 1803 1062 1893 ποταμόν
1078 1800 1202 1890 ὡμίλη-

199 1939 263 1985 σαν
278 1940 318 2003 τη
303 1918 481 2001 Φρυγίη,
506 1908 551 1978 δι’
571 1908 673 1995 αὐτῆς
689 1907 911 1995 πορευόμενοι
925 1906 1148 1993 παρεγένοντο
1169 1900 1202 1977 ἐς

198 2008 382 2096 Κελαινάς,
407 2014 465 2077 ἵνα
486 2011 588 2096 πηγαί
607 2004 805 2075 άναδιδοῢσι
822 2004 1030 2092 Μαιάνδρου
1050 2002 1204 2084 ποταμοῦ

197 2113 254 2181 καὶ
275 2112 390 2198 ἑτέρον
418 2106 481 2177 οὐκ
476 2092 723 2193 ἐλάσσονοςῆ
747 2105 969 2191 Μαιάνδρου,
1001 2109 1047 2194 τῷ
1073 2098 1203 2185 οὕνομα

198 2210 356 2298 τυγχάνει
370 2206 428 2278 ἐὸν
443 2204 735 2295 Καταρρήκτης,
711 2203 752 2325 99
767 2207 799 2286 ἐξ
818 2202 920 2291 αὐτῆς
935 2210 992 2290 τῆς
1006 2199 1132 2289 ἀγορῆς
1144 2204 1204 2283 τῆς

198 2311 391 2380 Κελαινέων
411 2302 601 2376 άνατέλλων
626 2307 660 2382 ἐς
686 2301 747 2372 τὸν
767 2305 970 2389 Μαίανδρον
997 2301 1137 2382 ἐκδιδοι,
1165 2297 1204 2362 ἐν

198 2433 238 2495 τη
223 2397 337 2475 καὶ
322 2428 341 2469 ο
354 2428 416 2471 τον
401 2408 580 2489 Σιληνοῦ
596 2401 770 2489 Μαρσύεω
787 2397 889 2479 ἆσκός
906 2401 944 2468 ἐν
963 2424 1003 2486 τη
988 2390 1137 2465 πόλι’
1119 2418 1205 2461 ανα-

198 2507 373 2593 κρέμαται,
394 2498 455 2570 τὸν
466 2497 533 2569 ὑπὸ
552 2505 700 2588 Φρυγῶν
715 2501 814 2587 λόγος
832 2496 929 2586 ἔχει’
911 2495 977 2566 υπδ
997 2492 1205 2569 ’Λπόλλωνος

149 2618 183 2675 97
200 2602 380 2690 ἐκδαρέντα
395 2597 702 2722 ἀνακρεμασθῆναι.
739 2596 794 2667 Ἐν
806 2599 911 2685 ταύτῃ
926 2621 966 2684 τη
951 2588 1091 2662 πόλι’
1073 2614 1206 2659 υποκα-

199 2701 340 2789 τήμενος
355 2695 522 2778 Πύθιος*
507 2725 526 2767 ο
539 2694 695 2777 ''Arvo9’
670 2696 763 2785 ανὴρ
776 2693 889 2775 Λυδὸς
905 2699 1042 2775 ἐξείνισε
1061 2687 1124 2778 τὴν
1140 2696 1203 2776 βα-

199 2800 308 2876 σιλέος
329 2793 487 2882 στρατιὴν
508 2802 621 2864 πᾶσαν
644 2800 795 2876 ξεινίοισι
818 2799 999 2882 μεγίστοισι
1020 2791 1076 2858 καὶ
1099 2783 1205 2855 αὐτὸν

199 2896 332 2981 Ξέρξεα,
346 2894 496 2997 χρηματά
510 2919 546 2962 τε
561 2897 779 2982 ἐπηγγέλλετο
794 2893 999 2982 βουλόμενος
1016 2885 1098 2969 ἐς
1063 2913 1125 2957 τον
1138 2883 1205 2954 πό-

200 3005 302 3080 λεμον
325 2992 490 3076 παρέχειν.
526 2993 850 3085 ἐπαγγελλομένου
839 2992 876 3059 δὲ
895 2989 1046 3081 χρήματα
1066 2989 1205 3062 Πυθίου
1287 3014 1296 3025 .

200 3102 306 3181 είρετο
320 3093 443 3178 Ξέρξης
456 3093 615 3178 Περσέων
628 3092 708 3214 9099
724 3093 926 3183 παρεόντας,
947 3096 996 3167 τίς
1012 3112 1048 3155 τε
1065 3079 1162 3154 ἐοὶν’
1142 3107 1207 3149 av«

200 3192 292 3278 δρῶν
306 3186 439 3269 Πύθιος
452 3192 508 3257 καὶ
521 3189 606 3259 κόσα
618 3192 769 3297 χρήματα
783 3190 960 3315 ἐκτημένος
971 3185 1206 3271 ἐπαγγέλλοιτο
1281 3224 1287 3233 ·

200 3296 313 3358 ταῦτα
338 3294 371 3358 ολ
384 3290 420 3358 δὲ
435 3287 548 3357 εἶπαν
574 3284 615 3358 Ω
629 3289 785 3381 βασιλεῦ,
808 3283 907 3367 οὗτός
921 3288 1006 3369 ἐστι,
1024 3280 1066 3361 99
1079 3306 1130 3349 τοι
1144 3275 1206 3345 τόν
1295 3360 1296 3365 ¹

200 3390 326 3475 πατέρα
336 3397 485 3470 Δαρεῖον
496 3388 685 3475 ἐδωρησατο
695 3396 736 3479 τη
747 3392 956 3475 πλατανίστω
966 3409 1007 3471 τη
992 3381 1140 3467 χρνυέη
1149 3379 1206 3445 καί
1295 3466 1296 3475 ¹

198 3512 238 3572 τη
223 3482 448 3575 άμπέλω,“
428 3510 465 3562 ος
482 3487 538 3552 καὶ
552 3493 618 3553 νῦν
633 3489 700 3556 ἐστὶ
714 3511 845 3574 πρωτος
859 3480 1054 3570 ἀνθρώπων
1070 3476 1206 3566 πλοάτω
