2562 3926
184 251 246 319 ιεο
559 251 811 315 υτεοεοτι
860 234 865 247 ‘

183 412 398 504 οἳἘλλήνων
419 411 618 504 ἐχρήσαντο,
641 418 677 482 οί
692 414 755 509 μέν
774 412 957 504 πρότερον,
980 419 1015 484 οί
1030 416 1066 487 δέ
1086 412 1188 486 ύστε-

183 538 262 633 ρον,
279 509 324 595 ἀς
337 519 411 606 ίδίῳ
425 516 560 585 ἑωυτῶν
572 512 677 582 έόντι·
698 519 769 582 τόν
778 510 843 601 έγά
856 510 952 594 είδάς
962 511 1003 582 τά
1016 512 1188 603 οὐνόματα

182 636 224 679 ου
237 638 367 701 γράφω.

119 730 181 786 ἰθλ·
265 713 375 800 Μέχρι
393 716 456 799 μέν
476 737 542 779 νυν
557 709 770 798 Ῥαμψινίτου
793 709 946 800 βασιλέος
963 708 1108 789 εἶναι’έν
1122 717 1188 781 Αί-

180 807 297 901 γύττω
312 815 423 877 πᾶσαν
439 806 600 898 εὐνομίην
614 817 732 898 ἔλεγον
751 812 807 879 καὶ
822 806 1000 896 εὐθηνέειν
1013 820 1188 898 Αἴγυπτον

180 906 347 993 μεγάλως·
372 902 454 992 μετά
471 905 507 974 δὲ
522 913 644 975 τοῦτον
658 908 904 996 βασιλεύσαντά
918 927 1033 997 σφεων
1048 913 1187 980 Χέοπα

179 1007 213 1084 ές
239 1011 350 1073 πᾶσαν
375 1001 541 1092 κακότητα
571 1004 703 1074 έλάσαι·
742 1008 1006 1095 κατακληίσαντα
1035 1004 1101 1096 γάρ
1126 1030 1184 1093 μιν

179 1100 288 1171 πάντα
302 1098 342 1169 τά
363 1100 418 1188 ίρά
433 1109 548 1189 πρῶτα
562 1103 625 1189 μέν
645 1124 749 1190 σφεας
763 1109 913 1173 θυσιέων
928 1102 1082 1193 ἀπέρξαι,
1101 1102 1184 1192 μετά

179 1202 216 1271 δέ
227 1197 424 1287 ἐργάξεσθαι
437 1200 550 1291 ἑωυτῷ
561 1202 712 1271 κελεύειν
723 1203 852 1281 πάντας
862 1209 1075 1288 Αἰγυπτίους.
1098 1215 1184 1270 τοῖσι

178 1299 240 1386 μέν
264 1295 305 1384 δὴ
332 1292 555 1385 ἀποδεδέχθαι
581 1302 712 1369 ἐκτῶν
739 1304 958 1387 λιθοτομιέων
981 1309 1049 1370 τῶν
1074 1303 1112 1369 έν
1135 1309 1183 1391 τῷ

173 1396 315 1489 Ἀραβίρι
329 1395 440 1485 ούρεί,
462 1400 499 1466 έκ
513 1398 645 1467 τούτων
661 1401 770 1469 ἕλκειν
784 1406 904 1480 λίθους
918 1402 1012 1490 μέχρι
1025 1407 1086 1470 τού
1097 1409 1182 1470 Νεί-

177 1508 256 1569 λου·
291 1502 596 1586 διαπεραιωθέντας
614 1501 651 1570 a}
671 1500 732 1570 τόν
757 1497 908 1588 ποταμόν
934 1505 1078 1570 πλοίοισι
1101 1497 1182 1579 τούς

176 1604 296 1676 λίθους
317 1599 456 1684 ἑτέροισι
470 1603 561 1681 ἔταξε
581 1602 776 1670 ἐκδέκεσθαι
797 1602 852 1669 καί
871 1597 956 1688 πρὸς
974 1597 1011 1669 τό
1028 1596 1182 1688 Λιβυκόν

176 1693 385 1782 καλεόμενον
410 1690 530 1783 οὖρος,
558 1694 643 1783 πρὸς
666 1704 764 1767 τοῦτο
790 1700 907 1768 ἕλκειν.
940 1699 1116 1787 ἐργάζοντο
1144 1697 1182 1766 δέ

176 1789 260 1861 κατά
279 1797 359 1863 δέκα
372 1794 539 1882 μυριάδας
556 1791 752 1883 ἀνθρώπων
767 1799 830 1865 αίεί
851 1794 913 1884 τὴν
928 1804 1089 1885 τρίμηνον
1101 1795 1182 1864 έκά-

178 1911 268 1979 στην.
290 1890 416 1981 χρόνον
429 1894 466 1963 δὲ
483 1896 679 1980 ἐγγενέσθαι
690 1896 874 1986 τριβομένῳ
889 1903 934 1986 τῷ
945 1900 1013 1988 ληῷ
1025 1898 1104 1965 δέκα
1117 1895 1182 1981 μέν
1277 1904 1278 1909 ’

177 1997 251 2061 έτεα
266 1998 324 2079 τῆς
338 1990 422 2063 ὁδοῦ
437 1990 510 2061 κατ’
525 1991 570 2080 ἢν
588 1987 700 2062 εἷλκον
714 1989 793 2072 τούς
806 2000 944 2081 λίθους,
969 1991 1031 2082 την
1044 1996 1182 2078 ἔδειμαν

177 2099 277 2180 ἔργον
290 2088 355 2162 έδν
372 2091 413 2163 ού
434 2102 546 2186 πολλῷ
570 2096 633 2185 τέω
655 2099 797 2163 ἔλασσον
818 2099 876 2181 τῆς
901 2097 1102 2181 πυραμίδος,
1133 2089 1181 2172 ὡς

176 2193 248 2280 ἐμοὶ
264 2194 394 2261 δοκέειν
408 2199 479 2282 (τῆς
492 2190 557 2279 γάρ
568 2198 671 2280 μῆκος
684 2193 747 2278 μέν
761 2197 823 2260 είσι
838 2192 937 2260 πέντε
951 2190 1096 2278 στάδιοι,
1106 2208 1109 2213 ’
1118 2182 1182 2257 εύ-

176 2313 235 2375 ρος
250 2293 286 2358 δὲ
300 2294 380 2360 δέκα
394 2287 543 2379 ὀργυιαί,
564 2289 651 2373 ὕψος
666 2290 720 2378 δὲ,
742 2297 783 2379 τῇ
799 2287 990 2376 ὑψηλοτάτη
1006 2282 1177 2374 έστδαύτὴ

176 2395 315 2477 ἑωυτῆς,
338 2386 422 2459 όκτά
439 2389 588 2479 όργνιαδ,
609 2397 712 2459 λίθου
726 2414 761 2458 τε
776 2392 893 2470 ξεστοῦ
907 2390 963 2457 καί
977 2384 1069 2478 ζῴων
1082 2387 1180 2472 έγγε·

173 2489 403 2575 γλυμμένων),
423 2489 546 2576 ταύτης
565 2514 601 2557 τε
623 2487 667 2576 δη
686 2485 726 2556 τά
750 2489 829 2555 δέκα
849 2493 923 2555 ἔτεα
942 2484 1101 2572 γενέσθαι
1121 2486 1179 2551 καὶ

173 2592 240 2655 τάν
255 2588 308 2655 έπὶ
327 2594 389 2656 τοῦ
409 2586 536 2677 λόφου,
562 2584 615 2658 ἐπ’
633 2581 676 2656 οὗ
696 2589 808 2656 έστάσι
829 2589 867 2654 αί
884 2588 1084 2674 πυραμίδες,
1106 2588 1178 2651 τῶν

172 2682 240 2755 ὑπό
255 2691 320 2774 γῆν
334 2687 535 2775 οίκημάτωυ,
552 2683 611 2766 τάς
623 2688 767 2755 ἐποιέετο
777 2685 889 2773 θήκας
899 2685 1012 2774 ἑωυτῷ
1024 2685 1061 2751 έν
1071 2679 1177 2771 νάσῳ,
1273 2758 1274 2767 ,

173 2781 321 2869 διάρυχα
340 2791 402 2853 τοῦ
425 2791 553 2854 Νείλου
576 2782 759 2870 έσαγαγόν.
790 2788 830 2871 τῇ
851 2783 888 2849 δὲ
909 2784 1070 2867 πυραμίδι
1090 2775 1177 2868 αὐτῇ

170 2879 296 2970 χρόνον
310 2885 469 2968 γενέσθαι
491 2895 597 2954 είκυσι
612 2890 686 2954 έτεα
702 2885 901 2969 πονευμένη,
922 2888 980 2969 τῆς
1001 2882 1068 2951 έστλ
1087 2905 1178 2950 παν-

170 2986 252 3070 ταχῇ
266 2983 418 3068 μέτωπον
429 2985 570 3053 ἕκαστον
584 2980 671 3054 ὀκτώ
686 2987 817 3076 Ιπλέθρα
831 2981 950 3068 έοάσης
962 2981 1178 3069 τετραγώνου

170 3075 325 3159 καλύψας
345 3088 436 3168 ίσον,
457 3089 559 3152 λίθου
582 3083 618 3152 δὲ
635 3088 751 3164 ξεστοῦ
766 3107 802 3150 τε
822 3084 878 3150 καὶ
899 3078 1114 3168 ἁρμοσμένου
1133 3079 1176 3148 τά
1272 3140 1273 3147 ,

169 3178 328 3268 μάλιστα·
352 3177 460 3259 οὐδεὶς
474 3189 543 3251 τεόν
563 3191 672 3253 λίθων
687 3180 867 3268 τριήκοντα
882 3184 997 3248 ποδῶν
1011 3177 1175 3249 ἐλάσσων.

111 3291 158 3344 125
165 3270 325 3368 Ἐποιηθη
342 3278 379 3349 δέ
400 3272 465 3348 τόδε
480 3281 564 3371 αὕτη
584 3281 784 3371 ηπυραμὶς,
806 3276 1016 3367 ἀναβαθμῶν
1034 3274 1176 3365 τρόπον,

168 3378 228 3465 τάς
248 3383 448 3472 μετεξέτεροι
472 3384 633 3471 κρόσσας,
662 3387 697 3452 οί
710 3380 746 3450 δὲ
766 3383 914 3469 βωμίδας
933 3374 1175 3467 ούνομάζονσι·

166 3482 325 3579 τοιαύτην
350 3478 387 3554 τό
413 3488 548 3575 πρῶτον
572 3486 682 3559 ἐπείτε
723 3486 883 3577 ἐποίησαν
907 3474 1029 3573 αὐτην,
1061 3474 1177 3577 ἤειρον
