2618 3928
197 256 256 318 134
570 259 821 317 HERODOTI

193 424 290 505 θείης
305 414 422 505 ἀνήκει
436 424 553 503 τοῦτο,
570 415 590 484 ό
604 441 635 483 τι
650 415 692 502 δή
707 419 784 485 κοτέ
797 404 865 484 ἐστι
879 414 916 484 τό
934 417 1205 506 ἐπιφαινόμενόν
1290 414 1292 435 ²

195 540 245 583 τοι
266 517 304 583 έν
321 522 368 606 τῷ
384 514 499 607 όπνμ,
523 513 608 583 ὥστε
630 514 719 594 δόξει
739 511 795 600 ἐμὲ
810 510 902 600 ὁρῶν
921 517 962 583 σὲ
979 514 1081 604 εἶναι,
1101 526 1142 606 τῇ
1157 529 1205 608 σῇ

194 617 310 702 ἐσθῆτι
321 614 593 700 τεκμαιρόμενον.
608 617 638 680 εί
647 613 749 698 δδέμὲ
756 611 819 697 μέν
827 613 865 679 ἐν
874 609 988 682 οάδενί
999 615 1089 706 λόγῳ
1100 617 1205 702 ποιή-
1291 652 1294 693 γ

195 733 286 781 σεται
299 710 379 781 ούδέ
389 709 523 792 ἀξιώσει
537 713 751 796 ἐπιφανῆναι,
764 707 842 776 οὔτε
852 705 896 795 ἢν
906 708 969 797 τήν
980 709 1065 798 έμήν
1074 714 1204 800 ἐσθῆτα
1293 710 1294 771 ο

195 815 258 896 ἔχω
272 807 350 878 ούτε
365 805 410 896 ήν
423 807 486 896 τήν
501 807 581 896 σήν,
597 810 634 877 σε
651 809 687 876 δέ
702 809 926 894 ἐπιφοιτήσει,
940 817 1040 878 τοῦτο
1054 808 1118 898 ήδη
1134 838 1201 897 μοι·

194 905 320 992 θητέον
334 908 419 973 ἐστι’·
441 912 472 975 εί
482 903 547 994 γὰρ
564 904 605 993 δή
621 904 846 992 έπιφοιτήσειέ
853 931 892 991 γε
904 910 1077 993 συνεχέως,
1094 915 1203 996 φαίην

177 1064 180 1071 ,
196 1001 240 1072 ἀν
254 1005 310 1072 καὶ
326 1001 428 1083 αύτός
443 1014 542 1074 θείου
559 1003 653 1074 εἶναι.
684 1010 716 1073 εί
726 1005 765 1072 δέ
784 1030 836 1073 τοι
854 1003 942 1074 οὕτω
958 1008 1133 1096 δεδόκηται
1146 1016 1203 1095 γί-

196 1112 317 1172 νεσθαι
326 1102 382 1169 καί
392 1098 456 1170 ούκ
466 1095 522 1170 οίά
530 1125 566 1169 τε
577 1098 659 1169 αότά
668 1106 887 1190 παρατρέψαι,
895 1101 963 1170 ἀλλ’
973 1100 1052 1190 είδή
1063 1109 1129 1175 δέει
1143 1106 1203 1190 έμε

197 1205 234 1269 ἐν
249 1206 342 1287 κοίτη
358 1206 399 1289 τῇ
415 1208 457 1290 σή
471 1208 702 1288 κατυπνῶσαι,
718 1202 818 1289 φέρε,
840 1201 970 1270 τούτων
984 1204 1017 1283 έξ
1033 1205 1114 1290 ἐμεῦ
1127 1205 1203 1272 έπι-

196 1300 406 1386 τελευμένων
420 1301 559 1389 φανήτω
572 1303 627 1371 καί
641 1305 722 1387 ἐμοί.
752 1303 845 1388 μέχρι
861 1302 898 1369 δέ
916 1303 1040 1372 τούτου
1054 1312 1094 1393 τῇ
1113 1328 1203 1391 παρ·

151 1417 183 1473 17
200 1401 302 1489 εούση
317 1400 435 1488 γυιόμη
444 1402 616 1490 χρήσομαι.
644 1406 797 1468 Τοσαῦτα
812 1409 906 1479 τίτας
918 1397 1129 1488 Ἀρτάβανος,
1145 1403 1203 1470 έλ-

197 1504 300 1578 πιῖων
322 1501 445 1583 Ξέρξεα
466 1496 640 1577 ἀποδέξειν
659 1500 799 1584 λέγοντα
819 1494 937 1587 οὐδέν,
960 1501 1067 1567 ἐποίεε
1087 1496 1124 1566 τό
1143 1524 1203 1566 κε-

197 1597 399 1681 λευόμενον·
422 1593 521 1674 ἐνδύς
535 1599 572 1663 δέ
586 1596 647 1683 τήν
660 1599 788 1684 Ξέρξεω
799 1597 924 1684 ἐσθῆτα
934 1598 989 1665 καί
1005 1596 1153 1684 ίζόμευος
1168 1599 1204 1673 ές

197 1692 258 1761 τὸν
278 1692 455 1783 βασιλήιον
473 1691 605 1781 θρόνον
628 1691 672 1773 ὡς
691 1692 773 1779 μετὰ
788 1699 892 1760 ταῦτα
913 1694 1201 1785 κοίτονέττοιεέτο,
1271 1772 1278 1783 ,

196 1785 285 1877 ήλθέ
294 1796 328 1861 οί
336 1792 584 1883 κατυπνωμένῳ
595 1789 702 1859 τώυτό
715 1790 860 1877 ὄνειρον,
870 1787 908 1858 τό
917 1791 972 1858 καὶ
982 1788 1203 1876 παράΞέρξεοι
1298 1816 1299 1825 ’

198 1894 331 1979 έφοίτα,
349 1889 520 1978 ὑπερστὰν
540 1893 576 1960 δέ
591 1899 651 1961 τοῦ
665 1890 868 1979 Ἀρταβάνου
883 1889 953 1959 εἷπε
967 1890 1062 1959 τάδε·
1089 1888 1144 1958 Σύ
1159 1886 1201 1974 δή

198 1993 325 2069 ἐκεῖνος
339 1988 384 2069 εἷς
406 1989 425 2058 ὁ
441 1988 666 2060 ἀποσπεύδων
680 1992 802 2073 Ξέρξεα
815 1989 1058 2075 στρατεύεσθαι
1072 1991 1124 2058 ἐπὶ
1138 1985 1203 2072 τήν

192 2087 334 2158 Ἑλλάδα
355 2086 400 2169 ὡς
420 2086 461 2177 δή
482 2087 667 2177 κηδόμενος
682 2086 803 2168 αύτοῦ;
830 2085 904 2157 ἀλλ’
922 2087 999 2156 οὕτε
1018 2090 1051 2167 ἐς
1070 2085 1107 2155 τὸ
1123 2111 1204 2172 μετ·

199 2190 328 2257 έπειτεν
342 2186 419 2256 οὔτε
434 2190 468 2266 ές
478 2184 516 2255 τό
532 2192 719 2271 παραυτίκα
735 2194 801 2253 νῦν
811 2190 1043 2275 καταπροίξεαι
1055 2183 1204 2269 ἀποτρά·

199 2311 274 2356 πων
286 2285 324 2353 τό
338 2284 447 2374 χρεων
456 2290 627 2372 γενέσθαι,
642 2289 764 2375 ,Ξέρξεα
777 2287 814 2355 δὲ
826 2283 868 2354 τά
881 2288 949 2355 δέει
957 2283 1204 2373 ἀνηκουστέον-

152 2399 186 2454 18
198 2412 239 2453 τα
249 2393 385 2470 παθεῖν,
403 2380 493 2473 αύτῷ
508 2386 624 2475 ἐκείνῳ
639 2383 829 2472 δεδήλωται.
862 2384 974 2453 Ταύτά
988 2409 1023 2452 τε
1038 2379 1078 2468 δή
1090 2381 1204 2451 έδόκεε

197 2480 396 2567 Ἀρτάβανος
409 2477 447 2548 τό
463 2479 599 2565 ὄνειρον
612 2479 777 2551 ἀπειλέειν
791 2484 847 2552 καί
856 2493 1012 2569 θερμοῖσι
1023 2485 1204 2567 σιδηρίοισι

200 2582 345 2648 ἐκκαίειν
359 2574 465 2646 αύτού
481 2580 615 2666 μέλλειν
627 2577 708 2659 τούς
728 2577 937 2666 ὀφθαλμούς.
965 2579 1020 2647 καί
1035 2576 1072 2657 ὃς
1086 2574 1204 2663 ἀμβό-

199 2700 259 2758 σας
269 2680 352 2766 μέγα
359 2675 574 2765 ἀναθρώσκει
582 2686 638 2751 καὶ
646 2682 864 2768 παριζόμενος
869 2684 984 2769 Ξέρξη,
993 2677 1038 2758 ὡς
1048 2677 1110 2766 τήν
1121 2676 1204 2759 ὅφιν

199 2783 234 2846 ολ
244 2784 305 2844 τοῦ
320 2779 483 2847 ἐνυπνίου
497 2781 651 2866 διεξῆλθε
665 2778 902 2865 ἀπηγεόμενος,
917 2777 1057 2865 δεύτερά
1068 2780 1104 2844 οί
1113 2780 1203 2861 λέγει

198 2877 294 2945 τάδε·
312 2876 394 2963 ’mab
405 2878 477 2966 μέν,
494 2873 521 2947 τό
532 2886 681 2966 βασιλεύ,
695 2874 749 2946 οἷα
760 2878 942 2966 ἄνθρωπος
952 2874 1036 2946 ίδδν
1044 2872 1108 2962 ήδη
1119 2882 1205 2941 πολ-

200 2977 242 3045 λά
255 3001 290 3043 τε
305 2979 360 3045 καὶ
374 2979 501 3066 μεγάλα
515 2978 660 3046 πεσόντα
676 2978 853 3065 πρήγματα
866 2973 934 3044 ὑπὸ
949 2973 1115 3059 έσσόνων,
1138 2968 1204 3040 οὐκ

199 3080 265 3143 ἔων
279 3095 316 3144 σε
331 3072 372 3143 τά
386 3075 496 3143 πάυτα
509 3081 550 3164 τῇ
562 3072 675 3165 ἡλικίη
690 3086 809 3164 είκειν,
827 3076 1059 3162 ἐπιστάμενος,
1081 3070 1126 3152 ὡς
1139 3098 1205 3140 κα·

199 3171 262 3242 κόν
277 3183 328 3261 εἴη
343 3171 380 3242 τό
395 3180 532 3243 πολλῶν
547 3178 759 3265 ἐπιθυμέειν,
775 3179 983 3266 μεμνημένος
997 3178 1061 3264 μὲν
1073 3173 1135 3243 τόν
1149 3175 1204 3242 ἐπί

205 3273 422 3356 Μασσαγέτας
435 3271 555 3357 Κύρου
572 3275 693 3343 στόλου
716 3273 762 3355 ὡς
782 3280 917 3362 ἔπρηξε,
939 3276 1148 3363 μεμνημένος
1165 3272 1205 3341 δέ

199 3369 255 3433 καί
268 3363 329 3433 τὸν
342 3363 394 3432 ἐπ’
410 3372 579 3448 Αἰθίοπας
592 3369 654 3439 τόν
667 3374 873 3460 Καμβύσεω,
894 3370 1205 3459 συστρατευόμενος

200 3466 236 3528 δὲ
250 3464 305 3528 καὶ
316 3468 450 3552 Δαρείῳ
467 3466 520 3532 έπί
532 3470 682 3548 Σκύθας.
705 3472 922 3556 ἐπιστάμενος
934 3463 983 3537 τόν
993 3475 1097 3539 ταῦτα
1111 3469 1205 3556 γνω-
