2606 3920
165 248 169 255 ’
217 247 280 311 260
593 248 841 306 HERODOTI

217 407 235 478 ὁ
251 407 433 494 στρατηγὸς
452 406 662 494 Ἀριαβίγνης
676 404 694 473 ὁ
709 414 876 494 Δαρείου,
893 412 1021 495 Ξέρξεω
1042 408 1109 477 ἐάν
1124 409 1220 479 ἀδελ-

217 506 314 594 φεός,
339 504 404 575 ἀπὸ
423 509 460 576 δέ
480 505 575 575 ἄλλοι
590 510 712 573 πολλοί
720 530 756 572 τε
772 508 827 571 καὶ
848 502 1049 591 ούνομιιστοὶ
1063 511 1223 595 Περσέων

217 605 273 674 καὶ
287 606 419 692 Μήδων
438 608 493 673 καὶ
513 610 582 693 τῶν
602 601 714 670 ἀλλων
734 602 934 690 συμμάχων,
955 600 1062 689 ὀλίγοι
1078 608 1117 673 δέ
1134 631 1222 683 τινες

218 701 458 789 καὶἘλλήνοιν.
480 700 539 769 ἅτε
552 698 618 785 γὰρ
633 703 723 767 νέειν
740 701 969 786 ἐπιστάμενοι,
993 715 1078 769 τοῖσι
1098 707 1136 769 αι’
1149 706 1221 780 νέες

218 805 471 888 διεφθείροντο,
492 802 548 866 καλ
566 795 611 883 μη
633 801 671 864 έν
686 803 807 883 χειρῶν
825 798 920 889 νόμρι
941 795 1167 884 ἀπολλύμενοι
1189 803 1219 877 ές

217 897 279 985 τὴν
290 906 466 983 Σαλαμῖνα
482 898 620 964 διένεον.
640 901 709 961 τῶν
719 896 756 962 δὲ
767 896 949 982 βαρβάρων
959 902 994 965 oc
1005 903 1123 966 πολλοὶ
1133 902 1172 966 ἐν
1181 906 1221 986 τῇ
1279 892 1281 899 X

216 995 372 1081 θαλάσσῃ
388 994 640 1080 διεφθάρησαν,
663 995 754 1059 νέειν
768 990 832 1059 ούιι
845 994 1068 1078 ἐπιστάμενοι.
1098 996 1170 1062 ἐπεὶ
1185 995 1220 1061 δὲ

217 1100 254 1164 αί
262 1101 391 1178 πρῶται
402 1096 436 1172 ές
445 1091 559 1179 φυγην
573 1090 767 1178 ἐτράποντο,
784 1095 934 1160 ἐνθαῦτα
944 1099 981 1160 αἱ
988 1102 1139 1162 πλεῖσται
1150 1100 1218 1162 διε-

216 1200 410 1280 φθείροντο.
434 1197 469 1260 οἱ
479 1189 544 1277 γάρ
556 1188 678 1258 ὄπισθε
688 1194 892 1276 τεταγμένοι,
907 1192 941 1269 ές
954 1188 992 1258 τό
1003 1190 1134 1278 πρόσθε
1144 1199 1220 1278 τῇσι

215 1294 315 1377 νηυσὶ
326 1292 480 1377 παριέναι
492 1288 692 1374 κειρόμενοι
705 1284 750 1366 ὡς
760 1285 1002 1373 ἀποδεξόμενοί
1008 1315 1041 1355 τι
1056 1293 1110 1356 καὶ
1125 1286 1221 1355 αύτολ
1280 1282 1281 1287 ’

216 1396 317 1477 ἔργον
331 1391 476 1475 βασιλέι,
496 1395 571 1476 τῇσι
592 1387 770 1474 σφετέρῃσι
786 1388 887 1471 νηυσὶ
900 1385 1108 1473 φευγούσῃσι
1122 1409 1220 1471 περι·
1280 1428 1281 1461 1

168 1504 204 1559 90
220 1492 366 1557 έπιπτον.
385 1485 532 1572 Ἐγένετο
543 1489 580 1555 δὲ
590 1490 645 1555 καλ
655 1487 733 1554 τόδε
746 1490 784 1554 έν
796 1492 842 1576 τῷ
851 1484 993 1575 θορύβφ
1006 1486 1129 1576 τούτῳ·
1150 1492 1220 1552 τῶν
1280 1526 1281 1563 ;

216 1586 304 1664 τινὲς
318 1591 499 1669 Φοινίκιον,
513 1591 581 1652 τῶν
591 1589 629 1653 αί
636 1589 708 1662 νέες
722 1585 941 1670 διεφθάρατο,
956 1583 1113 1662 ἐλθόντες
1127 1583 1218 1669 παρὰ
1280 1572 1281 1627 Ῑ

216 1686 352 1772 βασιλέα
364 1676 540 1770 διέβαλλον
549 1679 629 1761 τούς
635 1680 764 1768 Ἴωνας,
783 1681 827 1760 ὡς
838 1680 882 1749 δι’
898 1684 1047 1761 ἐκείνους
1057 1680 1220 1750 ἀπολοία-

216 1808 253 1850 το
265 1786 302 1849 αί
309 1782 392 1866 νέες,
408 1778 453 1860 ὡς
466 1780 671 1867 προδόντων.
701 1781 879 1866 συνήνεικε
892 1772 941 1848 όν
952 1777 1041 1847 οὕτω
1053 1777 1137 1847 ὥστε
1149 1775 1216 1846 ’Im'-

217 1905 287 1949 νων
297 1905 333 1948 τε
343 1877 422 1958 τούς
433 1877 638 1965 στρατηγούς
648 1878 693 1967 μὴ
705 1877 901 1965 ἀπολέσθαι,
913 1885 1083 1947 Φοινίκων
1092 1903 1129 1946 τε
1139 1877 1218 1955 τοὺς

216 1979 456 2067 διαβάλλοντας
472 1983 587 2064 λαβεῖν
600 1978 734 2045 τοιόνδε
748 1975 889 2063 μισθόν·
910 1981 957 2043 ἔτι
970 1977 1101 2043 τούτων
1114 1982 1218 2042 ταῦτα

214 2078 383 2163 λεγόντων
393 2079 529 2164 ἐνέβαλε
537 2081 597 2163 νηῒ
605 2074 733 2165 Ἀττικῇ
743 2080 978 2160 Σαμοθρηικίη
988 2080 1080 2160 νηῦς.
1096 2070 1166 2160 ἥτε
1177 2074 1217 2158 δὴ

213 2172 338 2261 Ἀττικὴ
353 2175 548 2259 κατεδύετο,
564 2178 619 2242 καὶ
634 2175 857 2259 ἐπιφερομένη
867 2178 1025 2258 Αἰγιναίη
1039 2179 1123 2258 νηῦς
1138 2198 1212 2238 κατ-

216 2276 314 2342 έδυσε
331 2277 400 2339 τῶν
412 2279 665 2358 Σαμοθρηίκων
684 2271 747 2357 τὴν
763 2273 831 2338 νέα.
855 2270 913 2337 ἀτε
929 2270 969 2355 δὴ
987 2269 1098 2349 έόντες
1114 2267 1219 2338 ἀκον-
1279 2284 1280 2301 ³

214 2371 321 2439 τισταλ
334 2373 368 2435 οἱ
376 2369 613 2455 Σαμοθρήίκες
625 2367 704 2447 τοὺς
715 2369 872 2455 ἐπιβάτας
883 2365 948 2436 ἀπό
959 2375 1017 2456 τῆς
1027 2369 1218 2436 καταδυσά·
1279 2432 1280 2435 ,

215 2487 275 2586 σῃς
288 2461 365 2543 νεός
379 2464 559 2551 βάλλοντες
573 2464 703 2553 ἀπήραξ
704 2495 747 2535 αν
687 2471 813 2546 ξκαὶ
823 2466 990 2553 ἐπέβησάν
1004 2492 1039 2534 τε
1052 2469 1108 2533 καὶ
1119 2472 1219 2552 ἔσχον
1279 2526 1280 2533 ,

214 2560 330 2649 αύτην
352 2568 457 2630 ταῦτα
476 2564 642 2651 γενόμενα
663 2564 742 2644 τούς
754 2565 873 2645 Ἴωνας
890 2564 1069 2651 έρρύσατο·
1094 2591 1138 2643 ως
1150 2590 1220 2649 γαρ
1279 2598 1280 2619 ÷

215 2659 284 2732 εἶδέ
294 2681 399 2748 σφεας
411 2666 533 2749 Ξέρξης
553 2669 654 2748 ἔργον
670 2666 754 2750 μέγα
774 2666 1037 2750 ἐργασαμένους,
1058 2661 1219 2748 ἐτράπετο
1279 2698 1280 2703 1

214 2758 298 2846 πρός
317 2758 398 2840 τούς
414 2768 574 2840 Φοίνικας
587 2755 640 2828 οἷα
655 2758 948 2847 ὑπερλυπεόμενός
963 2787 999 2828 τε
1016 2763 1071 2827 καὶ
1090 2759 1222 2836 πάντας
1279 2782 1280 2823 3

215 2856 425 2943 αἰτιώμενος,
440 2866 500 2928 καί
507 2879 623 2944 σφεων
633 2856 832 2926 έκελενσε
794 2885 853 2938 τας
864 2856 1012 2945 κεφαλας
1022 2856 1220 2942 αποταμεῑν,
1279 2908 1280 2927 ι

213 2958 270 3023 ἵνα
287 2954 331 3042 μὴ
354 2953 449 3025 αύτολ
468 2961 565 3026 κακοὶ
585 2957 761 3043 γενόμενοι
780 2955 860 3035 τούς
879 2955 1058 3044 ἀμείνονας
1078 2954 1221 3041 διαβάλ-

213 3063 305 3122 λασι.
335 3050 422 3133 όκοις
441 3055 506 3141 γάρ
527 3082 602 3124 τινα
622 3059 689 3124 ίδοι
703 3057 824 3140 Ξέρξης
844 3062 911 3122 τῶν
927 3057 1054 3122 ἑαυτοῦ
1070 3058 1172 3136 ἔργον
1189 3076 1223 3117 τι

213 3150 503 3238 ἀποδεικνύμενον
518 3158 556 3222 έν
569 3164 609 3244 τῇ
620 3161 803 3241 ναυμαχίῃ,
819 3150 1003 3237 κατήμενος
1014 3148 1080 3219 ὑπὸ
1095 3157 1141 3240 τῷ
1156 3149 1223 3218 οὔ·

214 3267 267 3333 ρει
280 3255 327 3341 τῷ
347 3247 463 3341 ἀντίον
477 3260 684 3339 Σαλαμῖνος,
705 3250 743 3319 τό
761 3253 912 3319 καλέεται
928 3250 1117 3335 Αἰγάλεως,
1138 3244 1224 3315 ἀνε·

213 3349 407 3418 πυνθάνεαι
418 3348 479 3418 τόν
489 3351 691 3438 ποιήσαντα,
707 3354 762 3417 καλ
776 3354 811 3416 ολ
819 3351 1060 3435 γραμματισταὶ
1074 3343 1224 3433 ἀνέγρα-

215 3476 283 3534 φον
298 3450 470 3537 πατρόθεν
483 3448 545 3519 τόν
557 3453 758 3539 τριήραρχον
769 3452 823 3518 καλ
838 3447 900 3536 τὴν
914 3445 1022 3516 πόλιν.
1044 3447 1128 3533 πρὸς
1139 3450 1181 3515 δέ
1190 3476 1222 3516 τι
