2606 3920
212 227 275 291 256
591 231 840 290 HERODOTI

157 426 160 429 ·
212 395 272 475 δης
286 387 529 478 όΛνσιμάχου,
546 387 632 477 άνήρ
643 386 820 476 Ἀθηναῖος
831 390 903 477 μὲν,
919 393 1223 480 ἐξωστρακισμένος
1279 398 1280 409 ’

212 493 249 560 δέ
263 487 330 559 ύπὸ
341 497 404 559 τού
415 490 536 578 δήμου,
550 489 611 558 τόν
620 486 685 576 ἐγω
697 488 868 576 νενόμικα,
883 490 1146 576 πυνθανόμενος
1157 488 1223 558 αύ-

212 595 274 657 τού
294 587 354 657 τδν
374 590 519 678 τρόπον,
542 588 680 678 ἄριστον
695 586 803 674 άνδρα
823 588 984 674 γενέσθαι
1004 590 1041 656 ἐν
1055 586 1220 677 Ἀθήνῃσι

212 689 267 755 καί
282 687 500 756 δικαιότατον.
525 681 624 767 οὗτος
639 684 731 774 ὡνήρ
744 683 823 764 στάς
837 688 890 754 ἐπὶ
906 684 944 755 τό
956 690 1137 776 συνέδριον
1149 690 1216 769 ἐξε-

212 789 346 855 καλέετο
358 788 592 875 Θεμιστοκλέα,
603 786 702 854 ἐόντα
712 785 774 873 μέν
785 786 898 876 έωντςό
910 782 952 854 ού
964 791 1075 872 φίλον,
1091 784 1220 872 ἐχθρὰν

212 883 250 952 δὲ
263 879 304 951 τά
319 884 476 971 μάλιστα·
500 880 567 952 ὑπὸ
579 886 615 952 δέ
631 881 798 970 μεγάθεος
812 887 881 949 τῶν
895 882 1091 970 παρεόντων
1102 889 1220 951 κακῶν

212 982 325 1070 λήθην
331 986 470 1052 ἐκείνων
480 982 883 1070 ποιεύμενοςέξεκαλέετο,
890 984 1018 1051 ἐθέλων
1028 982 1119 1075 αύτῷ
1131 1003 1213 1070 συμ-

211 1084 311 1168 μίξαι.
334 1081 542 1168 προακηκόεε
557 1080 605 1167 δὲ,
623 1078 674 1149 ὅτι
686 1079 865 1148 σπεύδοιεν
876 1083 910 1148 οί
920 1077 985 1148 άπδ
996 1083 1219 1170 Πελοποννή-

211 1199 275 1246 σου
292 1176 431 1265 άνάγειν
448 1177 508 1259 τὰς
519 1181 597 1258 νέας
612 1176 696 1264 πρὸς
711 1175 771 1248 τόν
784 1175 929 1266 Ἰσθμόν.
952 1176 996 1258 ὡς
1006 1179 1043 1248 δέ
1054 1182 1178 1266 ἐξῆλθέ
1187 1183 1221 1249 ολ

211 1279 462 1364 Θεμιστοκλέης,
475 1282 568 1364 ἐλεγε
578 1275 777 1364 Ἀριστείδης
786 1276 883 1345 τάδε·
899 1274 1020 1364 Ἡμέας
1030 1279 1220 1359 στασιάζειν
1280 1346 1281 1367 ,

211 1373 319 1459 χρεων
334 1377 403 1443 ἐστι
414 1381 453 1445 ἐν
465 1403 502 1444 τε
516 1384 562 1467 τῷ
578 1375 669 1468 άλλφ
682 1382 787 1466 καιρῷ
801 1377 857 1443 καλ
871 1372 912 1463 δή
930 1379 985 1445 καί
995 1378 1033 1445 ἐν
1046 1380 1131 1467 τῷδε
1141 1379 1218 1461 περὶ
1280 1382 1281 1389 ’

210 1477 272 1538 τοῦ
283 1468 439 1560 ὁκότερος
450 1471 563 1562 ήμέων
577 1477 665 1543 πλέω
677 1472 789 1561 άγαθά
801 1471 864 1562 τήν
878 1480 1019 1563 πατρίδα
1031 1474 1215 1561 ἐργάσεται.
1275 1502 1281 1537 ι

210 1573 298 1657 λέγω
310 1573 350 1638 δέ
357 1597 424 1658 τοι,
441 1571 488 1641 ότι
505 1583 580 1643 ἴσον
594 1578 661 1643 ἐστὶ
678 1574 786 1644 πολλά
800 1600 835 1642 τε
846 1578 901 1643 καλ
913 1572 1008 1661 ὀλίγα
1017 1577 1128 1661 λέγειν
1139 1576 1217 1660 περὶ
1259 1570 1265 1579 ’

211 1667 387 1737 ἀποπλόου
398 1678 458 1739 τού
470 1681 632 1742 ἐνθεῦτεν
638 1680 948 1760 Πελοποννησίοισι.
961 1670 1025 1761 ἐγδ
1036 1672 1101 1761 γάρ
1114 1672 1216 1742 αύτό-

211 1795 294 1856 πτης
309 1794 361 1838 τοι
376 1774 461 1858 λέγω
475 1775 673 1862 γενόμενος,
690 1772 741 1841 ὅτι
759 1781 824 1841 νύν
838 1770 912 1841 ούδ’
929 1769 972 1861 ἢν
989 1775 1130 1841 ἐθέλωσι
1145 1780 1216 1841 Κο-

212 1874 343 1958 ρίνθιοί
353 1896 388 1938 τε
403 1874 458 1940 καλ
473 1870 574 1952 αύτός
585 1871 800 1960 Εὐρυβιάδης
811 1867 880 1940 olo(
889 1897 924 1937 τε
941 1876 1072 1939 ἔσονται
1086 1872 1215 1939 ε’κπλιδ-

211 1986 284 2035 σαι·
308 1969 531 2058 περιεχόμεθα
546 1998 611 2058 γαρ
633 1968 699 2038 ὑπὸ
715 1977 782 2039 τῶν
799 1975 967 2055 πολεμίων
988 1967 1109 2059 κύκλφ.
1138 1963 1213 2036 ἄλλ’
1281 1970 1282 2033 λ

162 2080 197 2135 80
213 2067 363 2137 ἐσελθών
384 2090 445 2156 σφι
466 2077 569 2138 ταῦτα
592 2069 753 2156 σήμηνον.
790 2065 827 2136 ‘O
849 2063 880 2134 δ’
906 2063 1058 2154 ἀμείβετο
1075 2069 1215 2134 τοιαίδε·
1281 2070 1282 2141 ff

210 2164 327 2251 Κάρτα
347 2193 382 2235 τε
398 2165 522 2254 χρηστά
544 2167 752 2235 διακελεύεαι
766 2166 821 2233 καλ
838 2155 877 2232 εύ
896 2161 1058 2252 ἤγγειλας.
1092 2162 1134 2232 τὰ
1150 2160 1216 2251 γάρ
1281 2170 1282 2197 ¹

211 2259 276 2347 ἐγά
288 2262 430 2351 ἐδεόμην
439 2266 610 2351 γενέσθαι,
626 2261 726 2343 αύτδς
741 2260 908 2348 αὐτόπτης
921 2262 1101 2348 γενόμενος
1111 2260 1213 2348 ήκεις.
1281 2260 1282 2321 λ

211 2369 283 2428 ίσθι
300 2358 365 2449 γάρ
387 2364 419 2441 ἐξ
436 2364 510 2449 ἐμέο
526 2359 565 2430 τά
588 2363 772 2448 ποιεύμενα
790 2360 857 2430 ὑπὸ
875 2360 1014 2448 Μήδων.
1046 2365 1118 2429 ἔδεε
1137 2358 1215 2447 γὰρ,

211 2459 266 2529 ὅτε
281 2459 343 2529 ούκ
357 2461 489 2542 ἑκόντες
504 2460 632 2549 ήθελον
646 2467 679 2542 ἐς
693 2463 802 2550 μάχην
819 2469 1037 2531 κατίστασθαι
1053 2465 1087 2530 ot
1095 2459 1217 2548 Ἕλλη·
1234 2492 1239 2498 ·

210 2583 275 2644 νες,
291 2555 451 2639 άέκοντας
461 2560 747 2650 παραστήσασθαι.
772 2560 815 2630 σύ
828 2561 864 2650 δδ
876 2563 1020 2649 ἐπείπερ
1031 2558 1123 2647 ἥκεις
1132 2587 1217 2649 χρη-

209 2653 270 2722 στά
286 2652 515 2746 ἀπαγγέλλων,
530 2658 631 2740 αύτός
646 2681 706 2747 σφι
723 2659 888 2748 ἄγγειλον.
912 2654 957 2746 ήν
971 2655 1035 2745 γδρ
1053 2656 1117 2745 ἐγω
1129 2655 1215 2726 αὐτὰ

209 2756 312 2839 λέγω,
338 2753 423 2836 δόξω
440 2757 568 2838 πλάσας
582 2761 692 2846 λέγειν
707 2762 761 2828 καὶ
783 2757 825 2827 ού
838 2765 942 2826 πείσω
957 2754 1001 2837 ὡς
1016 2755 1059 2826 ού
1074 2758 1217 2826 ποιεύν-

209 2875 279 2918 των
289 2857 356 2918 των
368 2856 551 2943 βαρβάρων
561 2865 674 2927 ταῦτα.
688 2855 772 2935 άλλά
783 2878 844 2944 σφι
856 2857 1007 2945 σήμηνον
1017 2854 1118 2937 αύτδς
1129 2881 1218 2943 παρ-
1281 2896 1282 2899 ¹

211 2946 340 3041 ελθιδν,
362 2950 406 3032 ὡς
421 2946 509 3040 ἔχετέ
516 2954 619 3025 ἐπεάν
634 2959 670 3027 δὲ
690 2958 856 3046 σημήνης,
876 2951 921 3042 ήν
941 2956 1003 3043 μὲν
1020 2962 1218 3043 πείθωνται,

210 3058 313 3119 ταῦτα
328 3050 369 3140 δή
384 3050 425 3121 τά
439 3056 614 3146 κάλλιστα,
634 3053 679 3147 ήν
700 3062 736 3127 δέ
750 3056 879 3126 αύτοίσι
893 3054 937 3144 μή
954 3054 1054 3124 πιστά
1069 3059 1218 3143 γένηται,
1281 3091 1282 3097 ¹

210 3146 326 3235 ὁμοῖον
340 3149 421 3239 ἡμῖν
436 3160 535 3227 ἐσται,
565 3155 607 3225 ού
623 3156 689 3248 γάρ
705 3165 753 3228 ἔτι
767 3158 1014 3246 διαδρήσονται,
1034 3168 1067 3228 ει·
1077 3181 1140 3245 περ
1155 3182 1214 3226 πε-

159 3259 192 3314 81
212 3249 393 3335 ριεχόμεθα
409 3256 633 3343 πανταχόθεν,
650 3256 694 3338 ὡς
706 3255 749 3327 σύ
759 3261 873 3345 λέγεις.
900 3265 1013 3326 Ταῦτα
1024 3264 1115 3344 ἔλεγε
1130 3281 1219 3342 παρ-

209 3345 323 3415 ελθών
344 3347 591 3439 δἈριστείδης,
615 3356 765 3443 φάμενος
785 3359 818 3437 ἐξ
840 3361 980 3443 Αἰγίνης
1000 3382 1035 3424 τε
1051 3353 1148 3442 ήκειν
1162 3356 1219 3424 καί

209 3442 306 3528 μόγις
321 3448 487 3518 ἐκπλῶσαι
506 3448 624 3521 λαθδιν
638 3451 717 3534 τούς
738 3458 975 3541 ἐπορμέοντας·
1004 3456 1219 3544 περιέχεσθαι
