2536 3934
193 235 234 300 τε
568 251 819 330 ιαεοοοιι

151 404 155 415 “
191 402 404 473 τελευτέοντα
417 411 484 475 τοῖν
497 415 656 497 Περσέων
670 411 709 480 τά
725 411 916 505 οὐνόματα,
937 415 979 486 οὐ
994 416 1034 488 τά
1049 420 1130 510 μὲν,
1152 418 1195 491 τά

192 500 229 569 δὲ
242 497 303 590 σά,
318 502 403 577 άλλά
420 508 530 577 πάντα
545 507 676 597 ὁμοίως,

126 601 175 656 ¹4⁰
279 607 390 671 Ταῦτα
404 607 467 692 μέν
482 604 645 697 άτρεκέως
662 614 724 696 ἔχω
741 613 817 698 περὶ
833 608 946 681 αὐτῶν
961 613 1057 696 είδως
1074 622 1191 688 είπείν.

190 699 270 768 τάδε
290 706 404 787 μέντοι
425 701 469 784 ὡς
492 708 709 795 κρυπτόμενα
730 711 860 796 λέγεται
882 713 937 780 καὶ
959 710 1001 781 οά
1016 721 1195 803 σαφηνέως

192 799 268 884 περὶ
288 808 350 868 τοῦ
372 799 625 894 ἀποθανόντος,
649 803 693 886 ὡς
714 803 756 875 οὐ
770 808 936 896 πρότερον
949 810 1111 881 θάπτεται
1129 812 1196 881 άν-

192 894 272 982 άρός
287 901 424 986 Πέρσεω
438 900 457 969 ὁ
478 905 579 983 νέκυς
595 907 676 989 πρὶν
692 901 737 972 άν
751 902 806 973 {nl
824 904 964 991 ὄρνιθος
979 905 1002 997 ἢ
1018 908 1121 991 κυνὸς
1136 914 1194 979 έλ-

192 1002 318 1085 κνσθῇ.
357 996 485 1086 μάγους
500 1000 564 1089 μέν
579 1002 644 1090 γάρ
657 1001 822 1090 ’άτρεκέως
839 1002 915 1073 οἶδα
931 1012 1037 1075 ταῦτα
1054 1015 1192 1078 ποιεῦν-

191 1115 264 1176 τας·
300 1099 472 1185 ἐμφανέως
495 1100 560 1191 γάρ
586 1101 628 1188 δὴ
651 1110 790 1173 ποιεῦσι.
837 1107 1129 1196 κατακηρώσαντες
1155 1108 1191 1178 δ’

190 1190 239 1266 νίν
254 1194 314 1265 τὸν
328 1201 432 1266 νέκυν
446 1202 574 1287 Πέρσαι
589 1206 632 1289 γῇ
645 1201 842 1287 κρύπτουσι.
883 1199 985 1286 μάγοι
999 1202 1035 1269 δὲ
1050 1206 1192 1287 κεχωρί-
1260 1258 1261 1295 3

190 1303 285 1368 θαται
300 1295 427 1367 πολλὸν
446 1307 514 1368 τῶν
534 1326 570 1368 τε
586 1299 697 1369 άλλων
714 1296 909 1384 ἀνθρώπων
924 1301 1061 1367 καὶτῶν
1076 1302 1113 1368 έν
1125 1304 1189 1367 Αί-

188 1402 305 1493 γάττφ
330 1403 446 1489 ίρέων·
486 1406 521 1471 οί
545 1404 608 1490 μὲν
630 1398 695 1490 γάρ
718 1397 902 1487 ἁγνεύουσι
922 1402 1071 1486 ἔμψυχον
1085 1398 1192 1486 μηδὲν

191 1506 349 1587 κτείνειν,
366 1504 398 1567 εί
409 1496 453 1591 μή
469 1498 532 1570 ὅσα
547 1501 692 1569 θύουσι·
723 1503 758 1567 οί
772 1500 809 1565 δὲ
827 1493 867 1584 (λη’
883 1498 985 1584 μάγοι
999 1496 1191 1586 αὐτοχειρίῃ

191 1599 300 1669 πάντα
315 1595 403 1687 πλὴν
417 1597 521 1680 κννὸς
541 1604 597 1670 καὶ
613 1598 802 1689 άνθράπου
815 1604 1000 1687 κτείνουσι,
1022 1603 1077 1670 καλ
1098 1597 1189 1687 άγά·

191 1720 293 1786 νισμα
302 1704 401 1766 τοῦτο
414 1702 498 1787 μέγα
512 1707 703 1786 ποιεῦνται,
720 1704 906 1777 κτείνοντες
921 1694 1042 1784 ὁμοίως
1056 1698 1192 1787 μύρμη-

191 1798 252 1878 κάς
276 1823 312 1866 τε
338 1800 394 1867 καί
417 1797 495 1886 ὄφις
522 1803 576 1869 καλ
601 1793 705 1868 τᾶλλα
730 1794 849 1885 ἑρπετά
869 1798 924 1865 καὶ
944 1797 1087 1864 πετεινά.
1133 1798 1190 1863 καλ

192 1895 277 1986 άμφὶ
291 1899 353 1986 μέν
369 1906 416 1989 τῷ
430 1898 523 1992 νόμω
538 1900 646 1990 τούτῳ
658 1900 755 1989 ἐχέτω
768 1891 812 1974 ὡς
826 1895 880 1962 καλ
896 1890 1002 1989 ἀρχὴν
1016 1895 1191 1982 ἐνομίσθη,

192 1994 303 2083 άνειμι
318 1998 355 2065 δέ
370 1998 423 2065 ἐπὶ
435 1996 496 2067 τὸν
510 2000 677 2086 πρότερον
692 1997 806 2082 λόγον.

125 2099 175 2154 141
267 2091 427 2165 ἺΩΝΕΣ
437 2098 474 2167 δέ
487 2101 543 2167 καλ
556 2101 709 2183 Λίολέες,
735 2092 780 2173 ὡς
794 2098 829 2162 οί
840 2097 947 2163 Λυδοί
960 2095 1095 2182 τάχιστα
1110 2119 1193 2162 κατ-

193 2194 379 2281 εστράφατο
403 2193 469 2263 ὑπὸ
492 2201 668 2285 Περσέων,
697 2199 846 2280 έπεμτιον
865 2189 1028 2280 άγγέλους
1050 2197 1083 2275 ἐς
1096 2194 1193 2280 Σάρ-

193 2298 244 2372 δις
276 2289 366 2378 παρά
391 2299 524 2382 Κῦρον,
559 2298 733 2373 ἐθέλοντες
762 2295 814 2362 ἐπὶ
838 2306 925 2363 τολσι
951 2291 1080 2364 αὐτοῖσι
1106 2293 1193 2363 είναι

192 2406 277 2462 τοῖσι
294 2394 349 2460 καὶ
365 2399 499 2485 Κροίσῳ
514 2388 601 2481 ἦσαν
624 2393 790 2481 κατήκοοι.
832 2389 850 2459 ὁ
868 2392 904 2460 θλ
919 2389 1065 2474 άκοάσας
1079 2390 1193 2461 αὐτῶν

192 2490 233 2563 τά
254 2497 472 2581 προΐσχοντο,
499 2498 591 2577 ἔλεξέ
609 2514 671 2582 σφι
685 2493 805 2580 λόγον,
831 2489 939 2580 ἄνδρα
956 2490 1023 2575 φάς
1042 2489 1193 2580 αὐλητὴν
1215 2514 1220 2523 ·

57 2639 63 2648 -
192 2590 309 2661 eodm
322 2595 420 2677 ἰχθῦς
440 2595 477 2660 ἐν
498 2600 537 2683 τῇ
552 2595 708 2682 θαλάσση
730 2589 879 2678 αὐλέειν,
906 2593 1066 2663 δοκέοντά
1087 2613 1193 2680 σφεας

193 2688 425 2771 ἐξελεύσεσθαι
450 2695 483 2772 ές
509 2699 590 2783 γῆν·
633 2688 677 2770 ὡς
698 2693 735 2759 δὲ
758 2696 949 2777 ψευσθῆναι
969 2697 1026 2779 τῆς
1049 2693 1191 2777 ἐλπίδος,

192 2796 308 2875 λαβείν
325 2788 577 2883 ἀμφίβληστρον
592 2794 647 2860 καὶ
664 2797 857 2877 περιβαλείν
870 2813 906 2857 τε
920 2796 1051 2876 πλῆθος
1064 2786 1193 2857 πολλὸν

191 2895 260 2957 τῶν
279 2890 410 2976 ίχθάων
431 2893 486 2979 καὶ
508 2892 693 2979 ἐξειρύσαι,
715 2891 830 2959 ίθόντα
850 2890 886 2958 δέ
900 2892 1128 2977 παλλομένους
1143 2893 1194 2956 εί-

193 3001 269 3056 πείν
289 2985 354 3077 ἄρα
369 2986 475 3059 αὐτὸν
490 2989 574 3080 πρὸς
590 2988 670 3070 τούς
686 2996 800 3077 ίχθῦς·
831 2989 994 3058 Παάεσθέ
1003 3015 1060 3077 μοι
1074 2985 1194 3077 ὀρχεό-

193 3112 305 3175 μενοι,
329 3090 400 3157 ἐπελ
420 3087 496 3158 οὐθ’
515 3093 590 3178 ἐμέο
605 3087 784 3168 αὐλέοντος
798 3085 936 3175 ἠθέλετε
950 3089 1117 3176 ἐκβαίνειν
1131 3084 1194 3171 ὀρ-

191 3185 353 3272 χεόμενοι.
394 3193 508 3276 Κῦρος
522 3190 584 3276 μὲν
598 3195 719 3257 τοῦτον
739 3186 801 3256 τόν
816 3187 920 3274 λόγον
933 3201 1018 3256 τοῖσι
1029 3186 1120 3257 Ἴωσι
1136 3187 1194 3254 καλ

190 3301 276 3357 τοῖσι
295 3293 453 3358 Αίολεῦστ
478 3296 584 3360 τάνδε
605 3294 855 3377 είνεκενίλεξε,
881 3287 932 3357 ὅτι
958 3283 998 3375 δὴ
1025 3290 1060 3355 οί
1078 3282 1193 3364 Ἴωνες

190 3386 357 3474 πρότερον
382 3384 487 3456 αὐτοῦ
512 3389 632 3478 Κύρου
658 3393 839 3477 δεηθέντος
862 3385 908 3455 δι’
938 3384 1088 3474 άγγέλων
1114 3381 1193 3454 άπί-

192 3490 338 3555 στασθαί
359 3505 463 3574 σφεας
489 3485 555 3556 άπὸ
579 3494 729 3585 Κροίσου
754 3485 818 3558 οὐκ
838 3489 1031 3575 ἐπείθοντο,
1055 3484 1130 3553 τότε
1156 3485 1192 3553 θλ
