2588 3926
308 267 394 322 ΜΒ.
425 266 471 321 ΙΧ.
506 266 604 323 ΟΑΡ.
636 274 778 331 74-79.
985 272 1045 335 325

37 424 107 496 ἐιδν
124 433 193 493 τῶν
208 425 284 510 περὶ
299 426 448 500 ἐκείνους
461 419 540 498 τούς
555 422 685 507 χάρους
702 430 898 512 οἰκημένων.
935 438 1045 502 Ταῦτα

37 536 137 604 εἶπας
161 524 236 593 τότε
252 522 314 610 μὲν
340 522 497 607 ἐπέτρεψε
521 528 589 589 τῶν
609 524 744 611 ἐφόρων
764 541 850 595 τοῖσι
874 538 1045 619 παρεοῦσι,

36 623 185 708 ὕστερον
198 623 233 689 δὲ
245 619 417 705 ἀπέπεμψε
429 622 461 697 ές
472 629 626 707 Αἴγιναν,
639 624 671 700 ές
681 620 743 708 τὴν
755 621 837 711 αὕτη
852 624 956 711 ἤθελε
969 624 1045 695 ἀττι-

36 725 171 791 κέσθαι.
205 718 302 788 Μετδι
318 715 430 804 δὲτὴν
451 716 564 797 ἀπιξιν
580 725 637 806 τῆς
656 718 818 805 γυναικός
833 720 951 790 αὐτίκα
965 722 1045 810 μετά
1061 736 1093 792 77

38 827 145 888 ταῦτα
161 816 321 886 ἀπίκοντο
337 820 524 893 Μαντινέες
540 813 594 883 ἐπ’
608 818 892 903 ἐξεργασμένοισι·
914 820 1046 905 μαθόν-

36 946 92 997 τες
108 920 145 985 δέ
156 916 207 984 ὅτι
219 914 352 1003 ὕστεροι
366 913 487 1002 ἥκουσι
497 922 554 1001 τῆς
566 924 745 1005 συμβολῆς,
761 916 942 1006 συμφορὴν
955 924 1046 989 έποι-

37 1026 139 1087 εὖντο
162 1016 311 1103 μεγάλην
332 1015 420 1097 ἀξιοί
437 1041 473 1082 τε
495 1020 624 1100 ἔφασαν
649 1014 730 1084 εἶναι
750 1022 853 1104 σφέας
875 1026 1042 1107 ζημιῶσαι.

36 1116 297 1204 πυνθανόμενοι
320 1114 356 1183 δέ
378 1111 457 1192 τούς
476 1112 620 1199 Μήδους
639 1110 718 1191 τούς
742 1114 822 1200 μετὰ
845 1115 1044 1207 Ἀρταβάζου

35 1217 240 1303 φεύγοντας,
252 1214 392 1292 τούτους
404 1216 544 1280 ἐδίωκον
555 1216 650 1298 μέχρι
662 1220 860 1302 Θεσσαλίης·
878 1222 1044 1286 Λακεδαι-

34 1315 151 1405 μόνιοι
166 1313 202 1381 δὲ
217 1311 280 1380 οὐκ
301 1319 367 1381 ἔων
383 1313 572 1399 φεύγοντας
590 1310 734 1379 διώκειν.
765 1317 799 1380 οἱ
818 1313 854 1381 δὲ
869 1314 1043 1403 ἀναχωρή-

35 1437 156 1493 σαντες
171 1416 204 1492 ές
217 1411 280 1500 τὴν
296 1415 430 1482 ἑωυτῶν
444 1409 522 1490 τούς
535 1407 703 1497 ἡγεμόνας
716 1418 773 1498 τῆς
785 1422 1024 1536 στρατιῆςίω
949 1418 1024 1482 έδίω
1025 1455 1044 1464 -

35 1522 99 1598 ξαν
120 1516 156 1582 έκ
177 1520 234 1600 τῆς
254 1521 323 1600 γῆς.
358 1540 439 1601 μετα
429 1511 497 1580 δέ
513 1501 744 1588 Μαντινέας
722 1536 806 1596 ηκον
827 1509 963 1600 Ἠλεῖοι,
989 1516 1043 1581 καὶ

35 1612 197 1693 ὡσαύτως
209 1618 244 1681 oc
254 1611 374 1682 Ἠλεῖοι
389 1627 473 1680 τοῖσι
484 1617 696 1679 Μαντινεῦσι
710 1607 889 1696 συμφορὴν
900 1611 1042 1730 ποιησά-
1085 1608 1098 1633 ”

35 1738 133 1800 μενοι
145 1709 414 1781 ἀπαλλάσσοντο
436 1706 641 1785 ἀπελθόντες
652 1709 689 1774 δὲ
704 1697 813 1774 καί
770 1730 863 1773 ουτοι
873 1705 951 1785 τοδς
962 1706 1042 1795 ἡγε-

16 1810 142 1898 μόνας
164 1811 311 1888 ἐδίωξαν.
346 1806 394 1876 Τδι
417 1804 499 1875 κατά
522 1807 714 1883 Μαντινέας
734 1803 796 1891 μὲν
816 1805 871 1872 καὶ
895 1802 1042 1885 Ἠλείους

36 1912 198 1988 τοσαῦτα,
217 1909 254 1973 έν
271 1906 307 1973 δὲ
322 1911 506 1992 Πλαταιησι
525 1906 562 1971 ἐν
576 1930 621 1994 τῳ
608 1905 848 1993 στρατοπέδω
863 1907 931 1970 τιόν
942 1908 1039 1990 Αίγι-
1057 1918 1090 1974 78

37 2006 166 2092 νητέων
182 1996 227 2090 ἦν
237 2003 389 2089 Λάμπων
403 1999 569 2076 δΠυθέω,
586 2004 794 2089 Αάγινητέων
808 1996 849 2066 τὰ
863 2006 989 2087 πρῶτα,
1005 1997 1042 2079 δς

37 2100 264 2172 ἀνοσιώτατον
279 2107 364 2187 ἔχων
380 2098 483 2186 λόγον
496 2103 565 2169 ἵετο
587 2098 672 2188 πρός
684 2105 899 2187 Παυσανίην,
922 2096 1043 2167 ἀπικό-

38 2225 137 2289 μενος
152 2200 188 2267 δέ
200 2204 329 2287 σπουδῇ
341 2203 432 2284 ἔλεγε
443 2198 540 2267 τάδε·
559 2192 598 2268 Ὠ
609 2213 672 2267 παλ
681 2199 930 2287 Κλεομβρότου,
943 2204 1043 2285 ἔργον

39 2306 197 2388 ἔργασταί
214 2325 265 2368 τοι
281 2296 453 2385 ὑπερφυές
472 2301 621 2387 μέγαθός
636 2327 671 2367 τε
686 2302 742 2368 καὶ
755 2297 894 2385 κάλλος,
917 2305 977 2368 καί
991 2326 1043 2367 τοι

36 2397 118 2478 θεὸς
138 2401 310 2485 παρέδωκε
330 2398 522 2485 ῥυσάμενον
541 2396 603 2487 την
622 2395 763 2468 Ἑλλάδα
784 2399 879 2518 κλέρς
897 2399 1043 2467 καταθέ-

37 2510 119 2568 σθαι
125 2494 307 2618 μέγιστον’
304 2496 468 2584 Ελλήνων
482 2524 551 2566 των
564 2495 659 2585 ἡμεῖς
675 2502 780 2583 ίδμευ.
814 2496 858 2567 σύ
874 2499 910 2567 δέ
932 2493 1037 2567 καὶ
1000 2523 1041 2564 τα

37 2594 136 2670 λοιπά
150 2624 191 2665 τα
180 2595 260 2664 ἐπὶ
276 2597 425 2666 τούτοισι
438 2594 629 2685 ποίησον,“
608 2622 695 2675 οκως
709 2594 808 2682 λόγος
822 2598 860 2664 τέ
871 2616 908 2664 σε
924 2603 979 2686 ἔχη
994 2601 1041 2664 ἔτι

15 2698 94 2779 Ιζ
37 2704 94 2786 μέζ
95 2723 141 2764 ων
160 2703 219 2764 καί
236 2722 286 2775 τις
305 2695 449 2785 ύστερον
471 2697 681 2784 φυλάσσηται
703 2702 771 2815 τῶν
790 2694 974 2783 βαρβάρων
995 2723 1039 2782 μη

15 2854 16 2881 ÷
15 2794 199 2880 υπάρχειν
214 2800 294 2878 ἔργα
306 2792 481 2865 ἀτάσθαλα
491 2801 615 2865 ποιέων
626 2798 659 2875 ἐς
670 2791 749 2874 τούς
755 2791 925 2882 Ἕλληνας.
946 2801 1041 2864 Λεω-
1157 2864 1163 2869 ,

38 2898 136 2965 νίδεω
152 2888 217 2977 γάρ
233 2888 469 2974 ἀποθανόντος
486 2898 523 2964 έν
538 2894 775 2984 Θερμοπύλῃσι
794 2894 992 2982 Μαρδόνιός
1005 2921 1041 2963 τε

37 2993 90 3061 καὶ
100 2985 252 3074 ,Ξέρξης’
233 2993 459 3078 αποταμόντες
473 3021 535 3082 την
545 2990 727 3081 κεφαλην’
708 2994 978 3079 ἀνεσταύρωσαν.
994 3001 1040 3084 τῷ

36 3090 78 3159 οδ
99 3086 160 3176 την
175 3084 295 3174 ὁμοίην
310 3086 493 3171 ἀποδιδούς
507 3098 649 3161 ἔπαινον
670 3095 752 3173 ἕξεις
767 3102 881 3181 πρῶτα
895 3094 957 3180 μέν
971 3090 1038 3161 ύπδ

36 3189 171 3258 πάντων
181 3190 430 3275 Σπαρτιητέων,
445 3184 541 3270 αὖτις
556 3192 592 3259 δὲ
603 3194 658 3259 καὶ
668 3190 752 3279 πρός
763 3199 831 3260 τῶν
841 3191 954 3261 ἀλλων
965 3189 1041 3259 Ἑλ-

36 3286 155 3376 λήνων.
198 3285 400 3371 Μαρδόνιον
419 3287 485 3377 γάρ
511 3288 778 3371 ἀνασκολοπίσας
800 3289 1039 3380 τετιμωρήσεαι

37 3388 68 3465 ἐς
83 3385 219 3470 πάτρων
233 3381 294 3453 τδν
309 3382 372 3453 σδν
382 3392 565 3477 Λεωνίδην.
582 3387 619 3458 ‘0
630 3392 693 3476 μὲν
705 3392 833 3458 δοκέων
845 3395 1040 3476 χαρίζεσθαι

36 3487 126 3570 ἔλεγε
139 3482 230 3570 τάδε,
244 3480 262 3552 ὁ
277 3480 310 3553 δ’
327 3482 543 3575 ἀνταμείβετο
558 3492 698 3557 τοιοίδε·
715 3480 754 3555 Ὦ
766 3491 1038 3574 ξείνεΑλγινῆτιι,
1052 3497 1089 3558 79
