2606 3930
197 223 261 292 ³³2
570 229 823 291 HERODOTI

22 438 24 449 ι
93 443 96 464 .
196 392 252 463 καλ
267 388 388 461 έκατόν
401 390 487 461 έστι·
508 397 610 462 τείνει
624 389 659 461 δ’
675 393 709 472 ές
722 386 786 479 τήν
800 390 1017 480 Προποντίδα
1031 382 1051 459 ὀ
1064 385 1196 461 Βόσπο-

195 519 263 580 ρος.
285 488 307 583 ή
322 491 359 562 δὲ
368 495 559 584 Προποντὶς
572 495 675 563 έούσα
690 486 789 581 εὖρος
799 491 864 578 μὲν
876 493 1021 561 σταδίων
1034 514 1193 561 πεντακο

195 599 295 681 σίων,
312 598 417 682 μήνιος
428 593 465 662 δὲ
478 599 702 678 τετρακοσίων
716 592 772 661 καλ
781 591 1080 679 χιλίων,καταδιδοί
1092 591 1125 668 ές
1137 585 1199 658 τόν

188 689 450 780 Ἑλλήσποντον,
465 692 565 762 ἐόντα
575 692 768 780 στεινότητα
782 689 845 779 μέν
858 686 940 759 έπτόι
952 692 1118 776 σταδίους,
1133 693 1199 776 μή·

193 816 253 871 κος
267 790 305 860 δὲ
318 797 573 881 τετρακοσίους(
583 793 711 861 έκδιδοί
717 790 753 860 δὲ
764 788 783 861 ὀ
793 788 1034 878 Ἑλλήσποντος
1045 791 1079 868 ές
1087 785 1197 874 χάσμα

145 917 179 974 ες
193 891 372 980 πελάγεος,
404 889 442 962 τό
469 891 510 982 δή
534 898 680 979 ΙΑίγαίον
704 893 887 969 καλέεται,
918 892 1133 977 Μεμέτρηται
1159 888 1196 957 δλ

191 998 297 1062 ταῦτα
318 982 400 1061 ὦδε·
433 998 518 1080 νηῦς
538 995 662 1063 ἐπίπαν
680 990 824 1080 μάλιστά
843 1017 886 1080 κη
899 987 1058 1060 κατανύει
1078 990 1116 1057 έν
1130 1014 1196 1076 μα-

192 1096 355 1180 κρημερίη
372 1088 513 1177 ὀργυιάς
530 1093 806 1178 ἑπτακισμυρίας,
828 1086 951 1169 νυκτός
965 1089 1002 1158 δὲ
1016 1088 1194 1176 ἑξακισμυ-

153 1203 156 1213 ’
192 1196 274 1275 ρίας.
296 1185 361 1278 ήδη
376 1181 426 1257 όν
438 1192 473 1269 ές
486 1190 549 1277 μέν
559 1197 670 1259 Φᾶσιν
680 1186 747 1258 άπό
756 1196 820 1258 τού
829 1189 991 1277 στόματος
1002 1195 1116 1274 (τοῦτο
1127 1188 1192 1276 γάρ

191 1286 260 1355 έστι
272 1291 334 1357 τού
345 1284 481 1356 Πόντου
494 1286 719 1375 μακρότατον)
733 1283 884 1375 ἡμερέων
898 1283 1111 1365 έννέαπλόος
1126 1286 1192 1355 sm

190 1390 245 1457 καλ
265 1393 400 1456 νυκτῶν
423 1385 527 1457 ὀκτύ·
548 1380 647 1457 αύται
673 1390 792 1456 ἕνδεκα
813 1384 974 1474 μυριάδες
994 1387 1050 1455 καὶ
1074 1384 1191 1456 ἑκατόν

190 1482 357 1574 ὀργυιέων
370 1491 536 1574 γίνονται,
559 1489 595 1556 έκ
610 1486 646 1555 δὲ
660 1493 729 1555 τῶν
742 1483 909 1573 ὀργυιέων
919 1485 1050 1556 τούτων
1063 1485 1190 1556 στάδιοι

190 1580 311 1652 ἑκατόν
326 1586 381 1652 καὶ
394 1590 494 1671 χίλιοι
507 1586 562 1655 καί
576 1586 696 1674 μύριοί
707 1591 779 1655 ελσι.
802 1587 836 1665 ές
850 1584 886 1654 δὲ
900 1585 1117 1674 Θεμισκύρην
1130 1582 1192 1673 τήν·

189 1682 244 1750 έπλ
264 1680 479 1770 Θερμώδοντι
502 1690 639 1775 ποταμῷ
661 1686 697 1754 έκ
721 1691 779 1772 τῆς
792 1687 954 1772 Σινδικῆς
974 1681 1072 1771 (κατὰ
1091 1691 1190 1755 τοῦτο

187 1778 253 1870 γάρ
269 1780 337 1849 ἐστι
350 1787 412 1849 τού
427 1781 564 1852 Πόντου
581 1779 782 1871 εὐρύτατον)
797 1788 901 1874 τριῶν
914 1808 951 1851 τε
966 1780 1118 1873 ἡμερέων
1134 1787 1190 1853 καλ

187 1878 251 1946 δύο
265 1887 400 1949 νυκτιδν
419 1882 538 1962 πλόος·
566 1873 666 1951 αὗται
686 1883 724 1952 δέ
744 1898 831 1973 τρεῖς
852 1883 1013 1972 μυριάδες
1026 1887 1081 1955 καὶ
1094 1883 1189 1975 τριή-

187 2003 290 2047 κοντα
314 1976 480 2067 ὀργυιέων
503 1988 670 2070 γίνονται,
702 1983 841 2052 στάδιοι.
862 1983 899 2052 δὲ
923 1983 1109 2071 τριηκόσιοι
1133 1986 1187 2053 καλ

186 2086 367 2168 τρισχίλιοι.
401 2078 420 2151 ὀ
440 2084 503 2170 μέν
522 2109 589 2152 νυν
609 2083 740 2165 Πόντος
761 2076 859 2164 ούτος
880 2085 936 2152 καὶ
955 2083 1130 2172 Βόσπορός
1152 2109 1187 2152 τε

185 2186 240 2253 καλ
248 2180 489 2272 Ἑλλήσποντος
503 2183 592 2254 ούτω
613 2189 650 2254 τέ
665 2211 724 2273 μοι
742 2190 957 2273 μεμετρέαται
977 2188 1033 2255 καί
1047 2182 1129 2255 κατά
1145 2182 1185 2253 τά

180 2285 338 2374 εἰρημένα
361 2282 547 2372 πεφύκασι,
572 2283 747 2370 παρέχεται
762 2281 809 2353 δὲ
830 2282 888 2352 καλ
911 2288 1034 2371 λίμνην
1055 2276 1074 2352 ὀ
1092 2283 1187 2354 Πόν-

178 2411 235 2465 τος
266 2386 466 2453 έκδιδούσαν
496 2385 530 2463 ές
565 2380 709 2471 ἕωυτόν,
743 2380 785 2454 ού
817 2388 930 2477 πολλρό
959 2384 1024 2475 τέῳ
1056 2382 1186 2453 έλάσσω
1291 2450 1292 2475 3

180 2479 325 2566 ἑωυτοῦ,
349 2475 373 2567 ἢ
386 2484 532 2566 Μαιῆτίς
545 2505 582 2550 τε
595 2484 747 2551 καλέεται
766 2484 823 2552 καλ
838 2480 945 2573 μήτηρ
958 2486 1020 2551 τού
1032 2478 1178 2550 Πόντου.
1290 2530 1291 2563 ,

130 2573 211 2651 87‘0
224 2575 262 2645 δὲ
275 2575 486 2666 Δαρεῖος-ὡς
506 2577 673 2668 έδηήσατο
694 2578 755 2650 τόν
774 2582 925 2670 Πόντον,
948 2586 1054 2650 έπλωε
1073 2574 1180 2648 ὀπίσω
1288 2594 1290 2673 [

178 2678 232 2745 έπλ
245 2674 308 2767 τήν
321 2684 492 2772 γέφυραν,
512 2692 570 2772 τῆς
581 2682 782 2773 άρχιτέκτων
793 2689 923 2774 ἐγένετο
935 2685 1178 2774 Μανδροκλέης
1288 2680 1289 2693 ’

176 2779 323 2869 Σάμιος·
336 2786 552 2875 δηησάμενος
563 2787 601 2858 δὲ
610 2793 667 2859 καλ
676 2787 737 2859 τόν
742 2790 921 2875 Βόσπορον
932 2787 1053 2876 στήλας
1064 2792 1179 2874 ἔστησε

178 2880 242 2948 δύο
257 2878 310 2948 ἐπ’
326 2879 418 2974 αύτῷ
431 2891 535 2954 λίδου
548 2893 691 2975 λευκού,
713 2884 866 2976 ένταμιόν
878 2884 1056 2974 γράμματα
1069 2886 1103 2965 ές
1115 2884 1178 2971 μέν

175 2977 238 3068 τήν
255 2977 430 3069 Ἀσσύρια,
452 2986 485 3063 ές
502 2985 538 3052 δὲ
558 2983 621 3075 τήν
631 2982 825 3074 Ἑλληνικά,
847 2990 950 3053 ἔθνεα
964 2979 1181 3068 πάντα,ὀσα-

175 3097 239 3164 περ’
258 3070 336 3167 ήγε·
361 3071 423 3169 ἦγε
442 3083 480 3152 δέ
502 3082 629 3173 πάντα,
651 3091 720 3153 τῶν
737 3076 835 3172 ἦρχε·
866 3083 997 3152 τούτων
1016 3078 1176 3169 μυριάδες

175 3178 451 3270 ἐξηριθμήθησαν
471 3188 570 3272 χωρίς
592 3193 654 3255 τού
675 3190 837 3255 ναυτικοῦ
861 3180 1090 3273 ἑβδομήκοντα
1110 3175 1176 3248 σύν

174 3284 328 3369 ίππεῦσι,
349 3283 423 3362 νέες
436 3281 473 3351 δέ
487 3285 652 3373 ἑξακόσιαι
667 3288 928 3373 συνελέχθησαν.
951 3289 1026 3373 τῇσι
1036 3283 1099 3369 μέν
1108 3305 1175 3349 νυν

174 3377 312 3468 οτήλησι
334 3379 473 3469 ταύτησι
492 3383 687 3473 Βυζάντιοι,
709 3393 905 3474 κομίσαντες
925 3383 960 3462 ές
979 3377 1042 3467 τήν
1061 3377 1173 3466 πόλιν,

175 3475 318 3567 ὕστερον
333 3478 463 3548 τούτων
477 3481 658 3571 ἐχρήσαντο
671 3482 758 3574 πρὸς
769 3480 831 3555 τόν
843 3479 961 3573 βωμόν
974 3485 1033 3570 τής
1043 3476 1173 3568 Ὀρδω*
