2562 3926
312 262 397 322 ιιε.
427 262 462 321 ιι
496 260 598 323 cn.
632 228 806 324 ιιι-ιιι
998 251 1074 359 197κ

77 426 253 520 ἀπικόμενος
281 439 327 525 τῳ
360 441 585 527 Ψαμμητίχῳ,
617 431 662 514 ὦς
692 431 754 503 οὐκ
783 431 868 502 ίδαδν
897 430 1063 519 πρότερον

77 538 171 624 χαλκῷ
188 532 310 622 ἄνδρας
323 533 557 622 ὁπλισθέντας,
578 528 624 615 οἷς
640 534 774 623 χάλκεοι
787 532 909 626 ἄνδρες
922 532 1065 622 όπιγμί-

78 658 119 701 νοι
134 630 193 705 duo*
211 636 381 727 θαλάσσης
399 640 616 726 λεηλατέουσι
635 635 672 706 τό
691 641 820 706 πεδίον.
847 633 865 706 ὁ
884 634 923 706 δὲ
940 633 1063 724 μαδοδν

76 731 106 803 τὸ
125 737 317 827 χρηστήριον
344 738 592 829 ἐπιτελεόμενον
618 744 702 828 φίλα
727 766 763 808 τε
789 752 875 808 τοῖσι
890 735 986 809 Ἴωσι
1012 735 1069 804 καί

77 840 169 926 Καρσὶ
181 841 337 928 ποιέεται,
355 847 414 911 καί
425 862 530 930 σφεας
542 839 671 930 μεγάλα
678 836 945 929 ὑπισχνεόμενος
958 843 1070 907 πείθει

62 936 134 1024 ,μετ’
152 941 274 1011 ἑωυτοῦ
293 943 466 1029 γενέσθαι·
493 940 537 1022 ὥς
562 943 600 1011 δὲ
625 948 751 1027 ἔπεισε,
776 939 870 1039 οὕτω.
891 938 960 1028 ἅμα
983 952 1070 1008 τοῖσι

80 1047 293 1130 βουλομένοισι
307 1049 520 1132 Αἰγυπτίοισι
541 1045 597 1113 καλ
617 1054 703 1112 τοῖσι
724 1041 932 1130 ἐπικούροισι
947 1065 1064 1109 καται-

80 1142 135 1224 ρέει
152 1168 227 1223 τους
247 1145 435 1234 βασιλέας.
457 1144 635 1231 Κρατήσας
657 1142 694 1215 δὲ
710 1141 886 1229 Αἰγύπτου
910 1139 1019 1229 πόσης
1042 1136 1061 1208 δ
1082 1151 1131 1205 Ιισ

83 1240 274 1361 Ψαμμήτιχος
287 1245 363 1311 έποί
348 1247 420 1329 ίησε
439 1267 485 1333 τῳ
472 1239 665 1364 ’Ἡφαίστῳ
681 1239 873 1326 προπύλαια
887 1242 925 1308 έν
939 1241 1062 1326 Μέμφι

79 1333 111 1404 τὰ
123 1337 199 1425 τρός
213 1339 316 1411 νότον
336 1365 463 1429 αυεμον
482 1342 706 1462 τετραμμένα,
727 1334 836 1427 αὐλήν
855 1363 892 1406 τε
910 1342 956 1428 τῷ
970 1333 1061 1420 Απι,

79 1436 108 1504 έν
124 1467 159 1529 ιη
146 1446 330 1530 τρέφεται
347 1435 449 1510 έπεᾶν
463 1445 555 1529 φανῇ
575 1435 594 1506 ὁ
611 1431 721 1526 Ἆπις,
745 1437 943 1527 οἰκοδόμησε
960 1438 1062 1504 έναν-

78 1544 135 1607 ιιόυ
148 1549 213 1610 τῶν
225 1545 462 1627 προπυλαίων,
478 1537 591 1609 πᾶσόυ
606 1564 642 1607 τε
656 1543 856 1627 περίστυλον
870 1540 994 1608 έοῦσαν
1005 1536 1062 1606 καλ

78 1635 174 1706 τόπων
192 1643 314 1728 πλέην·
336 1635 410 1707 ἀντὶ
431 1637 468 1707 δὲ
482 1637 609 1706 κιόνων
625 1633 786 1706 ὑπεστᾶσι
798 1638 953 1707 κολοσσοί
969 1641 1061 1706 δυω-

78 1737 252 1829 δεκαπήχεις
278 1746 321 1830 τῇ
346 1735 440 1828 αὐλή.
479 1734 497 1807 ὁ
523 1738 560 1807 δὲ
582 1730 677 1816 Ἆπις
701 1735 785 1814 κατὰ
810 1735 873 1826 τήν
890 1737 1061 1827 Ἐλλήνων

78 1841 210 1920 γλῶσσάν
227 1844 298 1911 ἐστι
309 1838 472 1928 Ἔπαφος.
515 1845 609 1908 Τοῖσι
625 1840 662 1907 δὲ
673 1834 764 1906 ’Ίωσι
780 1840 836 1907 καί
850 1853 935 1908 τοῖσι
952 1839 1060 1926 Καρσὶ
1078 1856 1128 1913 1⁶4

77 1951 145 2007 τοῖσι
165 1941 547 2030 συγκατεργασαμένοισι
564 1935 655 2030 αὐτῷ
676 1934 695 2008 ὁ
711 1935 980 2026 Ψαμμήτιχος
944 1943 1061 2010 δίδωσι

77 2034 185 2122 χοίρους
197 2037 402 2128 ένοικήσαι’
383 2046 518 2118 αντιονς
532 2035 704 2126 αλλήλων,
725 2063 786 2106 του
772 2043 928 2107 Νείλου
943 2065 979 2107 το
969 2035 1061 2126 μέ-

77 2155 126 2204 σον
144 2143 292 2228 ἔχοντος,
314 2153 397 2210 τοῖσι
416 2135 586 2228 οὐνόματα
607 2139 705 2224 ἐτέθη
720 2134 946 2223 Στρατόπεδα.
979 2135 1053 2206 τού·

76 2259 138 2317 τους
149 2263 182 2307 τε
197 2238 239 2326 δή
253 2257 317 2325 σφι
333 2234 413 2317 τούς
432 2236 562 2328 χοίρους
576 2240 710 2324 δίδωσι,
732 2237 788 2304 καί
800 2226 905 2305 τᾶλλα
921 2261 961 2302 τα
977 2230 1061 2304 υπέ-

76 2353 152 2449 σχετο
176 2339 288 2407 πάντα
318 2333 478 2406 ἀπέδωκε.
522 2338 577 2405 καὶ
602 2332 643 2423 δή
671 2337 727 2405 καί
749 2337 870 2413 παῖδας
893 2334 1061 2422 παρέβαλε

76 2427 183 2504 αι’ποίσι
203 2441 411 2524 Αἰγυπτίους
434 2431 497 2523 τήν
517 2432 660 2504 Ἑλλάδα
683 2440 840 2522 γλῶσσαν
867 2433 1060 2502 έκδιδόσκε-

76 2539 157 2619 οδαι,
176 2531 241 2603 αἰπδ
259 2536 297 2605 δὲ
319 2534 449 2603 τούτων
463 2533 684 2621 ἐκμαθόντων
699 2529 761 2620 τήν
775 2538 931 2620 γλῶσσαν
945 2534 980 2602 οί
993 2537 1060 2600 νῦν

76 2628 209 2718 ἑρμηνέες
225 2635 263 2703 έν
277 2633 438 2727 Αἰγύπτῳ
458 2631 628 2723 γεγόνασι.
661 2635 697 2701 σί
710 2633 747 2700 δὲ
761 2628 874 2712 Ἰωνές
894 2658 930 2701 τε
951 2632 1007 2701 καί
1027 2634 1062 2700 οί

28 2768 29 2771 ¹
77 2733 164 2815 Κᾶρες
177 2733 319 2813 τούτους
331 2730 410 2813 τοῦς
419 2732 551 2822 χοίρους
563 2736 704 2817 οἴκησαν
713 2729 837 2817 χρόνον
851 2733 904 2800 έπλ
914 2728 1058 2802 πολλόν·

28 2842 30 2849 '
74 2828 122 2895 εἰσὶ
137 2829 170 2898 δέ
191 2824 287 2900 οὗτοι
315 2836 350 2900 οί
373 2837 476 2919 χῶροι
500 2827 585 2918 τιρός
607 2829 789 2917 θαλάσσης
801 2825 916 2916 ὀλίγον
937 2835 1059 2917 ἔνερθε

75 2925 259 3014 Βουβάστιος
273 2927 389 3011 πόλιος
404 2932 456 2999 έπί
470 2955 515 3021 τῳ
501 2935 706 3022 Πηλουσίῳ
717 2935 909 3048 καλεομένῳ
920 2929 1058 3018 στόματι

72 3045 121 3089 ιον
108 3028 265 3096 Νείλου
298 3027 439 3109 τούτους
455 3029 518 3117 μὲν
539 3025 579 3116 δή
603 3028 715 3121 χρόνῳ
737 3024 880 3116 υστερον
900 3025 1058 3117 βασιλευς

65 3113 182 3205 ίμασις
193 3125 415 3215 ἐξαναστήσας
425 3129 587 3196 ἐνθεῦτεν
597 3133 764 3196 κατοίκισε
778 3128 811 3205 ές
821 3127 975 3215 Μέμφιν,
986 3152 1057 3214 φν-

71 3218 194 3311 λακήν
176 3233 304 3296 εωντοῦ
325 3228 524 3316 ποιεύμενος
544 3225 628 3313 πρὸς
642 3231 845 3315 Αἰγυπτίων.
874 3228 1005 3297 τούτων
1018 3225 1055 3294 δδ

71 3324 273 3396 οἰκισθέντων
290 3331 328 3398 έν
323 3327 502 3447 Αίγνπτῳ
516 3332 551 3397 οί
560 3325 717 3416 Ἕλληνες
734 3324 822 3396 οὕτω
840 3323 1056 3413 ἐπιμισγόμε-

70 3439 113 3487 νοι
129 3422 271 3493 τούτοισι
294 3421 335 3494 τδι
359 3426 435 3512 περί
448 3435 623 3514 Αἴγυπτον
644 3424 806 3515 γιιόμενα
830 3418 895 3491 ἆπδ
913 3430 1056 3537 Ψαμμη-

69 3520 149 3603 τίχου
160 3524 312 3611 βασιλεος
325 3520 508 3614 αρξόμενοι
521 3525 631 3596 πάντα
641 3521 744 3596 καλ
706 3551 748 3594 τα
762 3521 906 3605 ὕστερον
920 3514 1055 3587 ἐπιστό-
