2562 3926
235 271 296 337 188
611 273 860 332 HERODOTI

233 431 275 502 ού
294 440 541 524 συμμίσγουσαι
561 430 740 524 ἀλλήλησι,
772 430 846 502 ἀλλ’
870 432 946 524 ἀχρι
965 440 1023 523 τής
1038 434 1160 506 ἐσόδου
1173 438 1234 503 τού

232 542 311 625 ίροῦ
330 540 465 624 ἑκατέρη
486 538 605 624 ἐσέχει,
632 532 654 623 ή
675 535 738 622 μέν
757 541 798 624 τή
818 540 1058 625 περιρρέουσα,
1083 532 1162 624 ἡδὲ
1181 539 1233 623 τῇ,

233 631 332 728 εάρος
357 639 458 706 ἐοῦσα
484 639 620 725 ἑκατέρη
647 632 766 705 ἑκατόν
789 639 921 717 ποδῶν,
953 639 1105 726 δένδρεσι
1129 633 1233 703 κατά-

232 760 333 819 σκιος.
377 734 418 806 τά
434 738 470 807 δέ
484 738 677 825 προπύλαια
691 736 778 821 ύψος
793 738 856 825 μὲν
876 741 956 807 δέκα
971 735 1138 827 ὀργυιέων
1151 738 1231 823 ἐστὶ,

231 841 366 910 τύποισι
387 839 423 908 δὲ
444 839 617 927 ἑξαπήχεσι
648 839 844 910 ἐσκεύασται
876 834 997 918 ἀξίοισι
1016 837 1130 926 λόγου.
1172 834 1232 906 ἐόν

233 936 263 1009 δ’
286 941 323 1008 ἐν
342 940 426 1027 μέση
445 944 485 1027 τῇ
508 939 587 1007 πόλι
607 935 645 1007 τό
665 935 743 1025 ίρδν
755 944 934 1024 κατορᾶται
948 937 1121 1007 πάντοθεν
1134 960 1231 1023 περι-

231 1037 334 1107 ιόντι·
356 1035 414 1105 ἀτε
427 1036 492 1127 γάρ
506 1044 565 1125 τής
578 1036 695 1117 πόλιος
709 1036 772 1124 μέν
786 1038 1031 1122 ἐκκεχωσμένης
1045 1033 1147 1122 ὑψοῦ,
1167 1041 1231 1102 τοῦ

231 1132 264 1205 δ’
285 1140 363 1224 ίροῦ
383 1132 426 1205 ού
445 1138 667 1223 κεκινημένου
681 1131 727 1214 ἀς
740 1132 890 1224 ἀρχῆθεν
904 1135 1065 1223 ἐποιήθη,
1086 1135 1230 1205 ἐσοπτόν

229 1237 306 1303 ἐστι.
350 1237 500 1322 περιθέει
516 1233 549 1302 δ’
565 1231 647 1303 αὐτό
663 1233 799 1322 αίμασιή
815 1236 1062 1322 ἐγγεγλυμμένη
1075 1234 1228 1303 τύποισι·

230 1338 298 1402 ἐστι
319 1329 350 1400 δ’
374 1337 505 1402 ἐσωθεν
524 1331 625 1414 ἀλσος
646 1336 814 1421 δενδρέων
833 1339 999 1421 μεγίστων
1017 1335 1228 1421 πεφυτευμέ-

152 1452 155 1465 ’
230 1458 291 1501 νον
310 1435 386 1521 περὶ
400 1429 485 1521 νηόν
499 1436 621 1522 μέγαν,
643 1436 681 1503 ἐν
692 1438 739 1524 τῷ
753 1430 793 1521 δή
809 1430 966 1520 τῶγαλμα
980 1439 1047 1503 ἐνι·
1077 1425 1175 1518 εὖρος
1190 1435 1228 1500 δὲ

229 1533 283 1624 καί
303 1537 407 1618 μήκος
427 1539 488 1600 τού
507 1536 585 1621 ίροῦ
604 1533 715 1622 πάντη
735 1536 871 1602 σταδίου
887 1534 963 1601 ἐστί.
1006 1531 1090 1601 κατά
1104 1532 1167 1619 μέν
1182 1529 1224 1618 δή

227 1626 289 1717 τήν
304 1632 433 1698 ’ἐσοδον
456 1631 645 1718 ἐστρωμένη
671 1633 739 1702 ἐστὶ
766 1628 844 1712 ὁδός
867 1639 969 1701 λίθου
993 1635 1046 1701 ἐπὶ
1069 1636 1226 1712 σταδίους

228 1742 315 1817 τρείς
335 1729 477 1815 μάλιστά
497 1757 556 1820 κη,
579 1730 634 1799 διά
651 1737 709 1818 τής
729 1727 853 1817 ἀγορής
874 1736 1024 1819 φέρουσα
1041 1734 1074 1811 ἐς
1087 1729 1125 1800 τό
1140 1728 1227 1819 πρός

225 1827 292 1916 ήῶ,
316 1823 415 1918 εύρος
434 1832 470 1899 δὲ
491 1828 536 1911 ἀς
555 1833 721 1919 τεσσέρων
739 1832 915 1918 πλέθρων
934 1835 976 1921 τῇ
990 1830 1026 1899 δέ
1040 1833 1095 1899 καὶ
1107 1837 1148 1921 τῇ
1167 1837 1227 1917 τῆς
1271 1882 1272 1903 ι

226 1927 311 1999 ὁδού
325 1933 464 2020 δένδρεα
477 1926 711 2019 οὐρανομήκεα
724 1932 871 2017 πέφυκε·
893 1932 988 2016 φέρει
1003 1926 1034 1997 δ’
1051 1932 1085 2010 ἐς
1098 1928 1226 2018 Ἑρμέω
1271 1916 1272 1947 ¹

167 2051 216 2109 139
226 2026 312 2115 ίρόν.
355 2024 392 2095 τό
408 2028 470 2114 μέν
487 2025 527 2116 δή
549 2026 625 2116 ίρόν
643 2035 743 2097 τούτο
764 2026 853 2097 οὕτω
867 2033 942 2114 ἔχει.
989 2031 1090 2109 Τέλος
1111 2030 1148 2099 δὲ
1166 2037 1226 2117 τῆς

226 2122 418 2215 ἀπαλλαγῆς
430 2133 491 2195 τού
505 2133 671 2207 Αδθίοπος
686 2118 751 2197 ἀδε
765 2133 882 2215 ἐλεγον
898 2132 1069 2214 γενέσθαι·
1091 2128 1171 2213 ὄψιν
1186 2133 1225 2199 ἐν

223 2231 270 2315 τῷ
300 2223 398 2317 ὕπνῳ
422 2225 556 2315 τοιήνδε
581 2227 697 2296 ἰδόντα
725 2224 830 2296 αὐτόν
854 2237 1005 2314 οἴχεσθαι
1034 2230 1224 2318 φεύγοντα·

218 2323 341 2394 ἐδόκεέ
362 2330 396 2394 οί
424 2324 531 2415 ἀνδρα
557 2329 735 2398 ἐπιστάντα
760 2328 1007 2416 συμβουλεύειν
1029 2327 1108 2409 τούς
1132 2332 1225 2418 ἐρέας
1269 2362 1270 2367 “

224 2423 304 2506 τούς
328 2427 365 2494 ἐν
389 2429 549 2522 Αἰγύπτῳ
573 2433 775 2512 συλλέξαντα
798 2429 926 2508 πάντας
954 2432 1075 2517 μέσους
1106 2432 1224 2497 διατα-

221 2536 313 2613 μεῖν·
359 2527 473 2597 ἰδόντα
495 2530 531 2599 δέ
555 2527 618 2618 τήν
645 2526 726 2611 όήιν
745 2529 871 2616 ταύτην
894 2531 1006 2615 λέγειν
1027 2524 1147 2614 αὐτόν,
1176 2523 1223 2608 ὦς

223 2624 395 2712 πρόφασίν
415 2631 450 2695 οἱ
467 2631 577 2698 δοκέοι
596 2630 723 2715 ταύτην
742 2625 822 2707 τούς
841 2625 947 2708 θεούς
965 2627 1222 2715 προδεικνύναι,

222 2727 279 2792 ἵνα
300 2721 464 2816 ἀσεβήσας
480 2730 556 2816 περὶ
575 2726 615 2797 τά
636 2726 692 2816 ίρά
714 2727 820 2797 κακόν
840 2753 872 2797 τι
889 2725 973 2816 πρὸς
986 2734 1079 2795 θεῶν
1098 2720 1223 2814 ήπρός
1267 2746 1268 2775 ³

222 2824 417 2913 ἀνθρώπων
436 2829 551 2918 λάβοι·
580 2827 643 2900 ούκ
664 2823 714 2899 τόν
732 2830 888 2918 ποιήσειν
907 2835 1029 2917 ταῦτα,
1055 2823 1139 2897 ἀλλά
1153 2827 1222 2915 γάρ

222 2932 256 2996 oc
280 2930 514 3017 ἐξεληλυθέναι
538 2927 599 2999 τόν
626 2931 767 3019 χρόνον,
797 2927 922 2998 ὁκόσον
947 2934 1130 3015 κεχρῆσθαι
1155 2926 1220 3014 ἀρ-

220 3031 321 3108 ξαντα
335 3030 510 3117 Αἰγύπτου
525 3031 734 3119 ἐκχωρήσειν.
764 3032 802 3098 ἐν
815 3026 879 3116 γάρ
893 3034 933 3116 τῇ
947 3033 1111 3116 Αἰθιοπίη
1127 3027 1221 3097 ἐόντι

219 3124 309 3220 αὐτῷ
322 3125 362 3195 τά
377 3130 537 3219 μαντήια,
557 3145 641 3200 τοῖσι
655 3132 807 3218 χρέονται
821 3134 1000 3215 Αἰθίοπες,
1023 3125 1148 3216 ἀνεῖλε,
1173 3127 1222 3210 ὡς

218 3229 288 3302 δέοι
303 3223 596 3315 αύτόνΛίγύπτου
610 3237 806 3320 βασιλεῦσαι
821 3236 896 3300 ἐτεα
914 3230 1130 3321 πεντήκοντα.
1172 3229 1221 3312 ὡς

217 3318 297 3395 ἀπό
309 3324 432 3412 χρόνος
447 3319 546 3407 οὗτος
560 3329 646 3418 ἐξήσε
660 3332 714 3399 καὶ
729 3327 870 3418 αύτόνή
888 3327 965 3413 ὄψις
978 3338 1039 3401 τοῦ
1052 3332 1219 3402 ἐνυπνίου

214 3424 433 3512 ἐπετάρασσε,
461 3421 549 3495 ἐκύν
574 3424 819 3502 ἀπαλλάσσεται
843 3432 880 3503 ἐκ
906 3437 965 3524 τῆς
993 3427 1218 3523 Αίγύπτουά

214 3524 387 3611 Σαβακάς.
871 3526 880 3541 “
