<?xml version="1.0" encoding="UTF-8"?>
<!DOCTYPE html PUBLIC "-//W3C//DTD XHTML 1.0 Transitional//EN"
    "http://www.w3.org/TR/xhtml1/DTD/xhtml1-transitional.dtd">
<html xmlns="http://www.w3.org/1999/xhtml" xml:lang="en" lang="en">
 <head>
  <title>
</title>
<meta http-equiv="Content-Type" content="text/html;charset=utf-8" />
  <meta name='ocr-system' content='tesseract 3.04.00' />
  <meta name='ocr-capabilities' content='ocr_page ocr_carea ocr_par ocr_line ocrx_word'/>
</head>
<body>
  <div class='ocr_page' id='page_1' title='image "./historiarumlibr03herogoog_0066.png"; bbox 0 0 2536 3934; ppageno 0'>
   <div class='ocr_carea' id='block_1_1' title="bbox 303 250 1046 345">
    <p class='ocr_par' dir='ltr' id='par_1_1' title="bbox 303 250 1046 345">
     <span class='ocr_line' id='line_1_1' title="bbox 303 250 1046 345; baseline 0 -28"><span class='ocrx_word' id='word_1_1' title='bbox 303 260 414 345; x_wconf 66' lang='grc' dir='ltr'><strong><em>Δτιτι.</em></strong></span> <span class='ocrx_word' id='word_1_2' title='bbox 445 261 467 320; x_wconf 88' lang='lat'><strong><em>1.</em></strong></span> <span class='ocrx_word' id='word_1_3' title='bbox 500 259 596 317; x_wconf 79' lang='grc' dir='ltr'><strong><em>ολο.</em></strong></span> <span class='ocrx_word' id='word_1_4' title='bbox 626 262 783 320; x_wconf 78' lang='grc' dir='ltr'><strong><em>οι-ιοα</em></strong></span> <span class='ocrx_word' id='word_1_5' title='bbox 1005 250 1046 317; x_wconf 82' lang='lat'><strong><em>55</em></strong></span> 
     </span>
    </p>
   </div>
   <div class='ocr_carea' id='block_1_2' title="bbox 83 410 1046 608">
    <p class='ocr_par' dir='ltr' id='par_1_2' title="bbox 83 410 1046 608">
     <span class='ocr_line' id='line_1_2' title="bbox 84 410 1046 506; baseline 0.001 -23"><span class='ocrx_word' id='word_1_6' title='bbox 84 416 110 484; x_wconf 77' lang='grc' dir='ltr'><strong><em>δέ</em></strong></span> <span class='ocrx_word' id='word_1_7' title='bbox 125 413 224 486; x_wconf 77' lang='grc' dir='ltr'><strong><em>αότόν</em></strong></span> <span class='ocrx_word' id='word_1_8' title='bbox 243 417 400 506; x_wconf 86' lang='grc' dir='ltr'><strong><em>μέγιστόν</em></strong></span> <span class='ocrx_word' id='word_1_9' title='bbox 421 421 487 487; x_wconf 83' lang='grc' dir='ltr'><strong><em>ε’στι</em></strong></span> <span class='ocrx_word' id='word_1_10' title='bbox 501 429 605 503; x_wconf 76' lang='grc' dir='ltr'><strong><em>τεῖχος</em></strong></span> <span class='ocrx_word' id='word_1_11' title='bbox 626 411 708 483; x_wconf 85' lang='grc' dir='ltr'><strong><em>κατά</em></strong></span> <span class='ocrx_word' id='word_1_12' title='bbox 723 410 782 484; x_wconf 84' lang='grc' dir='ltr'><strong><em>τόν</em></strong></span> <span class='ocrx_word' id='word_1_13' title='bbox 799 412 969 503; x_wconf 81' lang='grc' dir='ltr'><strong><em>Ἀθηνέωυ</em></strong></span> <span class='ocrx_word' id='word_1_14' title='bbox 983 413 1046 484; x_wconf 84' lang='grc' dir='ltr'><strong><em>κά-</em></strong></span> 
     </span>
     <span class='ocr_line' id='line_1_3' title="bbox 83 510 1046 608; baseline 0.002 -27"><span class='ocrx_word' id='word_1_15' title='bbox 83 522 145 582; x_wconf 89' lang='grc' dir='ltr'><strong><em>ιλου</em></strong></span> <span class='ocrx_word' id='word_1_16' title='bbox 162 516 298 603; x_wconf 88' lang='grc' dir='ltr'><strong><em>μάλιστά</em></strong></span> <span class='ocrx_word' id='word_1_17' title='bbox 318 546 361 608; x_wconf 84' lang='grc' dir='ltr'><strong><em>κη</em></strong></span> <span class='ocrx_word' id='word_1_18' title='bbox 381 513 418 585; x_wconf 85' lang='grc' dir='ltr'><strong><em>τό</em></strong></span> <span class='ocrx_word' id='word_1_19' title='bbox 438 519 592 604; x_wconf 85' lang='grc' dir='ltr'><strong><em>μέγαθος.</em></strong></span> <span class='ocrx_word' id='word_1_20' title='bbox 629 518 690 581; x_wconf 85' lang='grc' dir='ltr'><strong><em>τοῦ</em></strong></span> <span class='ocrx_word' id='word_1_21' title='bbox 705 516 767 599; x_wconf 75' lang='grc' dir='ltr'><strong><em>μὲν</em></strong></span> <span class='ocrx_word' id='word_1_22' title='bbox 781 510 821 600; x_wconf 70' lang='grc' dir='ltr'><strong><em>δὴ</em></strong></span> <span class='ocrx_word' id='word_1_23' title='bbox 835 514 970 600; x_wconf 86' lang='grc' dir='ltr'><strong><em>πράτου</em></strong></span> <span class='ocrx_word' id='word_1_24' title='bbox 982 514 1046 585; x_wconf 83' lang='grc' dir='ltr'><strong><em>κά-</em></strong></span> 
     </span>
    </p>
   </div>
   <div class='ocr_carea' id='block_1_3' title="bbox 81 611 1116 3541">
    <p class='ocr_par' dir='ltr' id='par_1_3' title="bbox 81 611 1116 3541">
     <span class='ocr_line' id='line_1_4' title="bbox 82 611 1046 704; baseline 0.005 -26"><span class='ocrx_word' id='word_1_25' title='bbox 82 618 187 682; x_wconf 85' lang='grc' dir='ltr'><strong><em>ιλουοί</em></strong></span> <span class='ocrx_word' id='word_1_26' title='bbox 196 616 425 704; x_wconf 79' lang='grc' dir='ltr'><strong><em>προμαχεῶυές</em></strong></span> <span class='ocrx_word' id='word_1_27' title='bbox 439 619 501 681; x_wconf 88' lang='grc' dir='ltr'><strong><em>είσι</em></strong></span> <span class='ocrx_word' id='word_1_28' title='bbox 520 612 651 698; x_wconf 76' lang='grc' dir='ltr'><strong><em>λευκοὶ,</em></strong></span> <span class='ocrx_word' id='word_1_29' title='bbox 671 617 732 679; x_wconf 83' lang='grc' dir='ltr'><strong><em>τοῦ</em></strong></span> <span class='ocrx_word' id='word_1_30' title='bbox 754 611 790 679; x_wconf 75' lang='grc' dir='ltr'><strong><em>δέ</em></strong></span> <span class='ocrx_word' id='word_1_31' title='bbox 810 615 966 699; x_wconf 77' lang='grc' dir='ltr'><em>δευτέρου</em></span> <span class='ocrx_word' id='word_1_32' title='bbox 986 616 1046 699; x_wconf 84' lang='grc' dir='ltr'><strong><em>μέ-</em></strong></span> 
     </span>
     <span class='ocr_line' id='line_1_5' title="bbox 82 707 1044 798; baseline 0.002 -24"><span class='ocrx_word' id='word_1_33' title='bbox 82 713 166 795; x_wconf 84' lang='grc' dir='ltr'><strong><em>λανες,</em></strong></span> <span class='ocrx_word' id='word_1_34' title='bbox 179 718 289 797; x_wconf 90' lang='grc' dir='ltr'><strong><em>τρίτου</em></strong></span> <span class='ocrx_word' id='word_1_35' title='bbox 300 714 336 781; x_wconf 74' lang='grc' dir='ltr'><strong><em>δε</em></strong></span> <span class='ocrx_word' id='word_1_36' title='bbox 350 711 478 780; x_wconf 85' lang='grc' dir='ltr'><strong><em>κάκλου</em></strong></span> <span class='ocrx_word' id='word_1_37' title='bbox 488 716 668 798; x_wconf 81' lang='grc' dir='ltr'><strong><em>φοινίκεοι,</em></strong></span> <span class='ocrx_word' id='word_1_38' title='bbox 680 707 839 796; x_wconf 76' lang='grc' dir='ltr'><strong><em>τετάρτου</em></strong></span> <span class='ocrx_word' id='word_1_39' title='bbox 850 709 886 778; x_wconf 75' lang='grc' dir='ltr'><strong><em>δὲ</em></strong></span> <span class='ocrx_word' id='word_1_40' title='bbox 896 709 1044 796; x_wconf 78' lang='grc' dir='ltr'><strong><em>κυάνεοι,</em></strong></span> 
     </span>
     <span class='ocr_line' id='line_1_6' title="bbox 81 806 1115 897; baseline 0.002 -24"><span class='ocrx_word' id='word_1_41' title='bbox 81 810 205 892; x_wconf 83' lang='grc' dir='ltr'><strong><em>πέμπτου</em></strong></span> <span class='ocrx_word' id='word_1_42' title='bbox 224 811 260 878; x_wconf 80' lang='grc' dir='ltr'><strong><em>δέ</em></strong></span> <span class='ocrx_word' id='word_1_43' title='bbox 280 809 530 897; x_wconf 88' lang='grc' dir='ltr'><strong><em>σανδαράκινοι.</em></strong></span> <span class='ocrx_word' id='word_1_44' title='bbox 570 806 659 876; x_wconf 80' lang='grc' dir='ltr'><strong><em>οὕτω</em></strong></span> <span class='ocrx_word' id='word_1_45' title='bbox 678 806 815 876; x_wconf 88' lang='grc' dir='ltr'><strong><em>πάντων</em></strong></span> <span class='ocrx_word' id='word_1_46' title='bbox 828 814 897 877; x_wconf 79' lang='grc' dir='ltr'><strong><em>τῶν</em></strong></span> <span class='ocrx_word' id='word_1_47' title='bbox 911 807 1045 878; x_wconf 81' lang='grc' dir='ltr'><strong><em>κύκλων</em></strong></span> <span class='ocrx_word' id='word_1_48' title='bbox 1112 810 1115 814; x_wconf 67' lang='grc'><em>’</em></span> 
     </span>
     <span class='ocr_line' id='line_1_7' title="bbox 81 902 1045 995; baseline 0 -24"><span class='ocrx_word' id='word_1_49' title='bbox 81 907 107 971; x_wconf 91' lang='grc' dir='ltr'><strong><em>οί</em></strong></span> <span class='ocrx_word' id='word_1_50' title='bbox 119 916 337 995; x_wconf 75' lang='grc' dir='ltr'><strong><em>προμαχεῶνες</em></strong></span> <span class='ocrx_word' id='word_1_51' title='bbox 357 905 556 995; x_wconf 75' lang='grc' dir='ltr'><strong><em>ἠνθισμένοι</em></strong></span> <span class='ocrx_word' id='word_1_52' title='bbox 582 906 644 973; x_wconf 81' lang='grc' dir='ltr'><strong><em>είσὶ</em></strong></span> <span class='ocrx_word' id='word_1_53' title='bbox 665 904 888 993; x_wconf 89' lang='grc' dir='ltr'><strong><em>φαρμάκοισι·</em></strong></span> <span class='ocrx_word' id='word_1_54' title='bbox 923 902 985 974; x_wconf 85' lang='grc' dir='ltr'><strong><em>δάο</em></strong></span> <span class='ocrx_word' id='word_1_55' title='bbox 1009 905 1045 972; x_wconf 70' lang='grc' dir='ltr'><strong><em>δὲ</em></strong></span> 
     </span>
     <span class='ocr_line' id='line_1_8' title="bbox 82 1000 1046 1091; baseline 0.003 -24"><span class='ocrx_word' id='word_1_56' title='bbox 82 1004 281 1089; x_wconf 80' lang='grc' dir='ltr'><strong><em>οίτελευτοιίοί</em></strong></span> <span class='ocrx_word' id='word_1_57' title='bbox 299 1011 362 1075; x_wconf 84' lang='grc' dir='ltr'><strong><em>είσι</em></strong></span> <span class='ocrx_word' id='word_1_58' title='bbox 383 1003 478 1091; x_wconf 79' lang='grc' dir='ltr'><strong><em>ὁμὲν</em></strong></span> <span class='ocrx_word' id='word_1_59' title='bbox 497 1005 834 1091; x_wconf 89' lang='grc' dir='ltr'><strong><em>καταργυρωμένους,</em></strong></span> <span class='ocrx_word' id='word_1_60' title='bbox 855 1000 873 1073; x_wconf 92' lang='lat'><strong><em>5</em></strong></span> <span class='ocrx_word' id='word_1_61' title='bbox 894 1005 930 1072; x_wconf 74' lang='grc' dir='ltr'><strong><em>δέ</em></strong></span> <span class='ocrx_word' id='word_1_62' title='bbox 944 1030 1046 1071; x_wconf 84' lang='grc' dir='ltr'><strong><em>κατα·</em></strong></span> 
     </span>
     <span class='ocr_line' id='line_1_9' title="bbox 82 1100 1094 1191; baseline -0.002 -21"><span class='ocrx_word' id='word_1_63' title='bbox 82 1105 324 1189; x_wconf 73' lang='grc' dir='ltr'><strong><em>ωηρυσωμένους</em></strong></span> <span class='ocrx_word' id='word_1_64' title='bbox 349 1109 433 1191; x_wconf 78' lang='grc' dir='ltr'><strong><em>ἔχων</em></strong></span> <span class='ocrx_word' id='word_1_65' title='bbox 457 1100 537 1184; x_wconf 82' lang='grc' dir='ltr'><strong><em>τούς</em></strong></span> <span class='ocrx_word' id='word_1_66' title='bbox 560 1107 803 1190; x_wconf 77' lang='grc' dir='ltr'><strong><em>προμαχεῶνας.</em></strong></span> <span class='ocrx_word' id='word_1_67' title='bbox 847 1110 958 1170; x_wconf 84' lang='grc' dir='ltr'><strong><em>Ταῦτα</em></strong></span> <span class='ocrx_word' id='word_1_68' title='bbox 981 1102 1043 1187; x_wconf 75' lang='grc' dir='ltr'><strong><em>μέν</em></strong></span> <span class='ocrx_word' id='word_1_69' title='bbox 1058 1105 1094 1162; x_wconf 76' lang='lat'><strong><em>99</em></strong></span> 
     </span>
     <span class='ocr_line' id='line_1_10' title="bbox 83 1191 1045 1290; baseline 0.002 -27"><span class='ocrx_word' id='word_1_70' title='bbox 83 1191 112 1280; x_wconf 73' lang='grc' dir='ltr'><strong><em>δὴ</em></strong></span> <span class='ocrx_word' id='word_1_71' title='bbox 127 1191 295 1285; x_wconf 81' lang='grc' dir='ltr'><strong><em>όΔηιόκης</em></strong></span> <span class='ocrx_word' id='word_1_72' title='bbox 316 1202 428 1290; x_wconf 77' lang='grc' dir='ltr'><strong><em>ἑωυτῷ</em></strong></span> <span class='ocrx_word' id='word_1_73' title='bbox 448 1225 484 1267; x_wconf 87' lang='grc' dir='ltr'><strong><em>τε</em></strong></span> <span class='ocrx_word' id='word_1_74' title='bbox 505 1201 622 1286; x_wconf 76' lang='grc' dir='ltr'><strong><em>ἐτείχεε</em></strong></span> <span class='ocrx_word' id='word_1_75' title='bbox 640 1200 783 1285; x_wconf 74' lang='grc' dir='ltr'><strong><em>καὶπερὶ</em></strong></span> <span class='ocrx_word' id='word_1_76' title='bbox 797 1195 837 1267; x_wconf 83' lang='grc' dir='ltr'><strong><em>τά</em></strong></span> <span class='ocrx_word' id='word_1_77' title='bbox 853 1200 978 1267; x_wconf 81' lang='grc' dir='ltr'><strong><em>ἑωυτοῦ</em></strong></span> <span class='ocrx_word' id='word_1_78' title='bbox 994 1203 1045 1265; x_wconf 85' lang='lat' dir='ltr'><strong><em>ol·</em></strong></span> 
     </span>
     <span class='ocr_line' id='line_1_11' title="bbox 81 1293 1042 1385; baseline 0.005 -27"><span class='ocrx_word' id='word_1_79' title='bbox 81 1296 130 1379; x_wconf 79' lang='grc' dir='ltr'><strong><em>αία,</em></strong></span> <span class='ocrx_word' id='word_1_80' title='bbox 141 1293 194 1363; x_wconf 87' lang='grc' dir='ltr'><strong><em>τόν</em></strong></span> <span class='ocrx_word' id='word_1_81' title='bbox 205 1297 241 1365; x_wconf 75' lang='grc' dir='ltr'><strong><em>δὲ</em></strong></span> <span class='ocrx_word' id='word_1_82' title='bbox 254 1296 359 1367; x_wconf 79' lang='grc' dir='ltr'><strong><em>ἄλλον</em></strong></span> <span class='ocrx_word' id='word_1_83' title='bbox 373 1303 481 1384; x_wconf 81' lang='grc' dir='ltr'><strong><em>δῆμον</em></strong></span> <span class='ocrx_word' id='word_1_84' title='bbox 493 1300 586 1385; x_wconf 82' lang='grc' dir='ltr'><strong><em>πέριξ</em></strong></span> <span class='ocrx_word' id='word_1_85' title='bbox 601 1299 731 1365; x_wconf 85' lang='grc' dir='ltr'><strong><em>ἐκέλευε</em></strong></span> <span class='ocrx_word' id='word_1_86' title='bbox 745 1293 781 1364; x_wconf 88' lang='grc' dir='ltr'><strong><em>τό</em></strong></span> <span class='ocrx_word' id='word_1_87' title='bbox 797 1311 898 1383; x_wconf 85' lang='grc' dir='ltr'><strong><em>τείχος</em></strong></span> <span class='ocrx_word' id='word_1_88' title='bbox 912 1299 1042 1365; x_wconf 90' lang='grc' dir='ltr'><strong><em>οίκέειν.</em></strong></span> 
     </span>
     <span class='ocr_line' id='line_1_12' title="bbox 82 1390 1045 1481; baseline 0.002 -25"><span class='ocrx_word' id='word_1_89' title='bbox 82 1394 343 1479; x_wconf 68' lang='grc' dir='ltr'><strong><em>οἰκοδομηθέντων</em></strong></span> <span class='ocrx_word' id='word_1_90' title='bbox 353 1395 390 1462; x_wconf 73' lang='grc' dir='ltr'><strong><em>δε</em></strong></span> <span class='ocrx_word' id='word_1_91' title='bbox 400 1391 537 1463; x_wconf 89' lang='grc' dir='ltr'><strong><em>πάντων</em></strong></span> <span class='ocrx_word' id='word_1_92' title='bbox 550 1392 677 1481; x_wconf 89' lang='grc' dir='ltr'><strong><em>κόσμον</em></strong></span> <span class='ocrx_word' id='word_1_93' title='bbox 687 1390 785 1461; x_wconf 89' lang='grc' dir='ltr'><strong><em>τόνδε</em></strong></span> <span class='ocrx_word' id='word_1_94' title='bbox 794 1391 942 1480; x_wconf 81' lang='grc' dir='ltr'><strong><em>Δηιόκης</em></strong></span> <span class='ocrx_word' id='word_1_95' title='bbox 952 1397 1045 1478; x_wconf 82' lang='grc' dir='ltr'><strong><em>πρῶ·</em></strong></span> 
     </span>
     <span class='ocr_line' id='line_1_13' title="bbox 81 1485 1044 1579; baseline 0.006 -28"><span class='ocrx_word' id='word_1_96' title='bbox 81 1485 122 1564; x_wconf 84' lang='grc' dir='ltr'><strong><em>τός</em></strong></span> <span class='ocrx_word' id='word_1_97' title='bbox 132 1489 190 1557; x_wconf 89' lang='grc' dir='ltr'><strong><em>ἐστι</em></strong></span> <span class='ocrx_word' id='word_1_98' title='bbox 203 1486 220 1559; x_wconf 93' lang='lat'><strong><em>5</em></strong></span> <span class='ocrx_word' id='word_1_99' title='bbox 238 1490 545 1579; x_wconf 83' lang='grc' dir='ltr'><strong><em>καταστησάμενος,</em></strong></span> <span class='ocrx_word' id='word_1_100' title='bbox 567 1491 648 1578; x_wconf 78' lang='grc' dir='ltr'><strong><em>μήτε</em></strong></span> <span class='ocrx_word' id='word_1_101' title='bbox 668 1493 790 1559; x_wconf 79' lang='grc' dir='ltr'><strong><em>ἐσιέναι</em></strong></span> <span class='ocrx_word' id='word_1_102' title='bbox 803 1487 893 1577; x_wconf 81' lang='grc' dir='ltr'><strong><em>παρὰ</em></strong></span> <span class='ocrx_word' id='word_1_103' title='bbox 907 1489 1044 1578; x_wconf 76' lang='grc' dir='ltr'><strong><em>βασιλέα</em></strong></span> 
     </span>
     <span class='ocr_line' id='line_1_14' title="bbox 81 1585 1043 1675; baseline 0.001 -22"><span class='ocrx_word' id='word_1_104' title='bbox 81 1588 195 1674; x_wconf 71' lang='grc' dir='ltr'><strong><em>μηδένα,</em></strong></span> <span class='ocrx_word' id='word_1_105' title='bbox 219 1586 264 1656; x_wconf 88' lang='grc' dir='ltr'><strong><em>δι’</em></strong></span> <span class='ocrx_word' id='word_1_106' title='bbox 288 1586 440 1675; x_wconf 86' lang='grc' dir='ltr'><strong><em>άγγέλων</em></strong></span> <span class='ocrx_word' id='word_1_107' title='bbox 468 1591 504 1658; x_wconf 72' lang='grc' dir='ltr'><strong><em>δέ</em></strong></span> <span class='ocrx_word' id='word_1_108' title='bbox 524 1588 633 1658; x_wconf 88' lang='grc' dir='ltr'><strong><em>πάντα</em></strong></span> <span class='ocrx_word' id='word_1_109' title='bbox 658 1596 820 1675; x_wconf 84' lang='grc' dir='ltr'><strong><em>χρᾶσθαι,</em></strong></span> <span class='ocrx_word' id='word_1_110' title='bbox 845 1585 994 1673; x_wconf 81' lang='grc' dir='ltr'><strong><em>ὁρᾶσθαί</em></strong></span> <span class='ocrx_word' id='word_1_111' title='bbox 1007 1610 1043 1654; x_wconf 91' lang='grc' dir='ltr'><strong><em>τε</em></strong></span> 
     </span>
     <span class='ocr_line' id='line_1_15' title="bbox 82 1681 1045 1775; baseline 0.005 -27"><span class='ocrx_word' id='word_1_112' title='bbox 82 1685 188 1764; x_wconf 75' lang='grc' dir='ltr'><strong><em>βασιλέα</em></strong></span> <span class='ocrx_word' id='word_1_113' title='bbox 212 1681 278 1754; x_wconf 84' lang='grc' dir='ltr'><strong><em>ὑπό</em></strong></span> <span class='ocrx_word' id='word_1_114' title='bbox 306 1685 466 1772; x_wconf 85' lang='grc' dir='ltr'><strong><em>μηδενός,</em></strong></span> <span class='ocrx_word' id='word_1_115' title='bbox 494 1686 579 1775; x_wconf 86' lang='grc' dir='ltr'><strong><em>πρός</em></strong></span> <span class='ocrx_word' id='word_1_116' title='bbox 598 1711 633 1755; x_wconf 85' lang='grc' dir='ltr'><strong><em>τε</em></strong></span> <span class='ocrx_word' id='word_1_117' title='bbox 654 1686 801 1754; x_wconf 84' lang='grc' dir='ltr'><strong><em>τούτοισι</em></strong></span> <span class='ocrx_word' id='word_1_118' title='bbox 820 1692 867 1756; x_wconf 81' lang='grc' dir='ltr'><strong><em>ἔτι</em></strong></span> <span class='ocrx_word' id='word_1_119' title='bbox 888 1692 990 1773; x_wconf 82' lang='grc' dir='ltr'><strong><em>γελᾶν</em></strong></span> <span class='ocrx_word' id='word_1_120' title='bbox 1009 1709 1045 1753; x_wconf 82' lang='grc' dir='ltr'><strong><em>τε</em></strong></span> 
     </span>
     <span class='ocr_line' id='line_1_16' title="bbox 82 1778 1042 1902; baseline 0.007 -60"><span class='ocrx_word' id='word_1_121' title='bbox 82 1779 120 1844; x_wconf 79' lang='grc' dir='ltr'><strong><em>καί</em></strong></span> <span class='ocrx_word' id='word_1_122' title='bbox 135 1778 243 1850; x_wconf 84' lang='grc' dir='ltr'><strong><em>κτάειν</em></strong></span> <span class='ocrx_word' id='word_1_123' title='bbox 262 1780 382 1852; x_wconf 86' lang='grc' dir='ltr'><strong><em>άυτίου</em></strong></span> <span class='ocrx_word' id='word_1_124' title='bbox 401 1783 499 1852; x_wconf 77' lang='grc' dir='ltr'><strong><em>καλ“</em></strong></span> <span class='ocrx_word' id='word_1_125' title='bbox 476 1803 579 1853; x_wconf 90' lang='grc' dir='ltr'><strong><em>απασι</em></strong></span> <span class='ocrx_word' id='word_1_126' title='bbox 602 1782 702 1853; x_wconf 84' lang='grc' dir='ltr'><strong><em>τοῦτό</em></strong></span> <span class='ocrx_word' id='word_1_127' title='bbox 726 1809 766 1871; x_wconf 90' lang='grc' dir='ltr'><strong><em>γε</em></strong></span> <span class='ocrx_word' id='word_1_128' title='bbox 789 1784 873 1853; x_wconf 82' lang='grc' dir='ltr'><strong><em>εἶναι</em></strong></span> <span class='ocrx_word' id='word_1_129' title='bbox 897 1780 1042 1902; x_wconf 77' lang='grc' dir='ltr'><strong><em>αἰσχρόν.</em></strong></span> 
     </span>
     <span class='ocr_line' id='line_1_17' title="bbox 84 1879 1045 1969; baseline 0.005 -27"><span class='ocrx_word' id='word_1_130' title='bbox 84 1881 211 1949; x_wconf 70' lang='grc' dir='ltr'><strong><em>τοῦτοδὲ</em></strong></span> <span class='ocrx_word' id='word_1_131' title='bbox 230 1884 309 1968; x_wconf 82' lang='grc' dir='ltr'><strong><em>περί</em></strong></span> <span class='ocrx_word' id='word_1_132' title='bbox 330 1879 455 1951; x_wconf 86' lang='grc' dir='ltr'><strong><em>ἐοιυτόυ</em></strong></span> <span class='ocrx_word' id='word_1_133' title='bbox 476 1884 636 1969; x_wconf 79' lang='grc' dir='ltr'><strong><em>ἐσέμνυνε</em></strong></span> <span class='ocrx_word' id='word_1_134' title='bbox 659 1884 821 1951; x_wconf 75' lang='grc' dir='ltr'><strong><em>τῶνδε“</em></strong></span> <span class='ocrx_word' id='word_1_135' title='bbox 789 1907 933 1968; x_wconf 88' lang='grc' dir='ltr'><strong><em>ειυεκευ,</em></strong></span> <span class='ocrx_word' id='word_1_136' title='bbox 958 1879 1045 1959; x_wconf 82' lang='grc' dir='ltr'><strong><em>ὅκως</em></strong></span> 
     </span>
     <span class='ocr_line' id='line_1_18' title="bbox 83 1973 1045 2072; baseline 0.003 -26"><span class='ocrx_word' id='word_1_137' title='bbox 83 1966 156 2063; x_wconf 71' lang='grc' dir='ltr'><strong><em>ἶνμη</em></strong></span> <span class='ocrx_word' id='word_1_138' title='bbox 146 1974 321 2065; x_wconf 83' lang='grc' dir='ltr'><strong><em>ὁρέοντες</em></strong></span> <span class='ocrx_word' id='word_1_139' title='bbox 340 1985 376 2050; x_wconf 90' lang='grc' dir='ltr'><strong><em>οί</em></strong></span> <span class='ocrx_word' id='word_1_140' title='bbox 387 1977 542 2069; x_wconf 82' lang='grc' dir='ltr'><strong><em>ὁμήλικες</em></strong></span> <span class='ocrx_word' id='word_1_141' title='bbox 556 1980 667 2060; x_wconf 80' lang='grc' dir='ltr'><strong><em>ἐόντες</em></strong></span> <span class='ocrx_word' id='word_1_142' title='bbox 683 1973 898 2068; x_wconf 80' lang='grc' dir='ltr'><strong><em>σύντροφοί</em></strong></span> <span class='ocrx_word' id='word_1_143' title='bbox 881 2006 917 2050; x_wconf 91' lang='grc' dir='ltr'><strong><em>τε</em></strong></span> <span class='ocrx_word' id='word_1_144' title='bbox 930 1982 1045 2072; x_wconf 85' lang='grc' dir='ltr'><strong><em>ἐκείνφ</em></strong></span> 
     </span>
     <span class='ocr_line' id='line_1_19' title="bbox 84 2073 1045 2167; baseline 0.007 -31"><span class='ocrx_word' id='word_1_145' title='bbox 84 2073 194 2146; x_wconf 81' lang='grc' dir='ltr'><strong><em>ιαλοίκί</em></strong></span> <span class='ocrx_word' id='word_1_146' title='bbox 150 2081 229 2167; x_wconf 89' lang='grc' dir='ltr'><strong><em>ίιιίης</em></strong></span> <span class='ocrx_word' id='word_1_147' title='bbox 248 2103 294 2149; x_wconf 92' lang='grc' dir='ltr'><strong><em>ου</em></strong></span> <span class='ocrx_word' id='word_1_148' title='bbox 280 2078 537 2166; x_wconf 80' lang='grc' dir='ltr'><strong><em>’φλαυροτέρης</em></strong></span> <span class='ocrx_word' id='word_1_149' title='bbox 576 2077 655 2147; x_wconf 70' lang='grc' dir='ltr'><strong><em>οὐδὲ</em></strong></span> <span class='ocrx_word' id='word_1_150' title='bbox 675 2079 708 2157; x_wconf 87' lang='grc' dir='ltr'><strong><em>ές</em></strong></span> <span class='ocrx_word' id='word_1_151' title='bbox 729 2075 961 2164; x_wconf 78' lang='grc' dir='ltr'><strong><em>ἀνδραγαθίην</em></strong></span> <span class='ocrx_word' id='word_1_152' title='bbox 974 2085 1045 2145; x_wconf 80' lang='grc' dir='ltr'><strong><em>λει-</em></strong></span> 
     </span>
     <span class='ocr_line' id='line_1_20' title="bbox 84 2164 1046 2263; baseline 0.001 -23"><span class='ocrx_word' id='word_1_153' title='bbox 84 2164 207 2261; x_wconf 68' lang='grc' dir='ltr'><strong><em>τόμενοι,</em></strong></span> <span class='ocrx_word' id='word_1_154' title='bbox 231 2182 412 2246; x_wconf 89' lang='grc' dir='ltr'><strong><em>λυπεοίατο</em></strong></span> <span class='ocrx_word' id='word_1_155' title='bbox 433 2179 487 2244; x_wconf 80' lang='grc' dir='ltr'><strong><em>καὶ</em></strong></span> <span class='ocrx_word' id='word_1_156' title='bbox 506 2173 776 2263; x_wconf 81' lang='grc' dir='ltr'><strong><em>ἐπιβουλεύοιεν,</em></strong></span> <span class='ocrx_word' id='word_1_157' title='bbox 801 2169 875 2242; x_wconf 79' lang='grc' dir='ltr'><strong><em>ἀλλ’</em></strong></span> <span class='ocrx_word' id='word_1_158' title='bbox 903 2168 1046 2262; x_wconf 74' lang='grc' dir='ltr'><strong><em>ἑτεροῖός</em></strong></span> 
     </span>
     <span class='ocr_line' id='line_1_21' title="bbox 83 2266 1113 2369; baseline 0.001 -31"><span class='ocrx_word' id='word_1_159' title='bbox 83 2284 125 2352; x_wconf 78' lang='grc' dir='ltr'><strong><em>σφι</em></strong></span> <span class='ocrx_word' id='word_1_160' title='bbox 139 2275 239 2344; x_wconf 85' lang='grc' dir='ltr'><strong><em>δοκέοι</em></strong></span> <span class='ocrx_word' id='word_1_161' title='bbox 259 2273 400 2369; x_wconf 76' lang='grc' dir='ltr'><strong><em>εἶναι</em></strong></span> <span class='ocrx_word' id='word_1_162' title='bbox 359 2301 404 2361; x_wconf 92' lang='grc' dir='ltr'><strong><em>μη</em></strong></span> <span class='ocrx_word' id='word_1_163' title='bbox 420 2273 563 2359; x_wconf 83' lang='grc' dir='ltr'><strong><em>ὁρέουσι.</em></strong></span> <span class='ocrx_word' id='word_1_164' title='bbox 618 2266 744 2339; x_wconf 83' lang='grc' dir='ltr'><strong><em>Ἐπείτε</em></strong></span> <span class='ocrx_word' id='word_1_165' title='bbox 768 2274 920 2342; x_wconf 70' lang='grc' dir='ltr'><strong><em>δὲταῦτα</em></strong></span> <span class='ocrx_word' id='word_1_166' title='bbox 935 2268 1046 2341; x_wconf 51' lang='grc' dir='ltr'><strong><em>διεκόι·</em></strong></span> <span class='ocrx_word' id='word_1_167' title='bbox 1066 2284 1113 2339; x_wconf 82' lang='lat'><strong><em>100</em></strong></span> 
     </span>
     <span class='ocr_line' id='line_1_22' title="bbox 82 2364 1044 2462; baseline 0.002 -25"><span class='ocrx_word' id='word_1_168' title='bbox 82 2382 160 2453; x_wconf 78' lang='grc' dir='ltr'><strong><em>σγησε</em></strong></span> <span class='ocrx_word' id='word_1_169' title='bbox 178 2376 229 2442; x_wconf 79' lang='grc' dir='ltr'><strong><em>καί</em></strong></span> <span class='ocrx_word' id='word_1_170' title='bbox 249 2371 451 2458; x_wconf 78' lang='grc' dir='ltr'><strong><em>ἐκράτυνε</em></strong></span> <span class='ocrx_word' id='word_1_171' title='bbox 425 2370 560 2442; x_wconf 84' lang='grc' dir='ltr'><strong><em>εωυτδυ</em></strong></span> <span class='ocrx_word' id='word_1_172' title='bbox 583 2380 623 2462; x_wconf 78' lang='grc' dir='ltr'><strong><em>τῇ</em></strong></span> <span class='ocrx_word' id='word_1_173' title='bbox 632 2364 884 2460; x_wconf 90' lang='grc' dir='ltr'><strong><em>τυραννίδι,</em></strong></span> <span class='ocrx_word' id='word_1_174' title='bbox 862 2399 905 2458; x_wconf 90' lang='grc' dir='ltr'><strong><em>ην</em></strong></span> <span class='ocrx_word' id='word_1_175' title='bbox 930 2367 966 2439; x_wconf 82' lang='grc' dir='ltr'><strong><em>τό</em></strong></span> <span class='ocrx_word' id='word_1_176' title='bbox 992 2374 1044 2439; x_wconf 86' lang='grc' dir='ltr'><strong><em>δί-</em></strong></span> 
     </span>
     <span class='ocr_line' id='line_1_23' title="bbox 82 2468 1044 2557; baseline 0.009 -31"><span class='ocrx_word' id='word_1_177' title='bbox 82 2484 154 2530; x_wconf 83' lang='grc' dir='ltr'><strong><em>καιον</em></strong></span> <span class='ocrx_word' id='word_1_178' title='bbox 172 2469 354 2554; x_wconf 88' lang='grc' dir='ltr'><strong><em>φυλάσσων</em></strong></span> <span class='ocrx_word' id='word_1_179' title='bbox 371 2469 520 2557; x_wconf 88' lang='grc' dir='ltr'><strong><em>χαλεπός.</em></strong></span> <span class='ocrx_word' id='word_1_180' title='bbox 557 2470 612 2540; x_wconf 80' lang='grc' dir='ltr'><strong><em>καλ</em></strong></span> <span class='ocrx_word' id='word_1_181' title='bbox 632 2468 691 2549; x_wconf 88' lang='grc' dir='ltr'><strong><em>τάς</em></strong></span> <span class='ocrx_word' id='word_1_182' title='bbox 703 2496 739 2538; x_wconf 90' lang='grc' dir='ltr'><strong><em>τε</em></strong></span> <span class='ocrx_word' id='word_1_183' title='bbox 752 2473 844 2549; x_wconf 90' lang='grc' dir='ltr'><strong><em>δίκας</em></strong></span> <span class='ocrx_word' id='word_1_184' title='bbox 857 2468 1044 2557; x_wconf 80' lang='grc' dir='ltr'><strong><em>γράφοντες</em></strong></span> 
     </span>
     <span class='ocr_line' id='line_1_24' title="bbox 83 2564 1043 2688; baseline 0.011 -66"><span class='ocrx_word' id='word_1_185' title='bbox 83 2566 210 2674; x_wconf 85' lang='grc' dir='ltr'><strong><em>είσοπαρ</em></strong></span> <span class='ocrx_word' id='word_1_186' title='bbox 208 2564 364 2638; x_wconf 85' lang='grc' dir='ltr'><strong><em>’ἐκείνου</em></strong></span> <span class='ocrx_word' id='word_1_187' title='bbox 379 2571 624 2656; x_wconf 89' lang='grc' dir='ltr'><strong><em>ἐσπέμπεσκον,</em></strong></span> <span class='ocrx_word' id='word_1_188' title='bbox 643 2567 699 2636; x_wconf 80' lang='grc' dir='ltr'><strong><em>καὶ</em></strong></span> <span class='ocrx_word' id='word_1_189' title='bbox 717 2569 841 2647; x_wconf 89' lang='grc' dir='ltr'><strong><em>ἐκείυος</em></strong></span> <span class='ocrx_word' id='word_1_190' title='bbox 862 2575 1043 2688; x_wconf 81' lang='grc' dir='ltr'><strong><em>διμκρέυοιν</em></strong></span> 
     </span>
     <span class='ocr_line' id='line_1_25' title="bbox 84 2650 1044 2785; baseline 0.001 -51"><span class='ocrx_word' id='word_1_191' title='bbox 84 2650 123 2734; x_wconf 68' lang='grc' dir='ltr'><strong><em>ῑές</em></strong></span> <span class='ocrx_word' id='word_1_192' title='bbox 133 2660 348 2752; x_wconf 70' lang='grc' dir='ltr'><strong><em>ἐσφερομένας</em></strong></span> <span class='ocrx_word' id='word_1_193' title='bbox 360 2667 572 2785; x_wconf 84' lang='grc' dir='ltr'><strong><em>ἐκπέμπεσκε.</em></strong></span> <span class='ocrx_word' id='word_1_194' title='bbox 616 2671 720 2733; x_wconf 81' lang='grc' dir='ltr'><strong><em>ταῦτα</em></strong></span> <span class='ocrx_word' id='word_1_195' title='bbox 742 2666 804 2749; x_wconf 75' lang='grc' dir='ltr'><strong><em>μέν</em></strong></span> <span class='ocrx_word' id='word_1_196' title='bbox 825 2665 907 2736; x_wconf 86' lang='grc' dir='ltr'><strong><em>κατά</em></strong></span> <span class='ocrx_word' id='word_1_197' title='bbox 920 2664 978 2745; x_wconf 80' lang='grc' dir='ltr'><strong><em>τάς</em></strong></span> <span class='ocrx_word' id='word_1_198' title='bbox 992 2670 1044 2735; x_wconf 88' lang='grc' dir='ltr'><strong><em>δί-</em></strong></span> 
     </span>
     <span class='ocr_line' id='line_1_26' title="bbox 84 2759 1044 2849; baseline -0.001 -16"><span class='ocrx_word' id='word_1_199' title='bbox 84 2778 125 2833; x_wconf 65' lang='lat' dir='ltr'><strong><em>mg</em></strong></span> <span class='ocrx_word' id='word_1_200' title='bbox 135 2760 247 2849; x_wconf 85' lang='grc' dir='ltr'><strong><em>ἐποίεε,</em></strong></span> <span class='ocrx_word' id='word_1_201' title='bbox 269 2763 349 2833; x_wconf 87' lang='grc' dir='ltr'><strong><em>τάδε</em></strong></span> <span class='ocrx_word' id='word_1_202' title='bbox 370 2765 407 2833; x_wconf 70' lang='grc' dir='ltr'><strong><em>δέ</em></strong></span> <span class='ocrx_word' id='word_1_203' title='bbox 427 2761 510 2834; x_wconf 83' lang='grc' dir='ltr'><strong><em>άλλα</em></strong></span> <span class='ocrx_word' id='word_1_204' title='bbox 531 2759 727 2849; x_wconf 85' lang='grc' dir='ltr'><strong><em>ἐκεκόσμητό</em></strong></span> <span class='ocrx_word' id='word_1_205' title='bbox 754 2766 801 2831; x_wconf 81' lang='lat' dir='ltr'><strong><em>oc·</em></strong></span> <span class='ocrx_word' id='word_1_206' title='bbox 827 2776 860 2834; x_wconf 87' lang='grc' dir='ltr'><strong><em>εί</em></strong></span> <span class='ocrx_word' id='word_1_207' title='bbox 868 2791 943 2834; x_wconf 86' lang='grc' dir='ltr'><strong><em>τινα</em></strong></span> <span class='ocrx_word' id='word_1_208' title='bbox 956 2789 1044 2832; x_wconf 85' lang='grc' dir='ltr'><strong><em>πυν-</em></strong></span> 
     </span>
     <span class='ocr_line' id='line_1_27' title="bbox 84 2852 1043 2950; baseline 0.01 -30"><span class='ocrx_word' id='word_1_209' title='bbox 84 2852 194 2926; x_wconf 84' lang='grc' dir='ltr'><strong><em>δάνοιιο</em></strong></span> <span class='ocrx_word' id='word_1_210' title='bbox 216 2856 410 2948; x_wconf 72' lang='grc' dir='ltr'><strong><em>ὑβρίζοντα,</em></strong></span> <span class='ocrx_word' id='word_1_211' title='bbox 438 2867 559 2930; x_wconf 85' lang='grc' dir='ltr'><strong><em>τοῦτον</em></strong></span> <span class='ocrx_word' id='word_1_212' title='bbox 582 2859 669 2940; x_wconf 87' lang='grc' dir='ltr'><strong><em>όκως</em></strong></span> <span class='ocrx_word' id='word_1_213' title='bbox 690 2865 952 2950; x_wconf 76' lang='grc' dir='ltr'><strong><em>μεταπέμψαιτο,</em></strong></span> <span class='ocrx_word' id='word_1_214' title='bbox 976 2857 1043 2931; x_wconf 90' lang='grc' dir='ltr'><strong><em>κατ’</em></strong></span> 
     </span>
     <span class='ocr_line' id='line_1_28' title="bbox 83 2943 1049 3047; baseline 0.001 -20"><span class='ocrx_word' id='word_1_215' title='bbox 83 2943 182 3037; x_wconf 68' lang='grc' dir='ltr'><strong><em>ἐέέην</em></strong></span> <span class='ocrx_word' id='word_1_216' title='bbox 166 2954 302 3025; x_wconf 89' lang='grc' dir='ltr'><strong><em>εκάστου</em></strong></span> <span class='ocrx_word' id='word_1_217' title='bbox 317 2956 518 3047; x_wconf 87' lang='grc' dir='ltr'><strong><em>άδικηματος</em></strong></span> <span class='ocrx_word' id='word_1_218' title='bbox 532 2960 693 3043; x_wconf 87' lang='grc' dir='ltr'><strong><em>ἐδικαίευ,</em></strong></span> <span class='ocrx_word' id='word_1_219' title='bbox 715 2960 774 3024; x_wconf 87' lang='grc' dir='ltr'><strong><em>καί</em></strong></span> <span class='ocrx_word' id='word_1_220' title='bbox 792 2963 826 3027; x_wconf 80' lang='lat' dir='ltr'><strong><em>oc</em></strong></span> <span class='ocrx_word' id='word_1_221' title='bbox 843 2957 1049 3031; x_wconf 84' lang='grc' dir='ltr'><strong><em>κατάσκοποί</em></strong></span> 
     </span>
     <span class='ocr_line' id='line_1_29' title="bbox 85 3047 1043 3145; baseline 0.008 -29"><span class='ocrx_word' id='word_1_222' title='bbox 85 3069 108 3111; x_wconf 71' lang='grc' dir='ltr'><strong><em>ιε</em></strong></span> <span class='ocrx_word' id='word_1_223' title='bbox 123 3053 168 3118; x_wconf 80' lang='grc' dir='ltr'><strong><em>καλ</em></strong></span> <span class='ocrx_word' id='word_1_224' title='bbox 184 3052 338 3142; x_wconf 76' lang='grc' dir='ltr'><strong><em>κατήκοοι</em></strong></span> <span class='ocrx_word' id='word_1_225' title='bbox 359 3048 444 3141; x_wconf 79' lang='grc' dir='ltr'><strong><em>ἦσαν</em></strong></span> <span class='ocrx_word' id='word_1_226' title='bbox 457 3053 522 3124; x_wconf 82' lang='grc' dir='ltr'><strong><em>άνοὶ</em></strong></span> <span class='ocrx_word' id='word_1_227' title='bbox 536 3061 647 3123; x_wconf 81' lang='grc' dir='ltr'><strong><em>πᾶσαν</em></strong></span> <span class='ocrx_word' id='word_1_228' title='bbox 660 3051 721 3140; x_wconf 79' lang='grc' dir='ltr'><strong><em>την</em></strong></span> <span class='ocrx_word' id='word_1_229' title='bbox 734 3055 863 3145; x_wconf 86' lang='grc' dir='ltr'><strong><em>χάρην,</em></strong></span> <span class='ocrx_word' id='word_1_230' title='bbox 884 3061 942 3142; x_wconf 83' lang='grc' dir='ltr'><strong><em>τῆς</em></strong></span> <span class='ocrx_word' id='word_1_231' title='bbox 954 3047 1043 3143; x_wconf 75' lang='grc' dir='ltr'><strong><em>ἦρχε.</em></strong></span> 
     </span>
     <span class='ocr_line' id='line_1_30' title="bbox 84 3145 1110 3239; baseline 0.004 -24"><span class='ocrx_word' id='word_1_232' title='bbox 84 3145 201 3235; x_wconf 75' lang='grc' dir='ltr'><strong><em>Δηιόκης</em></strong></span> <span class='ocrx_word' id='word_1_233' title='bbox 218 3156 280 3239; x_wconf 86' lang='grc' dir='ltr'><strong><em>μέν</em></strong></span> <span class='ocrx_word' id='word_1_234' title='bbox 300 3179 367 3221; x_wconf 90' lang='grc' dir='ltr'><strong><em>νυν</em></strong></span> <span class='ocrx_word' id='word_1_235' title='bbox 386 3177 423 3219; x_wconf 90' lang='grc' dir='ltr'><strong><em>το</em></strong></span> <span class='ocrx_word' id='word_1_236' title='bbox 412 3148 596 3237; x_wconf 83' lang='grc' dir='ltr'><strong><em>Μηδικόν</em></strong></span> <span class='ocrx_word' id='word_1_237' title='bbox 617 3157 718 3230; x_wconf 80' lang='grc' dir='ltr'><strong><em>ἔθνος</em></strong></span> <span class='ocrx_word' id='word_1_238' title='bbox 740 3156 942 3239; x_wconf 77' lang='grc' dir='ltr'><strong><em>συνέστρεψε</em></strong></span> <span class='ocrx_word' id='word_1_239' title='bbox 961 3158 1046 3238; x_wconf 83' lang='grc' dir='ltr'><strong><em>μοῦ-</em></strong></span> <span class='ocrx_word' id='word_1_240' title='bbox 1063 3169 1110 3220; x_wconf 80' lang='lat'><strong><em>101</em></strong></span> 
     </span>
     <span class='ocr_line' id='line_1_31' title="bbox 85 3245 1046 3347; baseline 0.001 -30"><span class='ocrx_word' id='word_1_241' title='bbox 85 3263 143 3330; x_wconf 62' lang='grc' dir='ltr'><strong><em>λον,</em></strong></span> <span class='ocrx_word' id='word_1_242' title='bbox 162 3254 212 3319; x_wconf 78' lang='grc' dir='ltr'><strong><em>καὶ</em></strong></span> <span class='ocrx_word' id='word_1_243' title='bbox 229 3251 353 3322; x_wconf 85' lang='grc' dir='ltr'><strong><em>τοάτου</em></strong></span> <span class='ocrx_word' id='word_1_244' title='bbox 372 3245 461 3339; x_wconf 80' lang='grc' dir='ltr'><strong><em>ἦρξε.</em></strong></span> <span class='ocrx_word' id='word_1_245' title='bbox 504 3258 572 3321; x_wconf 85' lang='grc' dir='ltr'><strong><em>ἐστι</em></strong></span> <span class='ocrx_word' id='word_1_246' title='bbox 593 3254 630 3321; x_wconf 74' lang='grc' dir='ltr'><strong><em>δὲ</em></strong></span> <span class='ocrx_word' id='word_1_247' title='bbox 644 3251 776 3347; x_wconf 75' lang='grc' dir='ltr'><strong><em>Μήδων</em></strong></span> <span class='ocrx_word' id='word_1_248' title='bbox 795 3254 914 3322; x_wconf 87' lang='grc' dir='ltr'><strong><em>τοσάδε</em></strong></span> <span class='ocrx_word' id='word_1_249' title='bbox 935 3257 1046 3338; x_wconf 87' lang='grc' dir='ltr'><strong><em>γένεα,</em></strong></span> 
     </span>
     <span class='ocr_line' id='line_1_32' title="bbox 86 3342 1047 3445; baseline 0.001 -35"><span class='ocrx_word' id='word_1_250' title='bbox 86 3342 197 3432; x_wconf 76' lang='grc' dir='ltr'><strong><em>Βονσαί,</em></strong></span> <span class='ocrx_word' id='word_1_251' title='bbox 220 3353 471 3438; x_wconf 73' lang='grc' dir='ltr'><strong><em>Παρητακηνοὶ,</em></strong></span> <span class='ocrx_word' id='word_1_252' title='bbox 491 3348 718 3438; x_wconf 79' lang='grc' dir='ltr'><strong><em>Στρούχατες,</em></strong></span> <span class='ocrx_word' id='word_1_253' title='bbox 739 3349 936 3445; x_wconf 76' lang='grc' dir='ltr'><strong><em>Ἀριζαντοὶ,</em></strong></span> <span class='ocrx_word' id='word_1_254' title='bbox 956 3346 1047 3414; x_wconf 83' lang='grc' dir='ltr'><strong><em>Βοά-</em></strong></span> 
     </span>
     <span class='ocr_line' id='line_1_33' title="bbox 88 3434 1116 3541; baseline 0.011 -40"><span class='ocrx_word' id='word_1_255' title='bbox 88 3434 148 3529; x_wconf 83' lang='grc' dir='ltr'><strong><em>διοι,</em></strong></span> <span class='ocrx_word' id='word_1_256' title='bbox 160 3445 274 3537; x_wconf 88' lang='grc' dir='ltr'><strong><em>Μαγοι</em></strong></span> <span class='ocrx_word' id='word_1_257' title='bbox 317 3449 417 3538; x_wconf 83' lang='grc' dir='ltr'><strong><em>γένεα</em></strong></span> <span class='ocrx_word' id='word_1_258' title='bbox 432 3447 493 3540; x_wconf 72' lang='grc' dir='ltr'><strong><em>μὲν</em></strong></span> <span class='ocrx_word' id='word_1_259' title='bbox 510 3444 549 3541; x_wconf 79' lang='grc' dir='ltr'><strong><em>δη</em></strong></span> <span class='ocrx_word' id='word_1_260' title='bbox 569 3446 696 3536; x_wconf 78' lang='grc' dir='ltr'><strong><em>Μήδων</em></strong></span> <span class='ocrx_word' id='word_1_261' title='bbox 713 3448 781 3522; x_wconf 79' lang='grc' dir='ltr'><strong><em>ἐστὶ</em></strong></span> <span class='ocrx_word' id='word_1_262' title='bbox 793 3444 920 3517; x_wconf 84' lang='grc' dir='ltr'><strong><em>τοσαδε</em></strong></span> <span class='ocrx_word' id='word_1_263' title='bbox 963 3449 1047 3525; x_wconf 76' lang='grc' dir='ltr'><strong><em>Δηι</em></strong></span> <span class='ocrx_word' id='word_1_264' title='bbox 1069 3452 1116 3512; x_wconf 76' lang='lat'><strong><em>102</em></strong></span> 
     </span>
    </p>
   </div>
   <div class='ocr_carea' id='block_1_4' title="bbox 0 0 1274 3934">
    <p class='ocr_par' dir='ltr' id='par_1_4' title="bbox 0 0 1274 3934">
     <span class='ocr_line' id='line_1_34' title="bbox 0 0 1274 3934; baseline 0 0"><span class='ocrx_word' id='word_1_265' title='bbox 0 0 1274 3934; x_wconf 95' lang='lat' dir='ltr'><strong><em> </em></strong></span> 
     </span>
    </p>
   </div>
  </div>
 </body>
</html>
