2606 3930
312 228 396 288 ωε.
428 227 472 286 111
505 224 603 287 σεε.
634 234 730 290 555
697 235 810 292 -.55ο
999 226 1063 295 20³

59 390 95 459 έν
109 386 251 478 στάμασι
265 389 441 468 αἰνέοντες.
476 412 495 457 ο
481 378 610 457 ’δλ
563 412 659 468 αυτις
673 387 889 463 διαλιπών
852 417 911 476 τας
923 411 1061 483 συγκει-

57 493 160 580 μένας
174 485 302 577 ἡμέρας
321 487 461 576 ἐξήγαγε
480 482 569 565 ἐς
532 510 571 555 το
595 492 840 581 προειρημένον
856 494 913 562 καλ
927 500 1060 564 κυκλω-

58 588 204 678 σάμενος
223 587 450 676 κατεφόνευσε
468 580 549 665 τούς
567 596 857 679 τετρακισχιλίους.
887 589 932 673 ὥς
952 591 989 661 δέ
1003 593 1061 663 καί

57 699 157 762 τούτο
170 694 392 779 κατέργαστο,
412 685 525 756 πάντα
538 682 624 775 δὴ
598 715 646 776 ην
659 693 697 760 έν
712 703 798 761 τοῖσι
814 697 1060 785 Βαβυλωνίοισι

57 789 239 877 Ζώπυρος,
259 788 316 857 καὶ
329 784 534 905 στρατάρχης
547 811 584 856 τε
600 778 701 867 ούτάς
715 808 776 877 σφι
790 794 846 860 καὶ
859 790 1059 880 τειχοφύλαξ

58 887 267 958 ἀπεδέδεκτο
309 881 512 973 Προσβολὴν
532 884 570 952 δὲ
588 892 739 974 Δαρείου
759 885 843 957 κατὰ
862 886 903 958 τά
923 894 1060 976 συηκεί-
1076 899 1127 955 158

56 1011 142 1073 μενα
162 984 367 1070 ποιευμένου
389 978 539 1070 πέριξ
502 1007 541 1050 το
563 996 684 1070 τεῖχος,
706 986 860 1056 ένδαύτα
877 984 940 1075 δη
948 985 1060 1056 πάντα

57 1082 116 1153 τδν
130 1080 264 1154 δύλον
249 1110 267 1154 ο
283 1081 446 1167 Ζώπυρος
460 1084 621 1168 ἐξέφαινε.
644 1086 679 1153 οί
690 1082 808 1170 μὲν
767 1111 832 1179 γαρ
842 1085 1058 1176 Βαβυλώνιοι

57 1182 244 1271 ἀναβάντες
264 1177 371 1252 έπλ
335 1207 373 1250 το
394 1193 499 1266 τεῖχος
517 1176 688 1267 ἠμύνοντο
708 1179 771 1270 τὴν
783 1191 935 1274 Δαρείου
955 1203 1057 1273 στρα-

57 1279 136 1371 τιὴν
149 1281 442 1371 προσβάλλουσαν,
463 1305 483 1349 ο
470 1275 535 1348 δὲ
549 1278 713 1401 Ζώπυρος
728 1281 787 1362 τάς
803 1308 839 1353 τε
848 1289 988 1364 Κισσίας
1001 1286 1057 1354 καὶ

59 1384 202 1468 Βηλίδας
215 1380 418 1465 καλεομένας
427 1373 566 1471 πύλας’
546 1378 757 1459 αναπετάσας
769 1383 867 1468 ἐσῆκε
877 1377 956 1475 τούς
965 1374 1057 1466 Πέρ-

56 1502 116 1562 σας
132 1482 168 1560 ές
183 1475 221 1548 τά
240 1492 354 1566 τεῖχος.
386 1484 455 1546 τών
475 1479 754 1566 δέΒαβυλωυίωυ
773 1485 808 1551 οἳ
825 1477 889 1567 μέν
910 1478 1000 1549 εἶδον
1016 1475 1054 1547 τὸ

55 1582 213 1668 ποιηθέν,
230 1569 325 1646 οὗτοι
334 1581 480 1664 ἔφευγον
495 1576 529 1654 ές
543 1581 604 1644 τού
614 1573 700 1656 Διὸς
713 1582 775 1646 τού
785 1578 899 1667 Βήλου
915 1575 953 1647 τὸ
967 1574 1054 1666 ίρόν,

56 1686 90 1748 οἳ
101 1678 139 1747 δὲ
156 1673 221 1745 ούκ
236 1672 342 1762 εἶδον,
365 1679 486 1762 ἔμενον
506 1675 543 1742 έν
557 1680 597 1762 τῇ
612 1677 739 1744 ἑωυτοῦ
752 1677 826 1757 τάξι
842 1679 995 1764 ἕκαστος,
1021 1678 1055 1756 ές

54 1771 130 1864 ὃδὴ
148 1776 205 1844 καὶ
219 1765 313 1843 οὗτοι
323 1779 453 1861 ἔμαθον
463 1774 712 1858 προδεδομένοι.
739 1770 906 1862 Βαβυλών
916 1775 1054 1860 μέννυν
1071 1789 1122 1845 159

53 1873 144 1944 οὕτω
158 1870 197 1942 τὸ
216 1872 374 1960 δεύτερον
391 1872 529 1959 αἱρέθη,
550 1881 695 1954 Δαρεῖος
708 1869 745 1939 δέ
760 1874 835 1941 έπεί
843 1897 880 1940 τε
893 1869 1053 1959 ἐκράτησε

53 1982 123 2045 τών
137 1978 383 2062 Βαβυλωνίων,
404 1976 503 2038 τούτο
523 1970 587 2056 μέν
602 1987 719 2057 σφεων
733 1967 771 2039 τύ
786 1978 1055 2057 τεῖχοςπεριεῐλε

52 2076 110 2145 καί
122 2070 182 2152 τάς
194 2070 304 2150 πύλας
322 2071 431 2149 πάσας
450 2066 622 2145 ἀπέσπασε
641 2064 694 2157 (τύ
709 2066 774 2154 γάρ
789 2068 955 2157 πρότερον
969 2065 1055 2137 ἑλών

51 2178 168 2259 Κύρος
180 2170 243 2259 τὴν
252 2175 438 2258 Βαβυλώνα
450 2170 585 2254 έποίησε
594 2167 725 2237 τούτων
735 2164 941 2252 οὐδέτερον),
955 2171 1054 2234 τοῦτο

51 2274 89 2342 δὲ
104 2268 125 2340 δ
138 2281 285 2355 Δαρεῖος
300 2273 368 2335 τῶν
387 2263 525 2351 ἀνδρῶν
544 2261 625 2345 τούς
641 2270 849 2354 κορυφαίους
865 2264 1007 2352 μάλιστα
1022 2266 1056 2343 ές

51 2376 255 2460 τρισχιλίους
278 2364 534 2454 ἀνεσκολόπισε,
561 2380 647 2436 τοῖσι
671 2366 708 2436 δὲ
726 2374 872 2436 λοιποῖσι
891 2371 1055 2453 Βαβυλω-

50 2477 155 2541 νέοισι
166 2464 318 2536 ἀπέδωκε
328 2463 391 2554 τὴν
400 2466 502 2536 πάλιν
513 2467 642 2535 οἰκέειν.
667 2463 711 2545 ἀς
723 2462 755 2533 δ’
772 2467 883 2546 ἕξουσι
893 2478 1055 2552 γυναῖκας

47 2573 84 2639 οί
101 2563 336 2654 Βαβυλώνιοι,
363 2567 421 2632 ἵνα
438 2584 500 2651 σφι
520 2560 619 2650 γενεὴ
644 2559 860 2651 ὑπογίνηται,
880 2563 961 2634 τάδε
979 2574 1054 2634 Δα-

47 2679 141 2753 ρεῖος
160 2659 312 2750 προϊδών
332 2665 466 2749 ἐποίησε
486 2659 559 2750 (τάς
578 2659 644 2749 γάρ
668 2664 821 2750 ἑωυτῶν,
842 2660 887 2744 ώς
903 2665 959 2732 καὶ
978 2660 1051 2731 κατ’

45 2760 156 2851 ἀρχάς
171 2760 372 2851 δεδήλωται,
393 2757 578 2841 ἀπέπνιξαν
592 2766 627 2830 ολ
637 2761 868 2851 Βαβυλώνιοι,
883 2768 945 2831 τοῦ
960 2767 1054 2831 σίτου

43 2863 306 2952 προορέοντες)·
334 2860 468 2941 ἐπέταξε
480 2873 567 2930 τοῖσι
585 2866 787 2948 περιοίκοισι
799 2867 915 2931 ἔθνεσι
933 2876 1054 2950 γυναῖ-

41 2986 111 3040 κας
134 2959 169 3036 ές
189 2963 378 3046 Βαβυλώνα
403 2958 615 3044 κατιστάναι,
643 2955 769 3047 ὁσασδὴ
791 2959 959 3031 ἑκάστοισι
979 2964 1053 3033 έπι-

40 3059 203 3141 τάσσων,
236 3054 321 3125 ὥστε
351 3059 450 3126 πέντε
474 3057 650 3144 μυριάδων
675 3055 712 3126 τό
742 3066 958 3149 κεφαλαίωμα
983 3068 1052 3131 τάν

39 3159 226 3247 φετιιαικών
239 3161 400 3242 συνῆλθε.
429 3159 465 3225 έκ
478 3156 609 3225 τούτων
623 3156 659 3224 δέ
673 3163 741 3225 τῶν
753 3166 926 3244 γυναικών
939 3163 974 3228 οί
986 3163 1052 3226 νύυ

35 3250 265 3343 Βαβυλώνιοι
284 3253 452 3340 γεγόνασι.
496 3255 666 3339 Ζωπύρου
692 3256 728 3324 δέ
755 3253 865 3337 ούδείς
885 3255 1055 3344 ἀγαθοερ-
1070 3271 1121 3327 ισο

32 3363 128 3448 mv
142 3355 304 3439 Περσέων
325 3350 551 3444 ὑπερεβάλετο
571 3351 662 3440 παρὰ
681 3362 816 3447 Δαρείφ
838 3362 951 3445 κριτῇ,
974 3352 1053 3425 οὔτε

30 3462 115 3529 τῶν
140 3450 287 3540 ύστερου
313 3459 545 3545 γενομένων
527 3450 606 3525 ούτε
629 3459 698 3527 τάν
720 3453 949 3549 πρότερον,ο
930 3449 983 3523 ὅτι
1004 3478 1050 3549 ρη
