2566 3934
205 258 266 325 108
314 335 322 343 ,
575 261 829 321 ιιοεοοοει

202 427 422 510 κατοικῆσθαι
443 424 579 509 λέγουσι
601 428 699 509 ἰχθῦς
715 418 827 509 ὠμούς
842 425 1070 509 σιτεομένους,
1088 424 1208 507 ἐσθῆτι

202 525 238 591 δέ
253 529 446 610 νομίζοντας
465 529 613 609 χρᾶσθαι
633 524 775 609 φωκέων
797 521 944 607 δέρμασι.
977 518 1014 589 τδ
1031 521 1067 588 δέ
1084 523 1121 587 ἓν
1136 526 1208 587 τῶν

200 623 375 711 στομάτων
389 630 450 692 τοῦ
461 620 604 710 Ἀράξεω
615 622 683 711 ῥέει
694 617 750 689 διά
762 626 917 707 καθαροῦ
929 621 962 699 ές
975 616 1038 708 τῆν
1048 626 1208 706 Κασπίην

197 723 385 793 θάλασσαν.
411 720 487 812 ῆδὲ
501 729 635 809 Κασπίη
652 719 808 791 θάλασσά
828 722 896 787 ἐστι
919 716 972 787 ἐπ’
996 724 1135 807 ἑωυτῆς,
1162 719 1208 789 ού

201 829 433 911 συμμίσγουσα
451 829 493 912 τῇ
514 818 608 910 ἑτέρη
623 820 788 907 θαλάσση.
820 815 883 905 τῆν
897 817 960 905 μὲν
974 814 1209 906 γάρἝλληνες

200 915 721 1008 ναυτίλλονταιπᾶσαυ,καλῆέξω
729 914 1207 1005 στηλέωνθάλασσαῆἈτλαν-
1264 951 1265 957 1

132 1037 184 1091 203
198 1026 246 1100 τίς
266 1024 448 1108 καλεομένη
471 1022 527 1089 καί
547 1018 568 1107 ῆ
592 1015 737 1107 Ἐρυθρῆ
758 1023 816 1104 μία
837 1016 993 1104 τυγχάνει
1007 1021 1117 1087 έούσα.
1162 1016 1210 1086 Ἡ

200 1124 237 1189 δέ
248 1127 380 1208 Κασπίη
393 1123 459 1189 ἐστὶ
471 1124 561 1208 ἑτέρη
574 1117 627 1188 ἐπ’
640 1120 780 1206 έωυτῆς,
796 1120 899 1186 έούσα
908 1124 1012 1206 μῆκος
1022 1118 1084 1206 μέν
1094 1117 1207 1188 πλόου
1264 1202 1265 1205 ¹

201 1228 324 1312 είρεσίη
337 1223 505 1313 χριομένην
528 1223 766 1289 πεντεκαίδεκα
778 1214 948 1306 ἡμερέων,
971 1210 1070 1306 εύρος
1085 1220 1137 1304 δέ,
1160 1229 1207 1309 τῇ
1264 1212 1265 1215 “

201 1319 364 1408 εὐρυτάτη
380 1322 446 1391 ἐστὶ
461 1318 545 1408 αύτῆ
561 1323 701 1404 ἑωυτῆς,
723 1313 810 1383 ὀκτιδ
824 1312 985 1404 ἡμερέων.
1011 1320 1067 1386 καί
1083 1315 1124 1385 τά
1138 1321 1206 1405 μὲν

199 1416 283 1502 πρὸς
296 1416 358 1506 τῆν
374 1420 516 1508 ἕσπέρην
527 1421 673 1507 φέροντα
684 1421 743 1501 τῆς
755 1413 930 1500 θαλάσσης
943 1415 1064 1505 ταύτης
1075 1414 1094 1486 δ
1104 1415 1206 1486 Καύ-

198 1537 301 1597 κασος
314 1525 521 1608 παρατείνει,
539 1517 605 1588 έών
622 1513 752 1604 οὐρέων
766 1518 822 1584 καί
836 1515 963 1603 πλῆθει
976 1519 1131 1606 μέγιστον
1144 1521 1205 1587 καί

200 1617 343 1705 μεγάθει
360 1616 581 1706 ὑψηλότατον.
619 1621 723 1685 ἔθνεα
740 1613 777 1683 δὲ
799 1610 995 1703 άνθριέπων
1017 1613 1122 1686 πολλά
1144 1620 1205 1685 καὶ

199 1729 340 1784 παντοία
361 1720 398 1784 έν
419 1718 531 1809 ἑωυτῷ
548 1722 613 1803 ἔχει
633 1711 652 1783 δ
672 1713 869 1799 Καύκασος,
896 1710 937 1781 τά
961 1713 1068 1785 πολλά
1090 1714 1203 1785 πάντα

200 1813 258 1887 ἀπ’
281 1814 364 1903 ύλης
387 1814 504 1907 άγρίης
525 1816 659 1900 ζέοντα.
690 1818 728 1884 έν
749 1827 835 1885 τοῖσι
850 1815 906 1882 καί
928 1818 1066 1904 δένδρεα
1087 1816 1202 1904 φύλλα
1264 1846 1265 1851 ’

199 1920 331 2003 τοιῆσδε
344 1917 434 2005 ἰδέης
444 1916 654 2006 παρεχόμενα
664 1913 751 1983 εἶναι
765 1915 911 2001 λέγεται,
928 1911 969 1982 τά
979 1915 1150 2004 τρίβοντάς
1162 1942 1203 1984 τε

199 2018 255 2083 καί
277 2021 546 2104 παραμίσγοντας
569 2015 662 2103 ὕδωρ
683 2019 748 2105 ζῷα
770 2017 922 2082 ἑωυτοίσι
943 2016 976 2093 ές
991 2011 1054 2101 τῆν
1073 2017 1202 2103 έσθῆτα

191 2112 396 2203 ἐγγράφειν·
413 2112 454 2184 τά
467 2120 503 2184 δέ
515 2121 579 2208 ζῷα
594 2111 658 2184 ούκ
675 2110 918 2201 ἐκπλύνεσθαι,
936 2110 1019 2184 ἀλλὰ
1030 2134 1202 2202 συγκατα-

197 2216 380 2304 γηράσκειν
393 2222 440 2306 τῷ
457 2215 546 2309 άλλφ
562 2221 653 2307 είρίφ
668 2213 816 2303 κατάπερ
836 2217 1071 2301 ἐνυφανθέντα
1081 2211 1198 2303 άρχῆυ.

198 2318 287 2401 μίξιν
311 2338 347 2381 τε
373 2314 503 2383 τούτων
526 2321 594 2382 τῶν
623 2308 820 2402 ἀνθρώπων,
838 2310 923 2383 εἶναι
945 2315 1093 2402 ἐμφανέα
1112 2310 1200 2383 κατά

197 2435 260 2498 περ
275 2424 360 2479 τοίσι
374 2412 579 2499 προβάτοισι.

129 2529 182 2586 204
287 2507 334 2577 Τά
349 2510 412 2596 μέν
427 2507 467 2598 δῆ
483 2509 567 2599 πρδς
582 2513 724 2600 ἑσπέρην
743 2517 802 2599 τῆς
817 2511 990 2599 θαλάσσης
1007 2511 1126 2599 ταύτης
1139 2518 1201 2600 τῆς

197 2614 350 2697 Κασπίης
369 2614 570 2699 καλεομένης
590 2609 803 2690 δΚαύκασος
820 2607 971 2697 ἀπέργει,
996 2608 1036 2679 τά
1060 2614 1097 2680 δὲ
1112 2608 1201 2697 πρὸς

197 2708 246 2796 ῆῶ
265 2735 301 2777 τε
321 2708 376 2776 καλ
391 2706 488 2793 ῆλιον
503 2706 725 2780 ἀνατέλλοντα
746 2713 863 2777 πεδίον
882 2710 1046 2776 ἐκδέκεται
1068 2714 1202 2794 πλῆθος

201 2809 338 2899 ἄπειρον
352 2809 386 2888 ές
398 2807 532 2892 άποψιν.
567 2807 688 2877 τούτου
702 2800 750 2876 ὦν
762 2813 823 2876 τοῦ
837 2813 955 2877 πεδίου
974 2813 1037 2878 τού
1049 2805 1200 2895 μεγάλου

198 2908 263 2980 ούκ
276 2913 450 2999 ἐλαχίστην
463 2922 586 2998 μοῖραν
597 2907 769 2997 μετέχουσι
782 2912 817 2977 οί
820 2909 1050 2996 Μασσαγέται,
1070 2904 1125 2977 ἐπ’
1136 2904 1201 2990 ούς

201 3008 218 3079 ὁ
234 3016 348 3098 Κύρος
367 3015 443 3098 έσχε
458 3014 652 3101 προθυμίην
666 3008 945 3098 στρατεύσασθαι·
964 3008 1071 3078 πολλά
1083 3034 1118 3078 τε
1131 3007 1201 3098 γάρ

199 3130 258 3190 μιν
268 3106 324 3173 καί
334 3097 461 3193 μεγάλα
470 3105 511 3177 τά
523 3112 718 3197 ἐπαείροντα
729 3108 785 3176 καὶ
795 3108 1021 3196 ἐποτρύνοντα
1034 3102 1089 3197 ῆν,
1106 3117 1205 3199 προῆ-

198 3227 259 3272 τον
275 3204 337 3291 μέν
352 3201 374 3292 ῆ
389 3208 533 3294 γένεσις,
547 3205 586 3276 τδ
602 3207 732 3276 δοκέειν
742 3206 845 3276 πλέον
855 3232 888 3277 τι
903 3206 987 3277 εἶναι
1001 3204 1203 3299 άνθρύπου,

199 3300 339 3391 δεύτερα
354 3305 390 3372 δέ
406 3301 427 3391 ῆ
448 3301 580 3392 εὐτυχίη
594 3304 615 3394 ῆ
637 3304 720 3376 κατὰ
735 3302 815 3385 τούς
834 3307 1003 3397 πολέμους
1014 3309 1203 3396 γενομένη·

199 3399 264 3493 δκη
289 3399 354 3492 γάρ
383 3404 516 3475 ίθύσειε
543 3406 935 3497 στρατεύεσθαιΚῦρος,
959 3404 1130 3498 άμῆχανον
1154 3400 1206 3498 ῆν

130 3515 182 3571 205
195 3505 303 3572 έκεῖνο
315 3501 351 3572 τὸ
368 3507 470 3583 ἔθνος
484 3506 674 3593 διαφυγεῖν.
729 3500 792 3575 Ἦν
802 3510 839 3576 δὲ
851 3514 913 3575 τού
927 3503 1051 3597 άνδρδς
1064 3504 1204 3578 άποθα·
