2618 3928
352 257 436 312 LIB.
468 255 527 311 vn.
560 254 660 312 cAP.
696 260 871 320 147-150.
1055 257 1116 322 185

113 415 224 478 Ταῦτα
234 409 297 497 μὲν
306 407 369 499 τὴν
378 417 518 498 Πυθίην
530 417 649 498 χρῆσαι
664 412 846 501 πρότερον,
860 415 942 502 μετὰ
957 418 994 488 δὲ
1005 418 1050 500 ὡς
1060 421 1115 491 έλ-

111 522 186 580 θεῖν
199 509 278 591 τοὺς
288 509 451 600 άγγίλους
461 509 547 600 έςθὴ
561 509 737 598 τόἍργος,
750 514 907 584 ἐπελθεῖν
916 519 969 586 ἐπὶ
978 515 1016 586 τό
1031 527 1115 607 βον-

110 613 288 702 λεντὴριον
296 616 351 683 παλ
362 618 472 701 λέγειν
482 609 523 682 τά
533 615 760 699 ἐντεταλμένα.
778 611 857 693 τούς
867 616 905 684 δὲ
914 613 999 714 πρὸς
1009 613 1049 684 τὰ
1059 625 1116 686 λε-

11 756 13 765 =
108 711 235 798 γόμενα
256 709 523 801 ὑποκρίνασθαι,
545 711 589 792 ὡς
609 715 737 800 ἑτοῖμοί
750 720 813 784 είσι
829 713 970 802 Ἀργεῖοι
989 722 1117 788 ποιέειν

109 819 213 881 ταῦτα
228 813 408 902 τριήκοντα
428 820 502 885 έτεα
522 815 661 902 είρὴνην
673 813 890 903 σπεισάμενοι
906 821 1116 905 Λακεδαιμο-

11 982 13 999 ,
109 916 211 980 νίοισι
221 907 461 999 ιιαίὴγεόμενοι
471 908 555 979 κατά
565 908 603 980 τό
613 909 718 999 ἡμισν
728 911 836 1000 πάσης
846 921 903 1001 τῆς
914 922 1113 1002 συμμαχίης·

108 1018 216 1082 καίτοι
230 1012 314 1081 κατά
327 1038 366 1099 γε
382 1009 419 1081 τό
436 1017 567 1085 δίκαιον
583 1018 740 1099 γίνεσθαι
755 1009 818 1099 τὴν
833 1009 1015 1100 ἡγεμονίην
1029 1018 1114 1083 ἑωυ-

108 1118 193 1197 τῶν,
211 1108 285 1180 ἄλλ’
299 1110 388 1198 ὅμως
397 1130 460 1198 σφι
470 1108 621 1197 άποχράν
634 1106 718 1178 κατὰ
729 1107 766 1179 τό
777 1106 882 1196 ἡμισυ
892 1107 1111 1198 ἡγεομένοισι.

112 1216 224 1277 Ταῦτα
244 1210 306 1296 μὲν
322 1213 456 1296 λέγουσι
471 1206 534 1296 τὴν
547 1205 679 1297 βονλὴν
692 1205 957 1297 ὑποκρίνασθαι,
979 1217 1114 1296 καίπερ
1126 1225 1178 1303 λλθ

108 1305 378 1394 ἀπαγορεύοντός
402 1327 464 1394 σφι
485 1314 547 1376 τοῦ
566 1311 769 1394 χρηστηρίου
792 1303 837 1393 μὴ
858 1311 1032 1377 ποιέεσθαι
1052 1305 1114 1396 τὴν

10 1450 12 1485 ;
108 1402 193 1491 πρὸς
205 1403 285 1484 τοὺς
292 1403 455 1492 Ἕλληνας
464 1410 662 1491 συμμαχίην.
686 1400 840 1490 σπονδὴν
855 1404 891 1473 δὲ
906 1409 993 1492 έχειν
1008 1425 1114 1472 σπον-

108 1499 169 1582 όάς
179 1504 339 1589 γενέσθαι
348 1507 643 1590 τριηκοντοέτιδας,
652 1507 712 1570 ιιαί
719 1523 781 1587 περ
792 1497 1036 1590 τόχρηστήριον
1048 1526 1113 1588 φο-

9 1612 11 1685 ?
107 1601 313 1687 βεομένοισι,
323 1602 381 1668 ἵνα
392 1599 435 1688 δὴ
446 1619 507 1686 σφι
520 1603 556 1668 οί
563 1602 679 1676 παῖδες
688 1593 907 1684 ἀνδρωθέωσι
917 1601 954 1668 έν
965 1599 1113 1670 τοότοισι

9 1690 11 1763 ἶ
106 1709 191 1765 τοῖσι
201 1701 295 1766 ἔτεσι.
312 1695 358 1784 μὴ
369 1695 406 1766 δὲ
416 1698 592 1766 σπονδέων
601 1698 747 1766 έονσέων
758 1697 979 1784 ἐπιλέγεσθαι,
992 1693 1036 1785 ἡν
1046 1697 1112 1783 άρα

9 1780 18 1837 ῗ’
107 1797 211 1879 σφέας
230 1793 402 1883 καταλάβῃ
422 1791 507 1882 πρός
526 1801 573 1885 τῷ
587 1793 742 1881 γεγονότι
757 1799 849 1885 ιιαιιςό
869 1791 950 1864 ἄλλο
967 1809 1111 1882 πταῖσμα

8 1948 13 1981 ,
106 1886 1012 1987 πρόςτὺνΠέρσην,μὴτόλοιπὸνέωσιΛαιιεόαιμονίων
1022 1889 1112 1978 ὑπή-

105 2010 188 2055 κοοι.
207 1993 275 2054 τῶν
285 1986 322 2054 δὲ
335 1983 488 2073 ἀγγέλων
497 1985 577 2067 τοὺς
589 1984 655 2055 άπὸ
666 1993 725 2075 τῆς
735 1987 894 2075 Σπάρτης
903 1985 988 2076 πρός
998 1985 1039 2057 τὰ
1049 1991 1111 2077 ρη-

106 2083 210 2152 θέντα
220 2083 257 2149 έιι
270 2088 329 2169 τῆς
341 2090 466 2171 βουλῆς
477 2082 684 2170 ἀμείψασθαι
693 2087 833 2169 τοισίόε,
847 2086 925 2172 περὶ
932 2084 995 2170 μέν
1005 2104 1112 2153 σπον·

105 2188 191 2252 δέων
204 2178 353 2255 ἀνοίσειν
373 2176 414 2263 ές
426 2181 506 2263 τοὺς
521 2191 684 2270 πλεῦνας,
703 2185 779 2270 περὶ
796 2182 833 2252 δέ
851 2179 1029 2270 ἡγεμονίης
1048 2180 1112 2251 αὑ-

104 2295 188 2350 τοῖσι
201 2280 398 2352 ἐντετάλθαι
413 2279 680 2370 ὑποκρίνασθαι,
696 2283 752 2351 παλ
768 2278 809 2368 δὴ
820 2284 930 2369 λέγειν
943 2288 1038 2369 σφίσι
1049 2283 1111 2369 μὲν

104 2377 189 2449 εἶναι
203 2377 266 2448 δόο
279 2382 452 2467 βασιλέας,
469 2376 648 2469 Ἀργείοισι
667 2381 703 2449 δέ
720 2381 795 2447 ἕνα·
819 2376 881 2448 οὐκ
897 2371 946 2448 όν
963 2376 1111 2449 όννατόν

104 2474 189 2545 εἶναι
205 2483 273 2544 τῶν
288 2479 325 2547 ένι
338 2477 499 2567 Σπάρτης
512 2476 692 2566 οὐδέτερον
706 2483 831 2545 παῦσαι
849 2484 907 2565 τῆς
920 2474 1110 2565 ἡγεμονίης,

103 2572 185 2661 μετὰ
201 2573 237 2642 ὑὶ
251 2574 314 2643 δύο
329 2583 398 2645 τῶν
408 2580 580 2664 σφετέρων
595 2574 776 2664 ὁμόψηφον
789 2573 850 2643 τὸν
860 2573 1010 2662 Ἀργεῖον
1025 2572 1110 2643 εἶναι

103 2668 247 2741 κωλύειν
259 2669 368 2742 οὐθέν.
388 2671 577 2762 οὑτωόὴοί
585 2672 730 2761 Ἀργεῖοί
736 2695 821 2760 φασι
831 2669 893 2743 οόιι
904 2670 1109 2759 ἀνασχέσθαι

103 2777 171 2837 των
184 2771 423 2858 Σπαρτιητέων
435 2768 498 2859 τὴν
512 2778 724 2858 πλεονεξίην,
740 2769 814 2841 ἀλλ’
831 2771 965 2840 ἑλέσθαι
979 2775 1109 2855 μᾶλλον

102 2864 169 2934 ὑπὸ
190 2872 258 2934 τόν
277 2868 460 2955 βαρβάρων
479 2866 642 2956 ἄρχεσθαι
660 2865 685 2955 ἡ
702 2894 734 2936 τι
754 2864 885 2948 ὑπεῖξαι
899 2870 1109 2953 Λακεδαιμο-

101 2970 220 3048 νίοισι,
244 2980 417 3052 προειπεῖν
436 2992 472 3035 τε
488 2980 574 3035 τοῖσι
595 2963 765 3054 άγγέλοισι
783 2963 848 3054 πρό
870 2964 992 3044 δόντος
1011 2962 1108 3053 ἡλίοο

9 3106 10 3109 =
100 3063 376 3135 ἀπαλλάσσεσθαι
390 3068 427 3135 έν
438 3073 496 3154 τῆς
513 3063 671 3153 Ἀργείων
689 3067 815 3154 χόρης,
836 3070 867 3133 εί
879 3062 915 3133 δὲ
930 3061 993 3151 μὴ,
1014 3087 1110 3149 περι·

101 3167 243 3243 έψεσθαι
256 3156 301 3240 ὥς
313 3170 503 3250 πολεμίους.
526 3160 633 3237 Αὑτολ
646 3166 710 3251 μὲν
720 3161 860 3252 Ἀργεῖοι
870 3167 1014 3232 τοσαῦτα
1028 3157 1109 3228 τοό-
1123 3178 1172 3233 ιω

100 3288 168 3331 των
181 3264 257 3349 πέρι
267 3263 419 3351 λέγουσι,
435 3269 504 3333 ἔστι
515 3266 552 3334 δέ
562 3262 662 3344 ἄλλος
671 3264 772 3351 λόγος
781 3262 961 3350 λεγόμενος
970 3255 1037 3330 άνά
1046 3258 1109 3347 τὴν

95 3356 253 3445 Ἑλλάδα,
271 3356 316 3439 ὑς
327 3364 453 3448 Ξέρξης
473 3367 599 3449 έπεμψε
619 3363 750 3451 ιιὴρνιια
764 3359 930 3447 έςἈργος
944 3358 1109 3446 πρότερον

100 3453 123 3541 ἥ
136 3479 199 3541 περ
214 3452 357 3543 ὁρμῆσαι
378 3458 621 3546 στρατεύεσθαι
641 3459 694 3528 ἐπὶ
707 3455 769 3546 τὴν
784 3454 935 3526 Ἑλλάδα.
965 3452 1109 3525 ἐλθόντα
