2618 3928
204 277 265 341 172
576 283 831 343 HERODOTI

200 436 221 523 ή
238 439 275 506 δέ
289 445 381 526 τρίτη
391 444 460 507 τύν
470 443 631 527 μοιρέων,
646 439 719 528 μετ’
735 434 776 529 ής
788 443 966 528 ἐπορεύετο
982 442 1083 526 αύτδς
1093 443 1113 516 δ
1124 452 1209 536 Ξέρ·
1290 496 1292 609 ή

201 538 272 622 ξης,
288 535 340 624 ήίε
354 536 418 623 μέν
430 534 468 604 τδ
484 540 588 624 μέσον
599 536 747 628 αύτέων,
761 541 969 630 στρατηγούς
984 546 1022 613 δέ
1034 552 1210 632 παρείχετο

139 649 188 703 122
198 635 437 721 Σμερδομένεά
457 660 493 702 τε
514 637 570 704 καὶ
586 639 799 726 Μεγάβυζον.
829 637 866 708 ‘O
887 644 950 727 μέν
969 668 1037 710 νυν
1050 642 1211 722 ναυτικὸς

199 730 337 822 στρατός
352 729 397 811 ὡς
410 729 535 820 άπεάδη
548 732 615 803 ὑπὸ
630 741 759 823 Ξέρξεω
773 740 828 806 καὶ
840 740 1037 820 διεξέπλωσε
1050 740 1113 827 τήν
1127 740 1212 810 διά-

198 827 359 923 ρυχατήν
373 831 470 923 ἐντῷ
484 830 580 925 ’Ἀδηι
596 837 799 921 γενομένην,
821 840 1000 924 διέχουσαν
1020 841 1057 908 δέ
1072 843 1106 919 ές
1127 839 1212 909 κόλ-

197 957 279 1018 πον,
303 934 339 1000 έν
356 938 402 1021 τῷ
415 930 520 1001 ’Ἀσσα
534 960 571 1003 τε
586 935 683 1016 πόλις
699 939 755 1004 καὶ
768 942 925 1024 Πίλωρος
939 940 995 1006 κοιλ
1010 944 1137 1025 Σίγγος
1152 941 1209 1006 καὶ

196 1031 313 1119 Σάρτη
325 1039 487 1118 οἴκηνται,
500 1035 671 1119 ἐνθεῦτεν,
687 1031 732 1112 ὡς
742 1036 797 1102 καλ
811 1035 847 1102 έκ
857 1034 988 1103 τούτων
1001 1040 1069 1103 τῶν
1079 1041 1209 1104 πολίων

197 1126 355 1219 στρατιήν
375 1131 559 1216 παρέλαβε,
581 1136 687 1200 έπλωε
710 1128 887 1217 ἀπιέμενος
907 1133 940 1211 ές
960 1128 1020 1200 τόν
1037 1139 1208 1219 Θερμαῖον

196 1227 341 1312 κόλπον,
368 1227 529 1313 κάμπτων
551 1231 588 1296 δέ
603 1226 772 1315 ’Ἄμπελον
794 1225 857 1317 τήν
878 1236 1076 1317 Τορωναίην
1098 1228 1207 1318 άκρην

196 1329 417 1414 παραμείβετο
427 1323 619 1412 Ἑλληνίδας
631 1329 733 1396 τάσδε
744 1327 851 1413 πόλις,
871 1330 908 1395 έκ
920 1335 989 1396 τῶν
1001 1329 1080 1407 νέας
1095 1328 1201 1397 τεκαὶ

197 1422 355 1512 στρατιήν
369 1425 617 1514 παρελάμβανε,
632 1426 812 1514 Τορύνην,
824 1425 996 1515 Γαληψὸν,
1011 1430 1205 1515 Σερμύλην,

195 1522 633 1610 Μηκύβερναν,”ολυνδον.
656 1523 677 1612 ἡ
692 1528 754 1611 μέν
768 1551 836 1593 νυν
845 1525 936 1616 χάρη
951 1519 1036 1612 αὕτη
1046 1531 1205 1609 Σιθωνίη

135 1636 184 1691 123
195 1622 355 1689 καλέεται.
383 1618 421 1689 ‘0
436 1624 473 1690 δὲ
487 1621 646 1703 ναυτικδς
667 1622 838 1708 στρατόςὸ
855 1629 985 1712 Ξέρξεω
1000 1621 1205 1710 συντάμνων

194 1715 253 1787 ἀπ’
267 1717 431 1806 Ἀμπέλου
446 1720 551 1812 άκρης
565 1724 618 1792 έπλ
631 1731 868 1813 Καναστραῑου
883 1721 1009 1810 άκρην,
1026 1717 1063 1790 τὸ
1080 1717 1121 1806 δή
1137 1720 1205 1786 πά-

194 1836 254 1906 σης
267 1824 325 1906 τῆς
338 1822 518 1909 Παλλήνης
535 1819 645 1910 άνέχει
661 1823 821 1910 μάλιστα,
837 1823 998 1890 ένθεύτεν
1010 1824 1088 1900 νέας
1098 1844 1133 1887 τε
1147 1821 1202 1886 καλ

194 1918 354 2008 στρατιήν
372 1924 610 2012 παρελάμβανε
629 1927 666 1993 έκ
691 1927 872 2010 Ποτιδαίης
891 1925 947 1990 καί
971 1919 1128 2008 Ἀφύτιος
1148 1922 1205 1989 καὶ

194 2019 286 2104 Νέης
304 2020 420 2100 πόλιος
435 2026 492 2092 καί
507 2030 614 2111 Αίγής
635 2026 691 2092 καλ
712 2021 879 2108 Θεράμβω
899 2023 956 2089 καλ
969 2019 1127 2106 Σκιάνης
1147 2021 1205 2087 καὶ

194 2118 332 2204 Μένδης
342 2123 397 2188 καὶ
408 2121 533 2207 Σάνης.
550 2116 649 2189 αὗται
661 2122 727 2209 γάρ
740 2125 803 2188 είσι
812 2123 850 2187 αἱ
858 2114 920 2205 τήν
930 2123 997 2185 νῦν
1005 2116 1202 2204 Παλλήνην,

193 2215 361 2305 πρότερον
376 2220 412 2286 δὲ
425 2222 580 2306 Φλέγρην
591 2222 798 2305 καλεομένην
806 2217 998 2304 νεμόμεναι.
1018 2214 1204 2302 παραπλά-

195 2342 244 2386 ων
260 2318 297 2386 δέ
310 2320 366 2386 καὶ
379 2320 506 2405 ταύτην
518 2317 581 2405 τήν
593 2319 707 2407 χάρην
723 2323 830 2387 έπλωε
844 2321 877 2395 ές
891 2315 928 2384 τδ
944 2317 1201 2403 προειρημένου,

193 2414 467 2502 παραλαμβάνων
486 2414 644 2505 στρατιήν
658 2417 715 2485 καλ
731 2420 767 2486 έκ
784 2423 853 2485 τοῖν
869 2417 1059 2502 προσεχέων
1072 2419 1203 2482 πολίων

192 2517 232 2600 τῇ
241 2512 419 2601 Παλλήνη,
436 2511 693 2603 ὁμουρεουσέων
707 2516 744 2583 δὲ
758 2520 804 2605 τῷ
815 2519 971 2602 Θερμαίςο
984 2511 1109 2601 κόλπῳ,
1123 2515 1202 2597 τήσι

192 2604 364 2695 οὐνόματά
378 2612 447 2680 έστι
461 2612 556 2700 τάδε,
574 2617 736 2701 Λίπαξος,
752 2613 944 2701 Κώμβρεια,
958 2616 1075 2697 Λίσαι,
1089 2615 1199 2695 Γίγω-

193 2731 268 2792 νος,
284 2707 427 2797 Κάμψα,
443 2719 572 2800 Σμίλα,
586 2721 715 2782 Αἴνεια.
743 2708 764 2799 v}
781 2710 818 2780 δέ
833 2707 1071 2799 τούτωνχοόρη
1085 2713 1203 2794 Κροσ-

192 2808 269 2889 σαίη
280 2808 328 2871 ἔτι
341 2809 397 2874 καὶ
405 2809 439 2885 ές
450 2809 528 2877 τόδε
541 2811 702 2879 καλέεται.
718 2807 784 2878 άπὸ
800 2809 836 2878 δέ
849 2815 997 2895 Αίνείης,
1010 2809 1044 2887 ές
1054 2803 1116 2894 τήν
1128 2807 1203 2874 έτε-

191 2902 321 2971 λεύτων
335 2908 527 2991 καταλέγων
543 2904 602 2985 τάς
616 2906 729 2993 πόλις,
744 2904 811 2976 άπδ
828 2906 952 2994 ταύτης
965 2904 1029 2994 ήδη
1046 2907 1080 2984 ές
1093 2900 1201 2970 αύτόν

192 3026 226 3070 τε
240 2999 300 3068 τδυ
313 3010 482 3092 Θερμαίου
503 3004 632 3074 κόλπον
652 3010 778 3093 ἐγένετο
798 3013 844 3097 τῷ
866 3013 1013 3095 ναυτικῷ
1035 3011 1164 3093 στρατῷ
1180 3000 1199 3070 ὁ

190 3102 292 3181 πλόος
307 3106 363 3172 καὶ
375 3111 441 3193 γῆν
454 3101 518 3191 τήν
534 3111 755 3193 Μυγδονίην,
770 3105 895 3174 πλύων
909 3107 947 3175 δέ
967 3101 1100 3195 άπίκετο
1116 3107 1149 3181 ές
1163 3128 1200 3170 τε

189 3196 252 3286 τήν
264 3207 512 3289 προειρημένην
529 3208 664 3292 Θέρμην
678 3209 734 3274 καὶ
746 3205 876 3273 Σινδόυ
890 3229 926 3272 τε
940 3205 1042 3273 πόλιν
1056 3203 1112 3270 καὶ
1126 3208 1201 3270 Χα-

189 3298 331 3383 λέστρην
351 3300 404 3366 έπλ
416 3298 477 3367 τόν
493 3297 604 3381 Ἀξιὸν
618 3300 786 3389 ποταμόν,
807 3300 845 3382 δς
865 3298 989 3391 ούρίζει
1006 3299 1121 3388 χώρην
1134 3295 1200 3384 τὴν

190 3399 393 3484 Μυγδονίην
412 3424 448 3467 τε
468 3402 525 3468 καὶ
535 3408 741 3489 Βοττιαιίδα,
763 3409 822 3489 τῆς
842 3408 955 3488 ἔχουσι
968 3399 1006 3468 τὰ
1022 3394 1114 3485 παρά
1128 3394 1201 3465 θά-

188 3498 317 3558 λασσαν
332 3494 464 3565 στεινὸν
473 3505 598 3584 χωρίον
610 3500 723 3580 πόλιες
733 3498 837 3586 ’Ίχναι
852 3525 888 3568 τε
901 3500 956 3566 καὶ
969 3499 1092 3565 Πέλλα.
