<?xml version="1.0" encoding="UTF-8"?>
<!DOCTYPE html PUBLIC "-//W3C//DTD XHTML 1.0 Transitional//EN"
    "http://www.w3.org/TR/xhtml1/DTD/xhtml1-transitional.dtd">
<html xmlns="http://www.w3.org/1999/xhtml" xml:lang="en" lang="en">
 <head>
  <title>
</title>
<meta http-equiv="Content-Type" content="text/html;charset=utf-8" />
  <meta name='ocr-system' content='tesseract 3.04.00' />
  <meta name='ocr-capabilities' content='ocr_page ocr_carea ocr_par ocr_line ocrx_word'/>
</head>
<body>
  <div class='ocr_page' id='page_1' title='image "./historiarumlibr03herogoog_0535.png"; bbox 0 0 2618 3928; ppageno 0'>
   <div class='ocr_carea' id='block_1_1' title="bbox 213 233 843 296">
    <p class='ocr_par' dir='ltr' id='par_1_1' title="bbox 213 233 843 296">
     <span class='ocr_line' id='line_1_1' title="bbox 213 233 843 296; baseline -0.013 0"><span class='ocrx_word' id='word_1_1' title='bbox 213 234 273 296; x_wconf 78' lang='lat'><strong><em>118</em></strong></span> <span class='ocrx_word' id='word_1_2' title='bbox 590 233 843 292; x_wconf 79' lang='lat' dir='ltr'><strong>HERODOTI</strong></span> 
     </span>
    </p>
   </div>
   <div class='ocr_carea' id='block_1_2' title="bbox 142 388 1293 3565">
    <p class='ocr_par' dir='ltr' id='par_1_2' title="bbox 142 388 1293 3523">
     <span class='ocr_line' id='line_1_2' title="bbox 211 388 1226 479; baseline -0.006 -16"><span class='ocrx_word' id='word_1_3' title='bbox 211 391 661 479; x_wconf 73' lang='grc' dir='ltr'><strong><em>ὑποζάκοροντῶνχθονίαν</em></strong></span> <span class='ocrx_word' id='word_1_4' title='bbox 668 397 770 459; x_wconf 80' lang='grc' dir='ltr'><strong><em>θεῶν.</em></strong></span> <span class='ocrx_word' id='word_1_5' title='bbox 784 390 1127 479; x_wconf 80' lang='grc' dir='ltr'><strong><em>ταότηνέλθοὺσανές</em></strong></span> <span class='ocrx_word' id='word_1_6' title='bbox 1139 388 1226 472; x_wconf 75' lang='grc' dir='ltr'><strong><em>ὄψιν</em></strong></span> 
     </span>
     <span class='ocr_line' id='line_1_3' title="bbox 211 487 1224 580; baseline -0.008 -17"><span class='ocrx_word' id='word_1_7' title='bbox 211 493 405 564; x_wconf 78' lang='grc' dir='ltr'><strong><em>Μιλτιάδεω</em></strong></span> <span class='ocrx_word' id='word_1_8' title='bbox 414 494 718 580; x_wconf 81' lang='grc' dir='ltr'><strong><em>συμβουλευσαί</em></strong></span> <span class='ocrx_word' id='word_1_9' title='bbox 674 516 743 558; x_wconf 92' lang='grc' dir='ltr'><strong><em>ο</em></strong></span> <span class='ocrx_word' id='word_1_10' title='bbox 727 491 842 574; x_wconf 81' lang='grc' dir='ltr'><strong><em>ίπερὶ</em></strong></span> <span class='ocrx_word' id='word_1_11' title='bbox 853 494 981 557; x_wconf 89' lang='grc' dir='ltr'><strong><em>πολλου</em></strong></span> <span class='ocrx_word' id='word_1_12' title='bbox 991 487 1224 557; x_wconf 85' lang='grc' dir='ltr'><strong><em>ποιέεταιΠά-</em></strong></span> 
     </span>
     <span class='ocr_line' id='line_1_4' title="bbox 211 541 1224 683; baseline -0.009 -21"><span class='ocrx_word' id='word_1_13' title='bbox 211 619 274 683; x_wconf 98' lang='grc' dir='ltr'><strong><em>ρον</em></strong></span> <span class='ocrx_word' id='word_1_14' title='bbox 290 588 439 678; x_wconf 70' lang='grc' dir='ltr'><strong><em>έλελν,“</em></strong></span> <span class='ocrx_word' id='word_1_15' title='bbox 401 617 443 660; x_wconf 89' lang='grc' dir='ltr'><strong><em>τα</em></strong></span> <span class='ocrx_word' id='word_1_16' title='bbox 459 586 503 658; x_wconf 84' lang='grc' dir='ltr'><strong><em>άν</em></strong></span> <span class='ocrx_word' id='word_1_17' title='bbox 517 586 601 676; x_wconf 85' lang='grc' dir='ltr'><strong><em>αὑτή</em></strong></span> <span class='ocrx_word' id='word_1_18' title='bbox 616 541 798 676; x_wconf 50' lang='grc' dir='ltr'><strong><em>ὑπόθηται,</em></strong></span> <span class='ocrx_word' id='word_1_19' title='bbox 812 593 917 655; x_wconf 83' lang='grc' dir='ltr'><strong><em>ταῦτα</em></strong></span> <span class='ocrx_word' id='word_1_20' title='bbox 930 587 1067 655; x_wconf 75' lang='grc' dir='ltr'><strong><em>ποιέειν.</em></strong></span> <span class='ocrx_word' id='word_1_21' title='bbox 1087 611 1170 673; x_wconf 85' lang='grc' dir='ltr'><strong><em>μετα</em></strong></span> <span class='ocrx_word' id='word_1_22' title='bbox 1158 581 1224 652; x_wconf 86' lang='lat'><strong><em>⁸66</em></strong></span> 
     </span>
     <span class='ocr_line' id='line_1_5' title="bbox 210 681 1223 813; baseline -0.009 -54"><span class='ocrx_word' id='word_1_23' title='bbox 210 689 272 813; x_wconf 84' lang='grc' dir='ltr'><strong><em>τήν</em></strong></span> <span class='ocrx_word' id='word_1_24' title='bbox 286 691 349 777; x_wconf 75' lang='grc' dir='ltr'><strong><em>μὲν</em></strong></span> <span class='ocrx_word' id='word_1_25' title='bbox 365 686 620 773; x_wconf 71' lang='grc' dir='ltr'><strong><em>ὑποθέσθαι,</em></strong></span> <span class='ocrx_word' id='word_1_26' title='bbox 585 713 646 756; x_wconf 91' lang='grc' dir='ltr'><strong><em>τον</em></strong></span> <span class='ocrx_word' id='word_1_27' title='bbox 657 682 728 755; x_wconf 86' lang='lat'><strong><em>66&#39;</em></strong></span> <span class='ocrx_word' id='word_1_28' title='bbox 708 685 916 771; x_wconf 90' lang='grc' dir='ltr'><strong><em>ιιπικόμενον</em></strong></span> <span class='ocrx_word' id='word_1_29' title='bbox 927 682 1029 753; x_wconf 74' lang='lat'><strong>626⁸</strong></span> <span class='ocrx_word' id='word_1_30' title='bbox 994 710 1055 753; x_wconf 92' lang='grc' dir='ltr'><strong><em>τον</em></strong></span> <span class='ocrx_word' id='word_1_31' title='bbox 1065 681 1223 753; x_wconf 78' lang='grc' dir='ltr'><strong><em>κολωνόν</em></strong></span> 
     </span>
     <span class='ocr_line' id='line_1_6' title="bbox 209 781 1278 874; baseline -0.008 -15"><span class='ocrx_word' id='word_1_32' title='bbox 209 788 271 859; x_wconf 83' lang='grc' dir='ltr'><strong><em>τόν</em></strong></span> <span class='ocrx_word' id='word_1_33' title='bbox 284 785 349 874; x_wconf 83' lang='grc' dir='ltr'><strong><em>πρὸ</em></strong></span> <span class='ocrx_word' id='word_1_34' title='bbox 369 793 428 874; x_wconf 83' lang='grc' dir='ltr'><strong><em>τῆς</em></strong></span> <span class='ocrx_word' id='word_1_35' title='bbox 442 786 558 866; x_wconf 90' lang='grc' dir='ltr'><strong><em>πόλιος</em></strong></span> <span class='ocrx_word' id='word_1_36' title='bbox 574 785 673 855; x_wconf 88' lang='grc' dir='ltr'><strong><em>έόντα</em></strong></span> <span class='ocrx_word' id='word_1_37' title='bbox 691 811 729 854; x_wconf 92' lang='grc' dir='ltr'><strong><em>το</em></strong></span> <span class='ocrx_word' id='word_1_38' title='bbox 717 781 843 871; x_wconf 74' lang='grc' dir='ltr'><strong><em>’ἕρκος</em></strong></span> <span class='ocrx_word' id='word_1_39' title='bbox 862 781 1085 869; x_wconf 88' lang='grc' dir='ltr'><strong><em>θεσμοφόρον</em></strong></span> <span class='ocrx_word' id='word_1_40' title='bbox 1098 781 1224 869; x_wconf 88' lang='grc' dir='ltr'><strong><em>Δήμη-</em></strong></span> <span class='ocrx_word' id='word_1_41' title='bbox 1267 788 1278 801; x_wconf 81' lang='lat'>&#39;</span> 
     </span>
     <span class='ocr_line' id='line_1_7' title="bbox 208 876 1268 977; baseline -0.008 -21"><span class='ocrx_word' id='word_1_42' title='bbox 208 914 287 977; x_wconf 84' lang='grc' dir='ltr'><strong><em>προς</em></strong></span> <span class='ocrx_word' id='word_1_43' title='bbox 295 884 512 974; x_wconf 80' lang='grc' dir='ltr'><strong><em>υπερθορελν,</em></strong></span> <span class='ocrx_word' id='word_1_44' title='bbox 521 910 564 953; x_wconf 92' lang='grc' dir='ltr'><strong><em>ον</em></strong></span> <span class='ocrx_word' id='word_1_45' title='bbox 551 879 811 970; x_wconf 87' lang='grc' dir='ltr'><strong><em>δυναμενον</em></strong></span> <span class='ocrx_word' id='word_1_46' title='bbox 775 907 834 960; x_wconf 89' lang='grc' dir='ltr'><strong><em>τας</em></strong></span> <span class='ocrx_word' id='word_1_47' title='bbox 842 881 955 970; x_wconf 90' lang='grc' dir='ltr'><strong><em>θυρας</em></strong></span> <span class='ocrx_word' id='word_1_48' title='bbox 966 876 1222 967; x_wconf 80' lang='grc' dir='ltr'><strong><em>ανοίξαι,υπερ-</em></strong></span> <span class='ocrx_word' id='word_1_49' title='bbox 1252 912 1268 929; x_wconf 45' lang='lat' dir='ltr'><em>f</em></span> 
     </span>
     <span class='ocr_line' id='line_1_8' title="bbox 209 975 1219 1071; baseline -0.01 -16"><span class='ocrx_word' id='word_1_50' title='bbox 209 984 441 1071; x_wconf 88' lang='grc' dir='ltr'><strong><em>θορόνταί</em></strong></span> <span class='ocrx_word' id='word_1_51' title='bbox 377 982 414 1051; x_wconf 89' lang='lat'><strong><em>66</em></strong></span> <span class='ocrx_word' id='word_1_52' title='bbox 428 985 513 1051; x_wconf 92' lang='grc' dir='ltr'><strong><em>ίέναι</em></strong></span> <span class='ocrx_word' id='word_1_53' title='bbox 524 985 577 1050; x_wconf 83' lang='grc' dir='ltr'><strong><em>έπλ</em></strong></span> <span class='ocrx_word' id='word_1_54' title='bbox 592 1009 632 1051; x_wconf 89' lang='grc' dir='ltr'><strong><em>το</em></strong></span> <span class='ocrx_word' id='word_1_55' title='bbox 620 979 795 1070; x_wconf 72' lang='grc' dir='ltr'><strong><em>’μέγαρον</em></strong></span> <span class='ocrx_word' id='word_1_56' title='bbox 808 976 903 1066; x_wconf 88' lang='grc' dir='ltr'><strong><em>ὁτιδή</em></strong></span> <span class='ocrx_word' id='word_1_57' title='bbox 918 976 1102 1066; x_wconf 78' lang='grc' dir='ltr'><strong><em>ποιήσοντα</em></strong></span> <span class='ocrx_word' id='word_1_58' title='bbox 1113 975 1219 1063; x_wconf 78' lang='grc' dir='ltr'><strong><em>ἐντός,</em></strong></span> 
     </span>
     <span class='ocr_line' id='line_1_9' title="bbox 210 1075 1221 1202; baseline -0.011 -48"><span class='ocrx_word' id='word_1_59' title='bbox 210 1095 276 1155; x_wconf 85' lang='grc' dir='ltr'><strong><em>είτε</em></strong></span> <span class='ocrx_word' id='word_1_60' title='bbox 292 1082 475 1202; x_wconf 82' lang='grc' dir='ltr'><strong><em>κινήσοντά</em></strong></span> <span class='ocrx_word' id='word_1_61' title='bbox 489 1088 603 1152; x_wconf 78' lang='grc' dir='ltr'><strong><em>τιτῶν</em></strong></span> <span class='ocrx_word' id='word_1_62' title='bbox 617 1079 786 1168; x_wconf 75' lang='grc' dir='ltr'><strong><em>ἀκινήτων</em></strong></span> <span class='ocrx_word' id='word_1_63' title='bbox 802 1088 868 1149; x_wconf 89' lang='grc' dir='ltr'><strong><em>είτε</em></strong></span> <span class='ocrx_word' id='word_1_64' title='bbox 883 1075 1055 1165; x_wconf 85' lang='grc' dir='ltr'><strong><em>ὁτιδήκοτε</em></strong></span> <span class='ocrx_word' id='word_1_65' title='bbox 1071 1077 1221 1166; x_wconf 84' lang='grc' dir='ltr'><strong><em>πρήξον-</em></strong></span> 
     </span>
     <span class='ocr_line' id='line_1_10' title="bbox 209 1177 1270 1303; baseline -0.004 -53"><span class='ocrx_word' id='word_1_66' title='bbox 209 1206 265 1250; x_wconf 89' lang='grc' dir='ltr'><strong><em>τα·</em></strong></span> <span class='ocrx_word' id='word_1_67' title='bbox 290 1177 375 1269; x_wconf 80' lang='grc' dir='ltr'><strong><em>πρὸς</em></strong></span> <span class='ocrx_word' id='word_1_68' title='bbox 388 1188 464 1270; x_wconf 83' lang='grc' dir='ltr'><strong><em>τήσι</em></strong></span> <span class='ocrx_word' id='word_1_69' title='bbox 477 1182 609 1273; x_wconf 84' lang='grc' dir='ltr'><strong><em>θὺρησί</em></strong></span> <span class='ocrx_word' id='word_1_70' title='bbox 619 1208 656 1251; x_wconf 89' lang='grc' dir='ltr'><strong><em>τε</em></strong></span> <span class='ocrx_word' id='word_1_71' title='bbox 668 1183 840 1303; x_wconf 82' lang='grc' dir='ltr'><strong><em>γενέσθαι,</em></strong></span> <span class='ocrx_word' id='word_1_72' title='bbox 856 1182 913 1248; x_wconf 80' lang='grc' dir='ltr'><strong><em>καὶ</em></strong></span> <span class='ocrx_word' id='word_1_73' title='bbox 926 1177 1036 1268; x_wconf 90' lang='grc' dir='ltr'><strong><em>πρόκα</em></strong></span> <span class='ocrx_word' id='word_1_74' title='bbox 1047 1203 1084 1247; x_wconf 91' lang='grc' dir='ltr'><strong><em>τε</em></strong></span> <span class='ocrx_word' id='word_1_75' title='bbox 1098 1183 1220 1265; x_wconf 86' lang='grc' dir='ltr'><strong><em>φρίκης</em></strong></span> <span class='ocrx_word' id='word_1_76' title='bbox 1259 1244 1270 1271; x_wconf 60' lang='grc'><strong><em>,</em></strong></span> 
     </span>
     <span class='ocr_line' id='line_1_11' title="bbox 211 1273 1218 1389; baseline -0.006 -41"><span class='ocrx_word' id='word_1_77' title='bbox 211 1276 316 1348; x_wconf 81' lang='grc' dir='ltr'><strong><em>αὑτὸν</em></strong></span> <span class='ocrx_word' id='word_1_78' title='bbox 332 1277 548 1369; x_wconf 72' lang='grc' dir='ltr'><strong><em>ὑπελθούσης</em></strong></span> <span class='ocrx_word' id='word_1_79' title='bbox 562 1277 668 1349; x_wconf 83' lang='grc' dir='ltr'><strong><em>ὀπίσω</em></strong></span> <span class='ocrx_word' id='word_1_80' title='bbox 682 1277 744 1366; x_wconf 83' lang='grc' dir='ltr'><strong><em>τήν</em></strong></span> <span class='ocrx_word' id='word_1_81' title='bbox 758 1276 865 1365; x_wconf 86' lang='grc' dir='ltr'><strong><em>αὑτήν</em></strong></span> <span class='ocrx_word' id='word_1_82' title='bbox 876 1273 959 1389; x_wconf 78' lang='grc' dir='ltr'><strong><em>ὁδόν</em></strong></span> <span class='ocrx_word' id='word_1_83' title='bbox 968 1279 1098 1362; x_wconf 74' lang='grc' dir='ltr'><strong><em>ἵεσθαι,</em></strong></span> <span class='ocrx_word' id='word_1_84' title='bbox 1115 1301 1218 1343; x_wconf 91' lang='grc' dir='ltr'><strong><em>κατα-</em></strong></span> 
     </span>
     <span class='ocr_line' id='line_1_12' title="bbox 209 1364 1219 1501; baseline -0.006 -53"><span class='ocrx_word' id='word_1_85' title='bbox 209 1378 416 1501; x_wconf 84' lang='grc' dir='ltr'><strong><em>θράσκοντα</em></strong></span> <span class='ocrx_word' id='word_1_86' title='bbox 427 1376 510 1448; x_wconf 90' lang='lat'><strong><em>66⁸</em></strong></span> <span class='ocrx_word' id='word_1_87' title='bbox 474 1405 536 1467; x_wconf 91' lang='grc' dir='ltr'><strong><em>την</em></strong></span> <span class='ocrx_word' id='word_1_88' title='bbox 550 1374 901 1465; x_wconf 86' lang='grc' dir='ltr'><strong><em>αίμασιήντδνμηρόν</em></strong></span> <span class='ocrx_word' id='word_1_89' title='bbox 904 1364 1114 1463; x_wconf 75' lang='grc' dir='ltr'><strong><em>σπασθῆναι.</em></strong></span> <span class='ocrx_word' id='word_1_90' title='bbox 1138 1377 1173 1442; x_wconf 91' lang='grc' dir='ltr'><strong><em>οί</em></strong></span> <span class='ocrx_word' id='word_1_91' title='bbox 1158 1376 1219 1442; x_wconf 82' lang='lat'><strong><em>666</em></strong></span> 
     </span>
     <span class='ocr_line' id='line_1_13' title="bbox 210 1472 1219 1565; baseline -0.004 -21"><span class='ocrx_word' id='word_1_92' title='bbox 210 1472 463 1563; x_wconf 85' lang='grc' dir='ltr'><strong><em>αὑτδντδγόνι</em></strong></span> <span class='ocrx_word' id='word_1_93' title='bbox 474 1490 696 1565; x_wconf 68' lang='grc' dir='ltr'><strong><em>προσπταῖσαι</em></strong></span> <span class='ocrx_word' id='word_1_94' title='bbox 707 1476 852 1563; x_wconf 87' lang='grc' dir='ltr'><strong><em>λέγουσι</em></strong></span> <span class='ocrx_word' id='word_1_95' title='bbox 876 1472 1064 1560; x_wconf 91' lang='grc' dir='ltr'><strong><em>Μιλτιαδης</em></strong></span> <span class='ocrx_word' id='word_1_96' title='bbox 1074 1474 1138 1560; x_wconf 86' lang='grc' dir='ltr'><strong><em>μέν</em></strong></span> <span class='ocrx_word' id='word_1_97' title='bbox 1151 1498 1219 1540; x_wconf 88' lang='grc' dir='ltr'><strong><em>νυν</em></strong></span> 
     </span>
     <span class='ocr_line' id='line_1_14' title="bbox 210 1564 1224 1697; baseline 0 -57"><span class='ocrx_word' id='word_1_98' title='bbox 210 1573 463 1658; x_wconf 81' lang='grc' dir='ltr'><strong><em>φλαύρωςέχοον</em></strong></span> <span class='ocrx_word' id='word_1_99' title='bbox 473 1569 627 1642; x_wconf 84' lang='grc' dir='ltr'><strong><em>ιἰπέπλωε</em></strong></span> <span class='ocrx_word' id='word_1_100' title='bbox 638 1570 840 1696; x_wconf 86' lang='grc' dir='ltr'><strong><em>ὀπίσω,οὑτε</em></strong></span> <span class='ocrx_word' id='word_1_101' title='bbox 849 1574 999 1697; x_wconf 78' lang='grc' dir='ltr'><strong><em>χρήματα</em></strong></span> <span class='ocrx_word' id='word_1_102' title='bbox 1009 1564 1224 1659; x_wconf 79' lang='grc' dir='ltr'><strong><em>Ἀθηναίοισι</em></strong></span> 
     </span>
     <span class='ocr_line' id='line_1_15' title="bbox 210 1668 1219 1793; baseline 0.002 -55"><span class='ocrx_word' id='word_1_103' title='bbox 210 1669 303 1756; x_wconf 84' lang='grc' dir='ltr'><strong><em>άγων</em></strong></span> <span class='ocrx_word' id='word_1_104' title='bbox 322 1668 401 1738; x_wconf 87' lang='grc' dir='ltr'><strong><em>οὑτε</em></strong></span> <span class='ocrx_word' id='word_1_105' title='bbox 416 1671 536 1757; x_wconf 91' lang='grc' dir='ltr'><strong><em>Πάρον</em></strong></span> <span class='ocrx_word' id='word_1_106' title='bbox 555 1673 867 1760; x_wconf 82' lang='grc' dir='ltr'><strong><em>προσκτησάμενος,</em></strong></span> <span class='ocrx_word' id='word_1_107' title='bbox 890 1669 974 1793; x_wconf 76' lang='lat'><strong>6666</strong></span> <span class='ocrx_word' id='word_1_108' title='bbox 994 1671 1219 1759; x_wconf 75' lang='grc' dir='ltr'><strong><em>πολιορκήσας</em></strong></span> 
     </span>
     <span class='ocr_line' id='line_1_16' title="bbox 210 1765 1216 1859; baseline 0.001 -23"><span class='ocrx_word' id='word_1_109' title='bbox 210 1793 246 1836; x_wconf 86' lang='grc' dir='ltr'><strong><em>τε</em></strong></span> <span class='ocrx_word' id='word_1_110' title='bbox 261 1770 294 1847; x_wconf 73' lang='grc' dir='ltr'><strong><em>ἓξ</em></strong></span> <span class='ocrx_word' id='word_1_111' title='bbox 309 1769 364 1836; x_wconf 79' lang='grc' dir='ltr'><strong><em>καὶ</em></strong></span> <span class='ocrx_word' id='word_1_112' title='bbox 380 1776 484 1837; x_wconf 89' lang='grc' dir='ltr'><strong><em>είκοσι</em></strong></span> <span class='ocrx_word' id='word_1_113' title='bbox 497 1765 622 1857; x_wconf 79' lang='grc' dir='ltr'><strong><em>ἡμέρας</em></strong></span> <span class='ocrx_word' id='word_1_114' title='bbox 639 1773 695 1840; x_wconf 82' lang='grc' dir='ltr'><strong><em>καλ</em></strong></span> <span class='ocrx_word' id='word_1_115' title='bbox 709 1769 904 1859; x_wconf 75' lang='grc' dir='ltr'><strong><em>δηιώσας</em></strong></span> <span class='ocrx_word' id='word_1_116' title='bbox 867 1797 930 1859; x_wconf 91' lang='grc' dir='ltr'><strong><em>την</em></strong></span> <span class='ocrx_word' id='word_1_117' title='bbox 945 1778 1059 1858; x_wconf 83' lang='grc' dir='ltr'><strong><em>νῆσον.</em></strong></span> <span class='ocrx_word' id='word_1_118' title='bbox 1092 1771 1216 1859; x_wconf 90' lang='grc' dir='ltr'><strong><em>Πάριοι</em></strong></span> 
     </span>
     <span class='ocr_line' id='line_1_17' title="bbox 211 1864 1293 1959; baseline 0.002 -25"><span class='ocrx_word' id='word_1_119' title='bbox 211 1868 247 1934; x_wconf 83' lang='lat'><strong><em>66</em></strong></span> <span class='ocrx_word' id='word_1_120' title='bbox 261 1864 470 1955; x_wconf 84' lang='grc' dir='ltr'><strong><em>πυθόμενοι,</em></strong></span> <span class='ocrx_word' id='word_1_121' title='bbox 493 1865 537 1948; x_wconf 76' lang='grc' dir='ltr'><strong><em>ὡς</em></strong></span> <span class='ocrx_word' id='word_1_122' title='bbox 555 1865 577 1956; x_wconf 87' lang='lat'><strong><em>6</em></strong></span> <span class='ocrx_word' id='word_1_123' title='bbox 593 1866 799 1959; x_wconf 76' lang='grc' dir='ltr'><strong><em>ὑποζάκορος</em></strong></span> <span class='ocrx_word' id='word_1_124' title='bbox 820 1875 889 1937; x_wconf 80' lang='grc' dir='ltr'><strong><em>τῶν</em></strong></span> <span class='ocrx_word' id='word_1_125' title='bbox 907 1876 1000 1938; x_wconf 80' lang='grc' dir='ltr'><strong><em>θεῶν</em></strong></span> <span class='ocrx_word' id='word_1_126' title='bbox 1018 1866 1109 1955; x_wconf 81' lang='grc' dir='ltr'><strong><em>Τιμιδ</em></strong></span> <span class='ocrx_word' id='word_1_127' title='bbox 1124 1874 1216 1937; x_wconf 91' lang='grc' dir='ltr'><strong><em>Μιλ-</em></strong></span> <span class='ocrx_word' id='word_1_128' title='bbox 1291 1884 1293 1893; x_wconf 82' lang='grc'>’</span> 
     </span>
     <span class='ocr_line' id='line_1_18' title="bbox 209 1963 1214 2054; baseline 0 -23"><span class='ocrx_word' id='word_1_129' title='bbox 209 1963 307 2052; x_wconf 86' lang='grc' dir='ltr'><strong><em>τιάδη</em></strong></span> <span class='ocrx_word' id='word_1_130' title='bbox 324 1963 550 2053; x_wconf 88' lang='grc' dir='ltr'><strong><em>κατηγήσατο,</em></strong></span> <span class='ocrx_word' id='word_1_131' title='bbox 574 1968 779 2054; x_wconf 79' lang='grc' dir='ltr'><strong><em>βουλόμενοί</em></strong></span> <span class='ocrx_word' id='word_1_132' title='bbox 788 1992 850 2054; x_wconf 89' lang='grc' dir='ltr'><strong><em>μιν</em></strong></span> <span class='ocrx_word' id='word_1_133' title='bbox 870 1964 945 2034; x_wconf 77' lang='grc' dir='ltr'><strong><em>ἀντὶ</em></strong></span> <span class='ocrx_word' id='word_1_134' title='bbox 962 1966 1092 2034; x_wconf 81' lang='grc' dir='ltr'><strong><em>τούτων</em></strong></span> <span class='ocrx_word' id='word_1_135' title='bbox 1112 1989 1214 2049; x_wconf 82' lang='grc' dir='ltr'><strong><em>τιμον-</em></strong></span> 
     </span>
     <span class='ocr_line' id='line_1_19' title="bbox 210 2060 1216 2153; baseline -0.001 -24"><span class='ocrx_word' id='word_1_136' title='bbox 210 2061 380 2150; x_wconf 82' lang='grc' dir='ltr'><strong><em>ρήσασθαι</em></strong></span> <span class='ocrx_word' id='word_1_137' title='bbox 393 2064 611 2153; x_wconf 84' lang='grc' dir='ltr'><strong><em>θεοπρόπους</em></strong></span> <span class='ocrx_word' id='word_1_138' title='bbox 624 2069 793 2151; x_wconf 88' lang='grc' dir='ltr'><strong><em>πέμπουσι</em></strong></span> <span class='ocrx_word' id='word_1_139' title='bbox 808 2066 842 2143; x_wconf 89' lang='grc' dir='ltr'><strong><em>ές</em></strong></span> <span class='ocrx_word' id='word_1_140' title='bbox 855 2060 1030 2149; x_wconf 85' lang='grc' dir='ltr'><strong><em>Δελφοὺς,</em></strong></span> <span class='ocrx_word' id='word_1_141' title='bbox 1053 2061 1098 2141; x_wconf 75' lang='grc' dir='ltr'><strong><em>δός</em></strong></span> <span class='ocrx_word' id='word_1_142' title='bbox 1112 2080 1216 2148; x_wconf 88' lang='grc' dir='ltr'><strong><em>σφεας</em></strong></span> 
     </span>
     <span class='ocr_line' id='line_1_20' title="bbox 208 2158 1216 2256; baseline 0 -29"><span class='ocrx_word' id='word_1_143' title='bbox 208 2158 327 2246; x_wconf 79' lang='grc' dir='ltr'><strong><em>ἡσυχίη</em></strong></span> <span class='ocrx_word' id='word_1_144' title='bbox 342 2167 400 2245; x_wconf 82' lang='grc' dir='ltr'><strong><em>τῆς</em></strong></span> <span class='ocrx_word' id='word_1_145' title='bbox 413 2168 606 2250; x_wconf 76' lang='grc' dir='ltr'><strong><em>πολιορκίης</em></strong></span> <span class='ocrx_word' id='word_1_146' title='bbox 620 2166 704 2248; x_wconf 78' lang='grc' dir='ltr'><strong><em>ἔσχε,</em></strong></span> <span class='ocrx_word' id='word_1_147' title='bbox 716 2167 866 2246; x_wconf 81' lang='grc' dir='ltr'><strong><em>ἔπεμπον</em></strong></span> <span class='ocrx_word' id='word_1_148' title='bbox 877 2159 913 2229; x_wconf 85' lang='lat'><strong><em>66</em></strong></span> <span class='ocrx_word' id='word_1_149' title='bbox 927 2161 1216 2256; x_wconf 70' lang='grc' dir='ltr'><strong><em>ἐπειρησομένους,</em></strong></span> 
     </span>
     <span class='ocr_line' id='line_1_21' title="bbox 209 2256 1217 2376; baseline 0.003 -52.051"><span class='ocrx_word' id='word_1_150' title='bbox 209 2263 240 2325; x_wconf 87' lang='grc' dir='ltr'><strong><em>εί</em></strong></span> <span class='ocrx_word' id='word_1_151' title='bbox 255 2257 518 2343; x_wconf 80' lang='grc' dir='ltr'><strong><em>καταχρήσονται</em></strong></span> <span class='ocrx_word' id='word_1_152' title='bbox 536 2257 599 2346; x_wconf 84' lang='grc' dir='ltr'><strong><em>τήν</em></strong></span> <span class='ocrx_word' id='word_1_153' title='bbox 612 2257 824 2346; x_wconf 75' lang='grc' dir='ltr'><strong><em>ὑποζάκορον</em></strong></span> <span class='ocrx_word' id='word_1_154' title='bbox 843 2266 911 2328; x_wconf 78' lang='grc' dir='ltr'><strong><em>τῶν</em></strong></span> <span class='ocrx_word' id='word_1_155' title='bbox 925 2265 1018 2329; x_wconf 77' lang='grc' dir='ltr'><strong><em>θεῶν</em></strong></span> <span class='ocrx_word' id='word_1_156' title='bbox 1039 2256 1085 2338; x_wconf 79' lang='grc' dir='ltr'><strong><em>ὡς</em></strong></span> <span class='ocrx_word' id='word_1_157' title='bbox 1098 2261 1217 2376; x_wconf 78' lang='grc' dir='ltr'><strong><em>ἐξηγη-</em></strong></span> 
     </span>
     <span class='ocr_line' id='line_1_22' title="bbox 210 2353 1218 2449; baseline 0.001 -27"><span class='ocrx_word' id='word_1_158' title='bbox 210 2355 359 2441; x_wconf 85' lang='grc' dir='ltr'><strong><em>σαμένην</em></strong></span> <span class='ocrx_word' id='word_1_159' title='bbox 379 2368 464 2423; x_wconf 70' lang='grc' dir='ltr'><strong><em>τοῖσι</em></strong></span> <span class='ocrx_word' id='word_1_160' title='bbox 485 2358 635 2445; x_wconf 76' lang='grc' dir='ltr'><strong><em>ἐχθροῖσι</em></strong></span> <span class='ocrx_word' id='word_1_161' title='bbox 651 2364 709 2444; x_wconf 79' lang='grc' dir='ltr'><strong><em>τῆς</em></strong></span> <span class='ocrx_word' id='word_1_162' title='bbox 729 2360 887 2443; x_wconf 75' lang='grc' dir='ltr'><strong><em>πατρίδος</em></strong></span> <span class='ocrx_word' id='word_1_163' title='bbox 906 2355 1034 2449; x_wconf 76' lang='grc' dir='ltr'><strong><em>άλιοσιν</em></strong></span> <span class='ocrx_word' id='word_1_164' title='bbox 1049 2361 1105 2426; x_wconf 82' lang='grc' dir='ltr'><strong><em>καί</em></strong></span> <span class='ocrx_word' id='word_1_165' title='bbox 1121 2383 1162 2424; x_wconf 90' lang='grc' dir='ltr'><strong><em>τα</em></strong></span> <span class='ocrx_word' id='word_1_166' title='bbox 1149 2353 1218 2435; x_wconf 73' lang='grc' dir='ltr'><strong><em>’ές</em></strong></span> 
     </span>
     <span class='ocr_line' id='line_1_23' title="bbox 210 2451 1216 2553; baseline 0.005 -33"><span class='ocrx_word' id='word_1_167' title='bbox 210 2459 330 2538; x_wconf 76' lang='grc' dir='ltr'><strong><em>ἔρσενα</em></strong></span> <span class='ocrx_word' id='word_1_168' title='bbox 339 2453 452 2540; x_wconf 88' lang='grc' dir='ltr'><strong><em>γόνον</em></strong></span> <span class='ocrx_word' id='word_1_169' title='bbox 456 2451 583 2544; x_wconf 85' lang='grc' dir='ltr'><strong><em>άρρητα</em></strong></span> <span class='ocrx_word' id='word_1_170' title='bbox 594 2462 650 2543; x_wconf 87' lang='grc' dir='ltr'><strong><em>ίρα</em></strong></span> <span class='ocrx_word' id='word_1_171' title='bbox 638 2436 1043 2576; x_wconf 71' lang='grc' dir='ltr'><strong><em>’έκφήνασανΜιλτιάδη</em></strong></span> <span class='ocrx_word' id='word_1_172' title='bbox 1059 2453 1129 2545; x_wconf 87' lang='lat'><strong><em>666</em></strong></span> <span class='ocrx_word' id='word_1_173' title='bbox 1139 2465 1216 2525; x_wconf 90' lang='grc' dir='ltr'><strong><em>Πυ-</em></strong></span> 
     </span>
     <span class='ocr_line' id='line_1_24' title="bbox 208 2538 1216 2654; baseline 0.004 -36"><span class='ocrx_word' id='word_1_174' title='bbox 208 2557 269 2636; x_wconf 85' lang='grc' dir='ltr'><strong><em>θίη</em></strong></span> <span class='ocrx_word' id='word_1_175' title='bbox 286 2547 349 2618; x_wconf 88' lang='grc' dir='ltr'><strong><em>οὑκ</em></strong></span> <span class='ocrx_word' id='word_1_176' title='bbox 363 2556 417 2647; x_wconf 82' lang='grc' dir='ltr'><strong><em>έα,</em></strong></span> <span class='ocrx_word' id='word_1_177' title='bbox 438 2558 531 2640; x_wconf 82' lang='grc' dir='ltr'><strong><em>φᾶσα</em></strong></span> <span class='ocrx_word' id='word_1_178' title='bbox 544 2550 589 2621; x_wconf 88' lang='grc' dir='ltr'><strong><em>οὑ</em></strong></span> <span class='ocrx_word' id='word_1_179' title='bbox 609 2561 739 2641; x_wconf 83' lang='grc' dir='ltr'><strong><em>Τιμοῦν</em></strong></span> <span class='ocrx_word' id='word_1_180' title='bbox 761 2538 903 2623; x_wconf 72' lang='grc' dir='ltr'><strong><em>εἶναι’</em></strong></span> <span class='ocrx_word' id='word_1_181' title='bbox 867 2582 930 2643; x_wconf 92' lang='grc' dir='ltr'><strong><em>την</em></strong></span> <span class='ocrx_word' id='word_1_182' title='bbox 944 2561 1053 2643; x_wconf 89' lang='grc' dir='ltr'><strong><em>αίτίην</em></strong></span> <span class='ocrx_word' id='word_1_183' title='bbox 1073 2555 1216 2654; x_wconf 78' lang='grc' dir='ltr'><strong><em>τούτων</em></strong></span> 
     </span>
     <span class='ocr_line' id='line_1_25' title="bbox 210 2619 1217 2773; baseline 0.004 -56"><span class='ocrx_word' id='word_1_184' title='bbox 210 2644 294 2717; x_wconf 81' lang='grc' dir='ltr'><strong><em>άλλά</em></strong></span> <span class='ocrx_word' id='word_1_185' title='bbox 310 2647 454 2717; x_wconf 76' lang='grc' dir='ltr'><strong><em>δέειν“</em></strong></span> <span class='ocrx_word' id='word_1_186' title='bbox 414 2677 479 2737; x_wconf 86' lang='grc' dir='ltr'><strong><em>γαρ</em></strong></span> <span class='ocrx_word' id='word_1_187' title='bbox 496 2653 684 2721; x_wconf 73' lang='grc' dir='ltr'><strong><em>Μιλτιάδεα</em></strong></span> <span class='ocrx_word' id='word_1_188' title='bbox 702 2661 860 2722; x_wconf 79' lang='grc' dir='ltr'><strong><em>τελευτᾶν</em></strong></span> <span class='ocrx_word' id='word_1_189' title='bbox 881 2652 926 2742; x_wconf 87' lang='grc' dir='ltr'><strong><em>μή</em></strong></span> <span class='ocrx_word' id='word_1_190' title='bbox 943 2648 999 2739; x_wconf 86' lang='grc' dir='ltr'><strong><em>εὑ,</em></strong></span> <span class='ocrx_word' id='word_1_191' title='bbox 1021 2660 1172 2773; x_wconf 74' lang='grc' dir='ltr'><strong><em>φανῆναί</em></strong></span> <span class='ocrx_word' id='word_1_192' title='bbox 1183 2619 1217 2721; x_wconf 86' lang='lat'><strong><em>06</em></strong></span> 
     </span>
     <span class='ocr_line' id='line_1_26' title="bbox 208 2748 1215 2872; baseline 0.006 -59"><span class='ocrx_word' id='word_1_193' title='bbox 208 2751 277 2813; x_wconf 78' lang='grc' dir='ltr'><strong><em>τῶν</em></strong></span> <span class='ocrx_word' id='word_1_194' title='bbox 292 2752 406 2815; x_wconf 75' lang='grc' dir='ltr'><strong><em>κακῶν</em></strong></span> <span class='ocrx_word' id='word_1_195' title='bbox 401 2751 638 2847; x_wconf 80' lang='grc' dir='ltr'><strong><em>κατηγεμόνα.</em></strong></span> <span class='ocrx_word' id='word_1_196' title='bbox 659 2757 817 2837; x_wconf 88' lang='grc' dir='ltr'><strong><em>Παρίοισι</em></strong></span> <span class='ocrx_word' id='word_1_197' title='bbox 827 2752 890 2837; x_wconf 72' lang='grc' dir='ltr'><strong><em>μέν</em></strong></span> <span class='ocrx_word' id='word_1_198' title='bbox 900 2748 941 2839; x_wconf 91' lang='lat'><strong><em>66</em></strong></span> <span class='ocrx_word' id='word_1_199' title='bbox 953 2758 1057 2820; x_wconf 77' lang='grc' dir='ltr'><strong><em>ταῦτα</em></strong></span> <span class='ocrx_word' id='word_1_200' title='bbox 1067 2779 1088 2838; x_wconf 85' lang='grc' dir='ltr'><strong><em>η</em></strong></span> <span class='ocrx_word' id='word_1_201' title='bbox 1075 2748 1215 2872; x_wconf 60' lang='grc' dir='ltr'><strong><em>Πυθίη</em></strong></span> 
     </span>
     <span class='ocr_line' id='line_1_27' title="bbox 142 2835 1216 2937; baseline 0.003 -24"><span class='ocrx_word' id='word_1_202' title='bbox 142 2857 193 2913; x_wconf 76' lang='grc'><strong><em>136</em></strong></span> <span class='ocrx_word' id='word_1_203' title='bbox 208 2842 342 2930; x_wconf 75' lang='grc' dir='ltr'><strong><em>ἔχρησε,</em></strong></span> <span class='ocrx_word' id='word_1_204' title='bbox 355 2835 577 2932; x_wconf 76' lang='grc' dir='ltr'><strong><em>Ἀθηναῖοιδέ</em></strong></span> <span class='ocrx_word' id='word_1_205' title='bbox 588 2851 624 2917; x_wconf 92' lang='grc' dir='ltr'><strong><em>έκ</em></strong></span> <span class='ocrx_word' id='word_1_206' title='bbox 634 2849 755 2936; x_wconf 89' lang='grc' dir='ltr'><strong><em>Πάρου</em></strong></span> <span class='ocrx_word' id='word_1_207' title='bbox 763 2847 980 2919; x_wconf 87' lang='grc' dir='ltr'><strong><em>Μιλτιάδεα’</em></strong></span> <span class='ocrx_word' id='word_1_208' title='bbox 961 2851 1216 2937; x_wconf 51' lang='grc' dir='ltr'><strong><em>απονοστήσαυψ</em></strong></span> 
     </span>
     <span class='ocr_line' id='line_1_28' title="bbox 207 2942 1216 3068; baseline 0.007 -61"><span class='ocrx_word' id='word_1_209' title='bbox 207 2966 247 3007; x_wconf 88' lang='grc' dir='ltr'><strong><em>τοι</em></strong></span> <span class='ocrx_word' id='word_1_210' title='bbox 263 2945 375 3026; x_wconf 80' lang='grc' dir='ltr'><strong><em>ἔσχον</em></strong></span> <span class='ocrx_word' id='word_1_211' title='bbox 377 2942 415 3008; x_wconf 78' lang='grc' dir='ltr'><strong><em>ἐν</em></strong></span> <span class='ocrx_word' id='word_1_212' title='bbox 429 2946 586 3061; x_wconf 89' lang='grc' dir='ltr'><strong><em>στόμασι,</em></strong></span> <span class='ocrx_word' id='word_1_213' title='bbox 601 2949 637 3014; x_wconf 96' lang='grc' dir='ltr'><strong><em>οι</em></strong></span> <span class='ocrx_word' id='word_1_214' title='bbox 647 2974 683 3016; x_wconf 93' lang='grc' dir='ltr'><strong><em>τε</em></strong></span> <span class='ocrx_word' id='word_1_215' title='bbox 693 2946 789 3017; x_wconf 77' lang='grc' dir='ltr'><strong><em>ἄλλοι</em></strong></span> <span class='ocrx_word' id='word_1_216' title='bbox 799 2949 855 3018; x_wconf 84' lang='grc' dir='ltr'><strong><em>καί</em></strong></span> <span class='ocrx_word' id='word_1_217' title='bbox 864 2948 1007 3068; x_wconf 84' lang='grc' dir='ltr'><strong><em>μάλιστα</em></strong></span> <span class='ocrx_word' id='word_1_218' title='bbox 1017 2948 1216 3028; x_wconf 67' lang='grc' dir='ltr'><strong><em>Ξάνθιππος</em></strong></span> 
     </span>
     <span class='ocr_line' id='line_1_29' title="bbox 209 3033 1217 3165; baseline 0.012 -62"><span class='ocrx_word' id='word_1_219' title='bbox 209 3033 249 3105; x_wconf 86' lang='lat'><strong><em>6’</em></strong></span> <span class='ocrx_word' id='word_1_220' title='bbox 244 3036 477 3124; x_wconf 85' lang='grc' dir='ltr'><strong><em>Λριφρονος,</em></strong></span> <span class='ocrx_word' id='word_1_221' title='bbox 457 3065 494 3118; x_wconf 94' lang='grc' dir='ltr'><strong><em>ος</em></strong></span> <span class='ocrx_word' id='word_1_222' title='bbox 503 3041 686 3111; x_wconf 60' lang='grc' dir='ltr'><strong><em>θανάτου*</em></strong></span> <span class='ocrx_word' id='word_1_223' title='bbox 669 3043 853 3165; x_wconf 69' lang='grc' dir='ltr'><strong><em>υπαγαγρὶν</em></strong></span> <span class='ocrx_word' id='word_1_224' title='bbox 864 3070 930 3115; x_wconf 90' lang='grc' dir='ltr'><strong><em>νπο</em></strong></span> <span class='ocrx_word' id='word_1_225' title='bbox 938 3071 999 3114; x_wconf 88' lang='grc' dir='ltr'><strong><em>τον</em></strong></span> <span class='ocrx_word' id='word_1_226' title='bbox 1009 3050 1116 3133; x_wconf 90' lang='grc' dir='ltr'><strong><em>δημον</em></strong></span> <span class='ocrx_word' id='word_1_227' title='bbox 1122 3052 1217 3115; x_wconf 91' lang='grc' dir='ltr'><strong><em>Μιλ</em></strong></span> 
     </span>
     <span class='ocr_line' id='line_1_30' title="bbox 208 3132 1216 3231; baseline 0.006 -25"><span class='ocrx_word' id='word_1_228' title='bbox 208 3137 323 3206; x_wconf 87' lang='grc' dir='ltr'><strong><em>τιαδεα</em></strong></span> <span class='ocrx_word' id='word_1_229' title='bbox 334 3132 499 3204; x_wconf 82' lang='grc' dir='ltr'><strong><em>έδίιοκε</em></strong></span> <span class='ocrx_word' id='word_1_230' title='bbox 459 3162 517 3224; x_wconf 86' lang='grc' dir='ltr'><strong><em>της</em></strong></span> <span class='ocrx_word' id='word_1_231' title='bbox 527 3135 748 3227; x_wconf 85' lang='grc' dir='ltr'><strong><em>Αθηναίοιν</em></strong></span> <span class='ocrx_word' id='word_1_232' title='bbox 728 3166 855 3229; x_wconf 88' lang='grc' dir='ltr'><strong><em>απατης</em></strong></span> <span class='ocrx_word' id='word_1_233' title='bbox 866 3145 1003 3210; x_wconf 74' lang='grc' dir='ltr'><strong><em>εἵνεκεν</em></strong></span> <span class='ocrx_word' id='word_1_234' title='bbox 1027 3142 1216 3231; x_wconf 84' lang='grc' dir='ltr'><strong><em>Μιλτιάδης</em></strong></span> 
     </span>
     <span class='ocr_line' id='line_1_31' title="bbox 209 3231 1215 3329; baseline 0.008 -27"><span class='ocrx_word' id='word_1_235' title='bbox 209 3237 246 3303; x_wconf 85' lang='lat'><strong><em>66</em></strong></span> <span class='ocrx_word' id='word_1_236' title='bbox 261 3231 362 3313; x_wconf 83' lang='grc' dir='ltr'><strong><em>αὑτός</em></strong></span> <span class='ocrx_word' id='word_1_237' title='bbox 377 3235 440 3320; x_wconf 76' lang='lat'><strong><em>666</em></strong></span> <span class='ocrx_word' id='word_1_238' title='bbox 453 3235 590 3325; x_wconf 79' lang='grc' dir='ltr'><strong><em>παρεάν</em></strong></span> <span class='ocrx_word' id='word_1_239' title='bbox 604 3235 667 3306; x_wconf 87' lang='grc' dir='ltr'><strong><em>οὑκ</em></strong></span> <span class='ocrx_word' id='word_1_240' title='bbox 682 3236 879 3326; x_wconf 74' lang='grc' dir='ltr'><strong><em>ἀπελογέετο</em></strong></span> <span class='ocrx_word' id='word_1_241' title='bbox 894 3233 1008 3329; x_wconf 77' lang='lat'><strong>(66⁸</strong></span> <span class='ocrx_word' id='word_1_242' title='bbox 967 3264 1034 3326; x_wconf 90' lang='grc' dir='ltr'><strong><em>γαρ</em></strong></span> <span class='ocrx_word' id='word_1_243' title='bbox 1049 3236 1215 3322; x_wconf 84' lang='grc' dir='ltr'><strong><em>άδὺνατος</em></strong></span> 
     </span>
     <span class='ocr_line' id='line_1_32' title="bbox 209 3330 1215 3425; baseline 0.007 -25"><span class='ocrx_word' id='word_1_244' title='bbox 209 3330 293 3401; x_wconf 76' lang='grc' dir='ltr'><strong><em>ὥστε</em></strong></span> <span class='ocrx_word' id='word_1_245' title='bbox 307 3334 509 3419; x_wconf 78' lang='grc' dir='ltr'><strong><em>σηπομένου</em></strong></span> <span class='ocrx_word' id='word_1_246' title='bbox 519 3361 580 3404; x_wconf 88' lang='grc' dir='ltr'><strong><em>τον</em></strong></span> <span class='ocrx_word' id='word_1_247' title='bbox 565 3341 740 3425; x_wconf 83' lang='grc' dir='ltr'><strong><em>μηροῦ),</em></strong></span> <span class='ocrx_word' id='word_1_248' title='bbox 762 3340 986 3424; x_wconf 83' lang='grc' dir='ltr'><strong><em>προκειμένου</em></strong></span> <span class='ocrx_word' id='word_1_249' title='bbox 1002 3333 1095 3405; x_wconf 81' lang='lat'><strong><em>66&#39;</em></strong></span> <span class='ocrx_word' id='word_1_250' title='bbox 1052 3363 1158 3408; x_wconf 84' lang='grc' dir='ltr'><strong><em>αντου</em></strong></span> <span class='ocrx_word' id='word_1_251' title='bbox 1143 3342 1215 3407; x_wconf 86' lang='grc' dir='ltr'><strong><em>έν</em></strong></span> 
     </span>
     <span class='ocr_line' id='line_1_33' title="bbox 206 3424 1214 3565; baseline 0.01 -71"><span class='ocrx_word' id='word_1_252' title='bbox 206 3435 303 3517; x_wconf 87' lang='grc' dir='ltr'><strong><em>κλίνη</em></strong></span> <span class='ocrx_word' id='word_1_253' title='bbox 323 3427 633 3565; x_wconf 85' lang='grc' dir='ltr'><strong><em>ὑπεραπελογέοντο</em></strong></span> <span class='ocrx_word' id='word_1_254' title='bbox 652 3424 748 3504; x_wconf 85' lang='grc' dir='ltr'><strong><em>οίί</em></strong></span> <span class='ocrx_word' id='word_1_255' title='bbox 705 3461 732 3520; x_wconf 88' lang='grc' dir='ltr'><strong><em>φ</em></strong></span> <span class='ocrx_word' id='word_1_256' title='bbox 733 3442 815 3523; x_wconf 92' lang='grc' dir='ltr'><strong><em>ίλοι,</em></strong></span> <span class='ocrx_word' id='word_1_257' title='bbox 839 3441 896 3522; x_wconf 87' lang='grc' dir='ltr'><strong><em>τής</em></strong></span> <span class='ocrx_word' id='word_1_258' title='bbox 912 3434 1018 3521; x_wconf 82' lang='grc' dir='ltr'><strong><em>μάχης</em></strong></span> <span class='ocrx_word' id='word_1_259' title='bbox 1038 3461 1075 3503; x_wconf 86' lang='grc' dir='ltr'><strong><em>τε</em></strong></span> <span class='ocrx_word' id='word_1_260' title='bbox 1095 3442 1154 3522; x_wconf 80' lang='grc' dir='ltr'><strong><em>τῆς</em></strong></span> <span class='ocrx_word' id='word_1_261' title='bbox 1175 3439 1214 3506; x_wconf 88' lang='grc' dir='ltr'><strong><em>έν</em></strong></span> 
     </span>
    </p>
   </div>
   <div class='ocr_carea' id='block_1_3' title="bbox 0 0 1314 3928">
    <p class='ocr_par' dir='ltr' id='par_1_3' title="bbox 0 0 1314 3928">
     <span class='ocr_line' id='line_1_34' title="bbox 0 0 1314 3928; baseline 0 1"><span class='ocrx_word' id='word_1_262' title='bbox 0 0 1314 3928; x_wconf 95' lang='lat' dir='ltr'><strong><em> </em></strong></span> 
     </span>
    </p>
   </div>
  </div>
 </body>
</html>
