2618 3928
1062 13 1296 153 Ἶ

216 265 274 330 116
589 267 840 326 HERODOTI

212 427 360 517 λητέω’
337 431 515 525 ωρχήσατο.
542 434 601 495 καί
612 450 679 504 κως
693 426 805 517 ἑωυτῷ
826 425 928 512 μέν’
909 436 1054 548 αρεστῶς
1070 426 1220 518 ὥρχέετο,

211 555 230 597 ο
218 525 284 597 ’δὲ
297 533 506 613 Κλεισθένης
519 524 626 614 ὁρέων
641 523 723 593 ὅλον
733 522 771 592 τὰ
782 532 919 612 πρῆγμα
932 524 1117 595 ὑπώπτευε
1137 527 1219 612 μετὰ

209 627 247 694 δὲ
261 621 436 710 ἐπισχάυ
422 653 440 694 ο
450 622 675 710 Ἱπποκλείδης
690 622 815 709 χρόνον
832 625 992 692 ἐκέλευσέ
999 628 1035 694 οἵ
1044 651 1121 692 τινα
1134 626 1219 710 τρά-

209 732 312 827 πεζαν
325 728 506 813 ἐσενεῖκαι,
522 724 727 810 ἐσελθούσης
742 725 831 791 δὲ
792 750 849 811 της
860 722 1018 847 τραπέζης
1028 730 1142 846 πρῶτα
1154 725 1217 810 μὲν

210 825 263 895 ἐπ’
281 824 383 911 αὐτῆς
400 823 570 946 ρίρχήσατο
585 822 765 895 Λακωνικά
783 825 962 912 σχημάτια,
984 850 1065 911 μετα
1054 822 1117 893 δέ
1132 821 1217 893 ἀλλα

205 922 353 1011 Ἀττικά,
376 951 413 992 το
401 921 538 1013 τρίτον
552 920 641 992 δέ
604 949 667 1010 την
680 922 834 1010 κεφαλήν
848 924 976 1010 ἐρείσας
992 919 1095 990 ἐπὶ
1058 948 1121 1009 την
1134 922 1217 1009 τρά-

208 1029 310 1106 πεζαν
323 1038 408 1093 τοῖσι
422 1026 553 1113 σκέλεσι
566 1020 808 1111 ἐχειρονόμησε.
830 1022 1040 1107 Κλεισθένης
1051 1017 1135 1088 δὲ
1099 1048 1139 1087 τα
1152 1020 1216 1106 μὲν

169 1146 176 1161 ·
209 1129 324 1208 πρῶτα
339 1124 394 1191 καὶ
406 1119 447 1189 τά
463 1120 605 1207 δεύτερα
616 1116 823 1207 ὀρχεομένου
833 1116 1050 1208 ἀποστυγέων
1059 1118 1215 1205 γαμβρόν

209 1225 242 1288 οί
254 1225 302 1288 ἐπι
317 1221 477 1306 γενέσθαι
488 1217 718 1304 Ἱπποκλείδην
735 1214 791 1285 διά
805 1210 872 1304 τήν
882 1241 918 1285 τε
927 1212 1071 1304 Χὄρχησιν
1083 1217 1138 1283 καὶ
1150 1211 1215 1301 τήν

208 1315 383 1404 ἀναιδείην
397 1332 524 1405 κατεῖχε
538 1314 681 1403 ἑωυτὸν,
704 1313 746 1384 οὑ
761 1316 967 1404 βουλόμενος
988 1310 1167 1402 ἐκραγῆναι
1181 1315 1215 1391 ές

207 1410 329 1503 αὑτὸν,
346 1414 391 1495 ὡς
403 1416 439 1501 δὲ
454 1415 519 1484 εἶδε
533 1430 618 1484 τοῖσι
639 1418 769 1485 σκέλεσι
782 1414 1083 1502 χειρονομήσαντα,
1101 1410 1214 1481 οὑκέτι

207 1517 357 1600 κατέχειν
372 1514 560 1599 δυνάμενος
572 1513 657 1582 εἶπε·
675 1507 714 1581 Ὠ
728 1528 790 1581 παλ
798 1513 999 1599 Τισάνδρου,
1013 1510 1213 1599 ἀπωρχήσαό

207 1639 246 1699 γε
257 1610 325 1699 μήν
334 1610 395 1680 τάν
405 1613 524 1701 γάμον.
544 1611 561 1680 ὁ
573 1615 610 1682 δέ
619 1612 846 1702 Ἱπποκλείδης
856 1611 1039 1703 ὑπολαβάν
1050 1611 1119 1682 εἶπε
1128 1614 1148 1651 ·“
1160 1610 1213 1681 Οὐ

208 1715 346 1800 φροντὶς
355 1711 571 1803 Ἱπποκλείδη.
589 1712 654 1783 ἀπὸ
666 1715 789 1784 τούτου
799 1713 862 1801 μὲν
872 1721 971 1782 τοῦτο
983 1710 1211 1799 οὑνομάξεται,

144 1826 195 1881 130
207 1812 412 1897 Κλεισθένης
426 1812 463 1879 δὲ
479 1810 578 1898 σαγήν
594 1813 817 1900 ποιησάμενος
836 1815 924 1891 ἔλεξε
941 1814 974 1891 ές
993 1814 1095 1898 μέσον
1114 1811 1211 1880 τάδε’

205 1910 343 1996 ’Ἀυδρες
353 1905 472 1990 παιδὸς
482 1917 539 1997 τῆς
547 1913 625 1998 έμής
636 1917 830 1999 μνηστῆρες,
839 1906 902 1994 έγεὺ
911 1911 965 1977 καὶ
972 1909 1098 1988 πάντας
1107 1907 1212 1996 ὑμέας

205 2010 364 2094 ἐπαινέω,
379 2008 435 2075 καὶ
448 2014 552 2076 πᾶσιν
566 2006 664 2097 ὑμίν,
680 2016 710 2078 εί
725 2004 848 2077 οἷόντε
863 2016 930 2094 είη,
947 2014 1139 2095 χαριζοίμην
1153 2004 1210 2094 ἀν,

204 2103 279 2193 μήτ’
295 2106 355 2173 ἕνα
369 2104 483 2192 ὑμέων
500 2110 667 2194 ἐξαίρετον
678 2105 870 2193 ἀποκρίνων
885 2106 967 2193 μήτε
980 2106 1060 2187 τοὺς
1070 2104 1211 2185 λοιποὺς
1285 2192 1288 2201 ¹

204 2203 473 2291 ἀποδοκιμάζων·
503 2203 576 2275 ἀλλ’
595 2204 637 2274 οὐ
656 2203 725 2294 γάρ,
737 2201 791 2273 οἷά
805 2206 843 2272 τέ
854 2207 922 2272 έστι
936 2212 1011 2291 μιῆς
1031 2207 1106 2291 πέρι
1121 2229 1212 2290 παρ-

202 2305 310 2371 θένου
330 2303 537 2389 βουλεύοντα
558 2311 640 2373 πᾶσι
661 2302 743 2373 κατά
767 2303 850 2374 νόου
872 2307 1015 2389 ποιέειν,
1039 2318 1124 2372 τοῖσι
1146 2304 1210 2388 μὲν
1292 2338 1293 2343 “

201 2399 316 2486 ὑμέων
331 2400 632 2489 ἀπελαυνομένοισι
646 2409 746 2472 τοῦδε
762 2412 824 2473 τοῦ
839 2405 950 2492 γάμον
965 2405 1130 2475 τάλαντον
1144 2402 1210 2491 ἀρ·
1291 2440 1292 2473 ι

200 2504 323 2583 γυρίον
337 2499 463 2591 ἑκάστῳ
479 2498 610 2589 δωρεήυ
625 2506 743 2589 δίδωμι
763 2510 820 2589 τῆς
834 2500 989 2584 ἀξιώσιος
1003 2507 1131 2572 εἵνεκεν
1148 2509 1209 2588 τῆς

200 2597 233 2677 ἐξ
255 2598 334 2681 ἐμεῦ
354 2603 457 2682 γήμαι
476 2600 531 2666 καὶ
550 2605 608 2685 τῆς
627 2602 664 2679 ἐξ
677 2610 772 2668 οίκου
789 2599 991 2690 ἀποδημίης,
1012 2609 1059 2693 τῷ
1080 2601 1116 2669 δέ
1131 2599 1210 2669 Ἀλ-

200 2699 659 2784 κμαίωνοςΜεγακλέλέγγυιδ
667 2704 769 2768 παῖδα
777 2697 931 2788 τήνέμήν
940 2696 1135 2788 Ἀγαρίστην
1145 2697 1209 2766 νό-

200 2815 291 2878 μοισι
301 2794 592 2883 τοίσιἏθηναίων
608 2799 1002 2886 φαμένουδὲέγγυάσθαι
1010 2803 1208 2885 Μεγακλέος
1287 2886 1288 2889 ¹

139 2906 188 2960 131
200 2891 419 2976 ἐκεκάρωτο’
404 2919 422 2961 ο
438 2892 544 2980 γάμος
560 2898 768 2965 Κλεισθένει
803 2895 902 2984 Ἀμφὶ
919 2896 981 2984 μέν
995 2905 1122 2985 κρίσιος
1135 2924 1207 2966 των

199 2986 400 3074 μνηστήρων
426 2997 573 3058 τοσαῦτα
601 2995 732 3089 ἐγένετο
758 2997 814 3064 καί
840 2994 928 3064 οὑτω
950 2993 1206 3085 Ἀλκμαιωνίδαι

200 3085 435 3173 ἐβάσδησαν’
414 3084 479 3155 ανά
492 3086 556 3175 τήν
567 3082 724 3180 Ἐλλάδα,
736 3095 866 3163 τούτων
881 3096 917 3163 δέ
928 3096 1207 3183 συνοικησάντων

199 3188 325 3266 γίνεται
336 3189 543 3273 Κλεισθένης
557 3213 592 3255 τε
606 3187 625 3257 ὁ
640 3188 700 3270 τάς
711 3189 821 3278 φυλάς
834 3189 939 3262 καί
901 3219 965 3280 την
978 3197 1207 3279 δημοκρατίην

194 3277 402 3367 Ἀθηναίοισι
415 3287 632 3374 καταστήσας,
644 3287 774 3375 έχων
740 3317 777 3359 το
790 3288 920 3378 οὕνομα
930 3287 995 3359 ἀπὸ
1007 3297 1068 3359 τοῦ
1077 3315 1205 3377 μητρο·

199 3376 344 3459 πάτορος
357 3384 418 3445 τοῦ
432 3389 644 3451 Σικυωνίου
667 3380 766 3467 οὑτός
779 3416 815 3457 τε·
830 3386 870 3476 δή
886 3396 1013 3474 γίνεται
1034 3392 1209 3474 Μεγακλέι

199 3470 273 3537 καΓ
272 3473 492 3564 Ιπποκράτης,
504 3482 541 3549 έκ
553 3486 589 3551 δε
599 3481 834 3573 Ιπποκράτεος
847 3491 1045 3574 Μεγακλέης
1056 3515 1092 3556 τε
1103 3488 1207 3567 ἀλλος
