2606 3920
352 229 439 286 ιιο.
472 229 517 284 1x.
553 227 650 283 τιν.
684 233 787 301 ι-ι,
1014 225 1075 287 κεν

73 390 125 456 ἐπὶ
138 381 200 471 τὴν
214 382 343 475 βουλὴν
358 390 449 469 έλεγε
463 382 504 450 τά
520 379 610 468 παρά
626 387 836 468 Μαρδονίου.
860 391 926 452 τῶν
940 388 976 454 δὲ
989 394 1074 474 βου-

73 486 216 554 λευτέων
230 487 377 568 Λυκίδης
392 481 462 549 εἷπε
475 480 630 568 γνάμην,
648 477 692 557 άς
703 485 737 548 οί
749 478 861 548 έδόκεε
874 479 1012 567 άμεινον
1027 481 1074 551 εί-

73 610 139 668 ναι,
156 584 356 668 δεξαμένους
366 576 427 647 τδν
440 580 554 666 λόγου,
568 579 629 647 τόν
643 598 704 664 σφι
717 583 933 666 Μουρυχίδης
946 581 1074 666 προφέ-

73 706 140 766 ρει,
157 681 317 759 Ιἐξενεῖκαι
333 680 365 756 ές
382 673 442 745 τὸν
458 681 573 762 δῆμον.
603 673 621 743 ὁ
636 676 699 763 μὲν
715 672 756 761 δὴ
771 677 896 763 ταύτην
910 675 971 764 τὴν
985 677 1075 764 γνά-

73 805 141 865 μην
152 774 366 864 ἀπεφαίνετο,
379 784 443 843 είτε
455 772 496 860 δὴ
509 774 705 860 δεδεγμένος
715 773 865 861 χρήματα
874 771 966 859 παρὰ
972 782 1075 862 Μαρ-

73 882 207 961 δονίου,
230 885 294 944 εἴτε
308 877 362 943 καὶ
383 873 487 941 ταῦτά
504 878 538 942 οί
550 872 692 959 ἥνδανε,
715 871 887 960 Ἀθηναῖοι
906 872 943 941 δὲ
956 869 1075 940 αὐτίκα

73 973 188 1043 δεινὸν
202 975 438 1061 ποιησάμενοι,
456 974 537 1040 οἵτε
552 973 588 1039 έκ
607 977 665 1057 τῆς
678 977 802 1059 βουλῆς
819 974 874 1039 καὶ
891 976 925 1039 ολ
937 972 1074 1057 ἔξωθεν,

74 1069 119 1151 ὡς
130 1072 315 1158 ἐπύθοντο,
330 1069 544 1155 περιστάντες
555 1073 703 1138 Λυκίδεα
718 1071 921 1138 κατέλευσαν
929 1070 1077 1156 βάλλου-

72 1195 142 1254 τες,
157 1166 217 1236 τὸν
231 1171 268 1237 δὲ
275 1166 534 1254 Ἑλλησπόντιον
547 1171 771 1253 Μουρυχίδην
785 1165 984 1255 ἀπέπεμψαν
1000 1164 1075 1234 άσι-

74 1268 142 1334 νέα.
166 1268 350 1351 γευομένου
359 1268 395 1333 δέ
406 1264 563 1351 θορύβου
574 1266 612 1331 έν
621 1271 662 1352 τῇ
670 1272 835 1351 Σαλαμῖνι
846 1269 922 1353 περὶ
932 1262 993 1333 τὸν
1003 1272 1076 1333 Λν-

74 1367 178 1448 κίδεα,
196 1361 429 1430 πυνθάνονται
441 1358 477 1429 τό
489 1361 671 1448 γινόμενον
685 1366 721 1429 αί
729 1378 885 1448 γυναῖκες
894 1369 962 1432 των
973 1362 1076 1449 Ἀθη-

74 1464 196 1542 ναίων,
222 1461 501 1546 διακελευσαμένη
523 1460 560 1527 δὲ
580 1455 667 1546 γυνὴ
690 1464 901 1545 γυναικίκαὶ
924 1470 1076 1550 παραλα-

73 1563 182 1645 βοῦσα
191 1559 243 1625 ἐπὶ
252 1554 313 1642 τὴν
321 1562 472 1627 Λυκίδεω
483 1563 593 1644 οίκίην
603 1554 703 1644 ἤισαν
713 1554 915 1647 αὐτοκελέες,
926 1557 1075 1631 καὶκατὰ

75 1658 137 1745 μὲν
152 1661 293 1726 ἔλευσαν
309 1654 415 1726 αὐτοῦ
429 1655 490 1744 τὴν
504 1672 665 1744 γυναῖκα,
684 1654 766 1725 κατά
783 1656 820 1726 δέ
834 1655 874 1726 τά
888 1663 996 1728 τέκνα.
1025 1658 1075 1737 Ἐς
1089 1680 1107 1733 6

75 1755 111 1824 δὲ
134 1752 195 1842 τὴν
216 1762 391 1841 Σαλαμῖνα
408 1759 567 1843 διέβησαν
588 1760 621 1824 ολ
638 1752 809 1842 Ἀθηναίοι
831 1746 911 1824 ὦδε·
940 1760 1001 1836 ἕως
1014 1756 1077 1843 μὲν

76 1852 317 1938 προσεδέκοντο
332 1850 414 1935 [τδυΙ
427 1855 463 1919 έκ
475 1858 534 1936 τῆς
543 1853 804 1940 Πελοποννήσου
821 1852 964 1941 στρατδν
983 1854 1076 1941 ἥξειν

78 1949 306 2040 τιμωρήσοντά
320 1970 392 2038 σφι,
407 1957 441 2020 οί
454 1954 491 2021 δὲ
505 1959 626 2040 έμενον
640 1956 677 2021 έν
691 1959 731 2041 τῇ
742 1949 886 2043 Ἀττικῇ·
908 1957 978 2023 ἐπεὶ
994 1957 1031 2023 δὲ
1045 1961 1079 2023 ολ

74 2054 138 2142 μὲν
151 2050 341 2138 μακρότερά
353 2054 454 2120 τεκαὶ
468 2060 660 2139 σχολαίτερα
671 2055 813 2138 έποίεου,
831 2049 898 2121 ὁδε
908 2051 1012 2122 έπιάν
1022 2057 1077 2123 καὶ

76 2149 117 2237 δὴ
130 2152 166 2219 έν
180 2157 220 2238 τῇ
231 2155 373 2238 Βοιωτίη
384 2152 512 2237 ἐλέγετο
524 2148 625 2236 εἶναι,
642 2147 731 2217 οὕτω
741 2146 782 2237 δὴ
797 2145 1077 2237 ὑπεξεκομίσαντό

76 2276 111 2320 τε
124 2247 234 2318 πάντα
247 2249 302 2318 καί
317 2245 412 2317 αὐτοὶ
431 2250 590 2337 διέβησαν
604 2249 638 2326 ές
652 2255 845 2334 Σαλαμῖνα,
867 2249 899 2326 ἐς
912 2252 1078 2316 Λακεδαί-

75 2346 163 2438 μονά
177 2372 213 2415 τε
229 2351 380 2433 ἔπεμψαν
392 2343 568 2432 άγγέλους,
584 2342 653 2432 άμα
666 2345 729 2432 μὲν
745 2348 977 2431 μεμφομένους
993 2359 1077 2414 τοῖσι

76 2449 368 2530 Λακεδαιμονίοισι
378 2441 432 2511 ὅτι
446 2447 615 2532 περιεῖδον
628 2442 816 2532 ἐμβαλόντα
829 2441 889 2513 τδν
904 2444 1077 2533 βάρβαρον

77 2546 110 2621 ές
131 2538 193 2627 τὴν
213 2537 363 2627 Ἀττικήν
384 2536 456 2608 ἄλλ’
480 2538 522 2608 οῦ
543 2539 625 2627 μετά
646 2559 761 2627 σφεων
781 2536 942 2627 ἠντίασαν
962 2543 995 2619 ἐς
1009 2537 1078 2632 ,τὴν

76 2646 250 2726 Βοιωτίην,
258 2638 326 2727 ἅμα
339 2641 375 2708 δὲ
385 2637 639 2729 ὑπομνήσοντας
650 2637 712 2707 ὅσα
722 2658 783 2725 σφι
793 2636 950 2726 ὑπέσχετο
963 2637 1079 2726 &1150-

76 2759 137 2825 σης
147 2743 369 2824 μεταβαλοῦσι
381 2739 514 2826 δαίσειν,
530 2745 688 2827 προεῖπαί
700 2764 737 2806 τε
750 2735 801 2807 ὅτι
816 2743 847 2807 εί
854 2737 899 2825 μὴ
911 2737 1077 2826 ἀμυνεῦσι

74 2834 297 2921 Ἀθηναίοισι,
314 2831 358 2911 ὡς
369 2837 424 2903 καὶ
436 2835 534 2921 αὐτοί
544 2863 619 2905 τινα
630 2833 783 2925 ἀλεωρὴν
799 2834 1006 2925 εὑρήσονται.
1036 2843 1081 2908 Οί
1096 2855 1113 2908 7

76 2930 142 3022 γάρ
157 2928 197 3018 δὴ
212 2933 470 3017 Λακεδαιμόνιοι
486 2933 625 3019 ὅρταζόν
636 2961 672 3003 τε
686 2942 806 3004 τοῦτον
816 2932 876 3004 τδν
890 2936 1014 3024 χρόνον
1024 2942 1084 3005 καί
1107 2968 1115 2979 ν

77 3053 139 3120 σφι
152 3025 197 3120 ἦν
214 3028 403 3118 Ὑακίνθια,
428 3035 503 3122 περὶ
519 3043 676 3104 πλείστου
697 3033 729 3105 δ’
751 3030 837 3124 ἦγον
857 3032 897 3103 τὰ
916 3042 978 3104 τοῦ
992 3039 1080 3105 θεοῦ

76 3131 271 3221 πορσύνειν.
297 3129 366 3218 ἅμα
381 3131 417 3200 δὲ
432 3130 469 3201 τδ
485 3134 590 3220 τεῖχός
605 3153 683 3221 σφι,
699 3131 736 3202 τὸ
751 3135 788 3203 έν
802 3139 847 3223 τῷ
859 3130 980 3225 Ἰσθμῷ
996 3135 1079 3201 έτεί-

75 3259 171 3321 χεον,
185 3227 298 3317 καὶδὴ
317 3232 449 3314 ἐπάλξις
469 3234 643 3322 ἐλάμβανε.
674 3231 717 3313 ὡς
733 3233 770 3301 δὲ
786 3229 945 3302 ἀπίκοντο
966 3234 998 3311 ές
1017 3228 1079 3319 τὴν

76 3334 310 3416 Λακεδαίμονα
324 3334 360 3399 οί
372 3328 508 3418 άγγελοι
522 3334 557 3400 οί
568 3328 626 3400 ἀπ’
639 3329 820 3418 Ἀθηνέων,
835 3329 905 3417 άμα
919 3328 1079 3418 ἀγόμενοι

22 3472 24 3491 1
78 3435 115 3498 έκ
130 3452 165 3494 τε
177 3427 349 3513 Μεγάρων
364 3427 526 3517 άγγέλους
537 3432 591 3499 καὶ
606 3432 642 3500 έκ
654 3431 858 3514 Πλαταιέων,
875 3435 990 3580 ἔλεγον
1000 3427 1079 3497 τάδε

911 3532 922 3580 l

23 3570 25 3607 [
163 3535 261 3575 κεαοο.
279 3522 312 3577 11.
