2606 3920
204 246 267 314 264
586 247 837 306 HERODOTI

205 407 290 479 ὁδὸν
304 408 446 496 ἑκάστην
465 410 566 484 ἵππος
579 431 615 473 τε
628 405 684 473 καὶ
699 401 786 489 ἀνὴρ
800 406 1014 491 τεταγμένος,
1035 401 1116 484 τοδς
1130 404 1212 474 οὔτε

206 506 359 595 νιφετὸς,
377 506 440 576 οὐκ
453 505 588 593 ὄμβρος,
604 501 646 571 ού
659 509 782 588 καῦμα,
797 498 840 570 ού
854 499 916 581 νύξ
931 507 1020 589 έργει
1032 502 1076 591 μη
1092 502 1135 571 ού
1145 529 1210 572 αα-

205 606 347 676 τανύσαι
366 605 427 674 τόν
446 610 668 692 προκείμενον
687 605 798 691 ἑωυτῷ
816 600 944 687 δρόμον
964 599 1027 687 τὴν
1040 608 1206 690 ταχίστην.

206 701 224 773 6
239 705 301 790 μέν
314 703 355 790 δὴ
371 711 499 789 πρῶτος
514 699 651 789 δραμιδν
671 703 851 787 παραδιδοῖ
868 698 908 767 τὰ
929 703 1147 787 ἐντεταλμένα
1162 709 1209 792 τῷ

206 803 367 891 δευτέρῳ,
388 798 406 870 6
423 801 459 868 δὲ
478 798 633 886 δεύτερος
652 803 698 888 τῷ
713 801 828 887 τρίτῳ·
855 795 893 864 τὸ
913 796 950 864 δέ
965 799 1127 866 ἐνθεῦτεν
1141 796 1208 886 ἤδη
1245 858 1249 865 ,

206 895 279 1016 ροντ’
299 895 402 966 ἄλλον
417 900 610 984 διεξέρχεται
625 895 886 981 παραδιδόμενα,
903 895 987 964 αατύ
1001 920 1064 982 περ
1071 893 1208 982 Ἕλλησι

205 1021 226 1080 η
213 991 566 1082 λαμπαδηφορίη,
530 1020 637 1085 την
605 1019 651 1061 τω
636 991 765 1079 ’Ἡφαί
763 1012 830 1083 στρ
847 995 1060 1063 ἐπιτελέουσι.
1098 1002 1207 1062 Τοῦτο

164 1108 245 1163 99το
234 1091 416 1180 δράμημα
431 1099 498 1160 τῶν
510 1095 624 1181 ἵππων
637 1095 794 1159 καλέουσι
806 1089 966 1176 Πέρσαι’
946 1093 1139 1180 αγγαρηλον.
1166 1093 1210 1163 H

207 1194 269 1277 μὲν
279 1190 319 1278 δὴ
329 1189 443 1279 πρύτη
454 1176 609 1270 έςΣοῦσα
619 1187 720 1277 αγγελ
721 1186 993 1277 ίηύπιιιομένη,
970 1216 1015 1271 ως
1025 1196 1092 1277 έχοι
1103 1178 1208 1279 Ἀθή-

206 1317 266 1368 νας
281 1294 418 1377 Ξέρξης,
441 1295 555 1374 ἔτερψε
576 1286 665 1357 οὕτω
685 1288 727 1375 δή
746 1314 778 1356 τι
791 1291 950 1373 Περσέων
969 1287 1049 1370 τούς
1067 1289 1210 1361 ὑπολει-

205 1388 397 1476 φθέντας,“
375 1416 420 1469 ως
430 1389 488 1469 τύς
498 1416 533 1458 τε
543 1387 643 1469 ὁδοὺς
652 1395 832 1509 μυρσίνῃσι
843 1388 951 1468 πύσας
961 1384 1141 1477 ἐστόρεσαν
1150 1394 1207 1458 καὶ

206 1492 356 1573 ἐθυμίων
366 1487 560 1607 θυμιήματα
570 1487 626 1555 καὶ
635 1477 762 1571 αὐτοὶ
738 1505 826 1572 ησαν
837 1488 875 1554 έν
883 1492 1028 1575 θνσίησί
1034 1511 1069 1554 τε
1081 1484 1186 1555 ταδ’
1147 1512 1206 1555 ευ-

205 1589 379 1670 παθείησι
407 1581 480 1669 ηδε
495 1585 632 1671 δευτέρη
648 1602 710 1667 σφι
725 1579 861 1670 ἀγγελίη
881 1586 1106 1666 διεξελθοῦσα
1120 1604 1207 1652 συν-
1282 1644 1283 1647 ,

205 1684 274 1764 έχεε
288 1679 387 1766 ούτω,
404 1678 488 1749 ὥστε
497 1678 577 1760 τούς
586 1686 735 1758 κιθῶνας
743 1682 985 1769 κατερρήξαπο
994 1682 1127 1768 πάντες,
1142 1689 1207 1771 βοῇ
1282 1690 1283 1737 ³

204 1805 240 1847 τε
255 1782 310 1848 καὶ
325 1785 451 1868 οίμωγῇ
466 1782 617 1866 ἐχρέοντο
632 1778 771 1870 ιἰπλέτρο,
790 1782 989 1866 Μαρδόνιον
1003 1784 1040 1851 έν
1053 1787 1140 1869 αίτίη
1153 1808 1206 1850 τι-

205 1881 331 1958 θέντες.
353 1875 415 1947 ούιι
429 1876 519 1946 οὕτω
535 1881 572 1948 δέ
586 1883 661 1965 περὶ
675 1885 744 1948 τῶν
759 1885 846 1948 νεῶν
858 1877 1041 1967 ἀχθόμενοι
1054 1887 1159 1949 ταῦτα
1174 1882 1205 1948 οί

206 1980 332 2062 Πέρσαι
347 1978 498 2064 ἐποίευν,
513 1975 558 2056 ὡς
571 1981 646 2063 περὶ
661 1975 751 2067 αύτῷ
763 1980 869 2067 Ξέρξη
884 1982 1117 2065 δειμαίνοντες.
1176 2003 1181 2021 ‘

144 2097 193 2149 100
287 2077 353 2144 Καὶ
373 2077 449 2162 περὶ
462 2077 593 2162 Πέρσας
606 2076 669 2162 μέν
689 2069 733 2162 ἦν
749 2082 853 2143 ταῦτα
873 2073 934 2143 τὸν
953 2076 1063 2144 πάντα
1081 2070 1205 2164 μεταξύ
1281 2096 1282 2139 2

202 2174 327 2260 χρόνον
341 2174 535 2261 γενόμενον,
550 2178 644 2260 μέχρι
659 2166 702 2242 ού
712 2176 835 2261 ,Ξέρξης
850 2172 951 2253 αύτύς
965 2192 1069 2260 σφεας
1083 2168 1206 2239 ἆπωιύ-

202 2297 301 2357 μευος
316 2277 448 2339 ἔπαυσε.
470 2271 667 2358 Μαρδόνιος
684 2271 720 2339 δὲ
734 2269 842 2356 ὁρέων
855 2270 917 2358 μέν
930 2275 1056 2358 Ξέρξην
1070 2290 1205 2357 συμφο-

203 2367 267 2454 ρὴν
280 2368 430 2488 μεγάλην
444 2370 481 2435 ἐκ
494 2375 552 2455 τῆς
569 2375 752 2456 ναυμαχίης
765 2369 985 2456 ποιεύμενον,
1002 2366 1205 2438 ὑποπτεύων

204 2460 358 2532 δέαύτδν
373 2462 523 2551 δρησμὸν
537 2466 714 2553 βουλεύειν
729 2470 766 2536 έκ
779 2474 848 2535 τοῖν
857 2466 1043 2555 Ἀθηνέων,
1063 2473 1205 2552 φροντί-

204 2586 263 2642 σας
283 2560 368 2649 πρδς
388 2561 562 2632 έωυτόν
539 2592 583 2644 ως
604 2567 706 2635 δύσει
727 2571 824 2654 δίκην
849 2566 1046 2653 ύναγνύσας
1066 2567 1281 2653 βασιλέα

203 2662 444 2750 στρατεύεσθαι
456 2661 558 2732 ἐπὶ
522 2690 585 2751 την
597 2662 755 2751 Ἐλλάδα,
777 2672 867 2733 ναίο
869 2668 1037 2752 ίιιρέσσον
1052 2672 1102 2787 εἴη
1117 2687 1204 2729 ανα-

202 2767 419 2831 κινδυνεῦσαι
432 2758 454 2850 ἦ
468 2763 737 2850 κατεργάσασθαι
750 2787 813 2851 την
829 2759 1008 2832 Ελλάδα“
988 2790 1007 2851 η
1022 2759 1127 2831 αύτδν
1141 2787 1204 2829 πα-

201 2866 266 2936 λως
291 2868 483 2948 τελευτῆσαι
508 2859 569 2929 τὸν
592 2860 704 2949 βίον
686 2863 771 2950 υπέρ
796 2863 952 2949 μεγάλων
975 2862 1203 2948 αίρορηθέντα
1277 2892 1280 2997 ρ

201 2963 302 3025 πλέον
317 2963 430 3044 μέντοι
444 2960 545 3047 ἔφερέ
556 2965 591 3029 οί
604 2957 625 3047 ἡ
642 2961 760 3047 γνοέμη
775 2961 1045 3047 κατεργάσασθαι
1057 2955 1204 3044 τὴνἙλ-
1279 3012 1280 3017 ,

200 3057 302 3124 λαδα·
323 3050 582 3143 λογισάμενος
555 3064 720 3125 ωυταδτα
733 3054 967 3146 προσέφερε
932 3082 994 3126 τον
1006 3053 1162 3140 λόγον
1123 3078 1203 3121 τον-
1279 3078 1280 3147 j

200 3158 252 3222 δε·
273 3156 439 3239 Δέσποτα,
457 3154 669 3241 μήτελυπέεο
679 3153 952 3276 μητεσυμφορὴν
967 3157 1131 3276 μηδεμίαν
1142 3176 1203 3236 με·

198 3251 594 3337 γύληνποιεῦτούδετού
607 3252 1160 3374 γεγονότοςείνενιενπρηγματος.
1159 3243 1203 3317 ού

197 3346 262 3433 γὰρ
275 3345 414 3428 ξυλωυ
395 3374 488 3432 αγων
501 3346 519 3416 6
534 3375 572 3416 το
584 3374 653 3418 παν
664 3353 778 3436 φέρων
792 3348 887 3420 ἐστὶ
869 3364 960 3438 ημῖν,
975 3347 1049 3419 αλλ’
1064 3346 1204 3432 ἀνδρῶν
1278 3394 1279 3403 1

198 3468 231 3511 τε
253 3446 343 3510 καλ”
328 3468 448 3511 ιππων.
477 3447 528 3512 σοὶ
546 3445 641 3516 δὲ”
598 3473 676 3516 ουτε
695 3475 745 3529 τις
759 3449 890 3518 τούτων
909 3456 977 3516 τῶν
997 3445 1034 3514 τὸ
1057 3470 1126 3513 παν
1140 3464 1204 3526 σφι
