2622 3928
541 257 779 311 PRAEFATIO.
1145 271 1190 308 rm

132 395 234 455 thenl,
260 393 319 443 lerri
339 411 389 445 non
405 410 483 460 posse
502 396 693 460 arbitrarentur,
716 396 821 446 Dorvill.
846 398 879 445 ad
897 395 970 446 Char.
989 412 1015 463 p.
1034 397 1086 446 310
1100 384 1118 458 ἢ
1132 410 1183 443 κατ

132 455 475 540 ολνθρωττονκλθοεεολίιις.
494 459 607 528 μέζονα,
627 465 691 515 Κὸιι.
712 456 817 526 ἐόντας,
836 464 928 531 Hdger.
948 467 1014 516 Actt.
1031 465 1099 514 Mon.
1116 466 1157 523 ill,
1174 465 1190 513 4

134 548 160 599 p.
183 533 235 586 520
253 529 373 597 μιζονοος
389 535 557 584 coniecerunt.
592 536 626 583 At
642 534 704 583 nihil
723 536 871 586 mutandum
887 550 916 584 ac
938 534 1008 585 locus
1026 534 1191 599 explIcandus

135 619 165 653 ea
176 604 284 663 ratione,
303 618 379 666 quam
394 604 502 668 praeivit
517 602 620 653 Doderl.
640 604 672 653 de
688 604 800 671 brachyl.
813 604 892 670 (neo.
908 620 935 653 u.
951 603 1025 653 aluis.
1043 605 1075 666 ll)
1087 618 1114 668 p.
1131 602 1189 653 183.

136 699 169 709 -
188 688 210 726 c.
229 673 273 724 40.
299 673 365 731 Qum
382 687 485 738 operam
503 673 625 737 perdant,
649 674 691 755 qul
716 675 877 739 scripturam·
889 673 1010 723 librorum
1036 668 1191 736 τειχέοντας

134 732 163 798 ἐς
182 732 235 805 τὴν
251 740 300 802 Π.,’
313 756 359 805 pro
379 756 429 804 qua
447 740 464 792 S
483 742 543 793 cxh.
563 737 611 791 καὶ
628 757 682 806 την
703 741 749 804 Π.,
767 743 913 804 defendant,
933 743 977 792 vix
995 744 1128 806 quisquam
1146 742 1192 791 du-

136 811 235 861 bitabit.
254 837 290 848 -
308 828 331 864 c.
351 811 394 865 41.
414 812 556 861 Articulum
571 822 630 862 aute
646 807 748 873 τέκνα,
773 819 911 878 praeeunte
928 810 1024 871 Belrlr„
1052 828 1074 860 c.
1093 812 1192 860 duobus

137 894 199 934 mss.
215 881 369 931 eliciendum
387 883 485 930 censuit
502 880 577 931 Bred.
595 896 621 946 p.
641 881 676 932 28
693 883 748 932 eine
768 884 835 932 insta
850 896 950 931 caussa.
969 909 1001 934 -,
1024 898 1046 930 c.
1068 879 1111 937 60,
1131 880 1143 929 l
1164 870 1192 936 tc

136 940 168 997 τό
187 951 278 1014 scripsi
296 957 398 999 auctore
417 947 519 1001 Struvic
536 952 588 1015 lp.
608 953 651 1001 44.
669 979 703 988 -
717 967 739 1006 c.
758 950 800 1006 70.
821 951 900 1001 Recte
915 952 963 1000 viri
980 951 1048 999 docti
1066 949 1190 1001 Valclreu.

138 1009 326 1083 παρήγγελλεν
342 1020 419 1068 scribi
441 1019 536 1069 iubenti
563 1035 612 1070 uon
631 1021 745 1071 obsecuti
765 1031 832 1074 sunt.
849 1048 885 1058 —
915 1037 937 1073 c.
957 1020 998 1071 76.
1017 1021 1111 1069 Veram
1129 1020 1191 1067 scri-

136 1095 238 1154 pturam
256 1081 428 1156 ἀνεβίβασαν
447 1089 513 1152 (rid.
533 1090 624 1139 Valck.
642 1092 674 1140 ad
693 1090 757 1149 VIll‚
775 1089 809 1141 59
827 1100 852 1139 ct
871 1090 918 1143 clr.
935 1089 979 1149 lX,
1000 1087 1047 1153 32)
1070 1089 1192 1153 praebue-

139 1167 197 1207 runt
215 1157 266 1218 SV,
295 1157 386 1221 reliqui
404 1148 618 1225 ύπεβιβύσαντο.
654 1160 767 1210 Medium
792 1161 836 1223 qul
857 1159 994 1210 defendere
1017 1158 1092 1217 velit,
1118 1157 1193 1206 debet

138 1228 314 1291 interpretari:
332 1227 477 1278 educendos
496 1236 623 1278 curarunt.
642 1256 675 1265 —
696 1245 717 1278 c.
737 1229 780 1278 77.
805 1228 889 1279 Verba
908 1230 1016 1278 obscura
1032 1226 1126 1277 oraculi
1146 1221 1180 1275 do

139 1286 228 1346 κεύνύ
241 1287 297 1345 α’νὰ
315 1289 409 1345 πάντα
424 1291 565 1347 πιθέσθαι
581 1299 675 1351 intacta
691 1297 791 1361 reliqui.
818 1297 974 1349 Sententlam
991 1305 1099 1363 apparet
1116 1294 1192 1345 talem

138 1380 196 1417 esse
215 1366 320 1416 deberet
341 1382 398 1416 cum
414 1367 543 1417 nihilium
561 1368 611 1417 sibi
630 1368 775 1417 restiturum
795 1367 895 1430 credat,
912 1368 959 1417 sed
976 1382 1006 1416 ea
1024 1381 1101 1429 quam
1116 1365 1192 1414 variis

140 1437 221 1487 modis
242 1436 349 1501 exprimi
367 1438 471 1500 potestl
507 1437 594 1500 Neque
614 1434 769 1497 τίθεσθαι,
792 1438 861 1500 quod
884 1437 917 1496 F,
941 1451 1021 1498 neque
1041 1428 1191 1492 πιθέσθαι,

137 1505 207 1569 quod
224 1522 247 1564 u,
266 1515 290 1555 ct
308 1502 471 1564 πείθεσθαι,
490 1507 587 1569 quch
603 1505 714 1565 exhibet,
733 1521 814 1569 neque
828 1507 937 1569 denique
950 1501 1106 1565 πυθέσθαι,
1124 1504 1192 1566 quod

36 1604 39 1609 .
139 1574 282 1639 vulgatum
296 1585 348 1633 est,
373 1575 432 1624 lerri
455 1583 572 1640 possunt.
610 1575 696 1639 Neque
717 1579 814 1644 placet,
836 1576 906 1638 quod
929 1573 1048 1641 Stegerus
1069 1574 1191 1624 coniecit:

137 1636 193 1694 οἱνύι
210 1635 303 1692 πάντα
321 1639 440 1693 πιθέσθ’
457 1637 495 1704 εὑ,
515 1660 597 1707 neque
614 1647 682 1708 quod
700 1646 763 1697 Eltn.
783 1660 809 1711 p.
827 1645 890 1696 34οι
915 1634 973 1707 ἅμα
996 1634 1078 1692 πάντ’
1098 1633 1193 1690 οἷπελὲ·

138 1711 217 1769 σθαι,
256 1714 399 1764 Doleudum
414 1725 466 1774 est,
491 1715 561 1779 quod
579 1714 596 1764 S
615 1722 639 1764 et
658 1715 682 1763 V
699 1714 725 1764 h.
745 1716 763 1764 l.
790 1714 906 1764 lacunam
924 1714 1027 1767 habent.
1046 1741 1081 1751 -
1103 1728 1124 1761 ο.
1148 1712 1191 1763 84.

73 1828 78 1837 ,
139 1783 296 1847 Quemquam
311 1794 458 1834 consuetum
477 1783 525 1834 luit
541 1776 673 1847 πρύμναν
691 1775 902 1847 ἀνακρούεσθαι
920 1793 945 1833 et
962 1783 1029 1832 infra
1046 1780 1193 1847 ipsumhoc

138 1855 259 1920 scrIptum
273 1861 321 1919 est,
341 1863 425 1904 tamen
443 1870 501 1903 cum
519 1854 546 1908 h.
564 1853 581 1903 l.
600 1845 647 1902 lut
664 1846 797 1919 πρύμνην
813 1846 1023 1914 ύνανρούεσθαι
1036 1866 1122 1901 omnes
1135 1851 1193 1929 libri

140 1932 164 1972 et
182 1923 274 1974 Saldae
292 1931 423 1982 tueantur,
450 1924 527 1986 idque
552 1932 618 1974 recte
637 1924 733 1974 dictum
751 1939 808 1975 esse
826 1923 982 1987 intelligatur
1004 1937 1036 1971 ex
1052 1910 1098 1968 ἐπὶ
1117 1915 1193 1967 nodo

138 1983 296 2057 ἀναχωρεῖν
311 1992 375 2058 (rid.
391 1993 471 2059 Κεῖος.
494 1994 528 2044 ad
546 1992 627 2042 Thuc.
646 1994 716 2056 1‚50
735 2003 759 2045 et
777 1995 811 2046 ad
829 1991 895 2044 Xeu.
918 1992 999 2040 Anab.
1023 1991 1056 2049 V,
1081 1991 1107 2053 2,
1133 1987 1190 2052 32)·

140 2062 200 2112 nihil
213 2063 330 2125 equidem
349 2064 498 2112 mutandum
517 2077 616 2115 censeo.
636 2064 743 2114 Prorsus
762 2063 851 2114 inutile
870 2073 918 2127 est,
937 2060 1005 2126 quod
1024 2059 1084 2108 Eltz.
1104 2074 1130 2123 p.
1141 2057 1190 2109 341

138 2133 246 2182 coniecit
266 2123 313 2180 tat
335 2126 468 2196 πρύμνην
493 2121 650 2190 ύνὲνρονύν
672 2147 710 2183 τε.
737 2160 765 2171 -
792 2149 814 2183 c.
833 2131 876 2184 83.
896 2130 1071 2191 Quaerendum
1089 2134 1140 2187 est,
1160 2141 1192 2177 au

139 2216 187 2251 non
207 2217 294 2250 rernm
309 2203 356 2262 sit,
375 2204 445 2265 qnod
463 2202 585 2252 exhibent
603 2202 696 2254 svraa
711 2194 881 2268 θηήσασθαι
899 2197 1019 2270 βασιλέα.
1038 2228 1071 2236 -
1098 2214 1119 2248 ο.
1147 2198 1191 2251 90.

139 2263 321 2335 Διεφθάρατο
339 2270 368 2321 G.
387 2271 554 2329 Hermaunus,
574 2272 668 2327 Buttm.
688 2272 730 2323 Gr.
749 2272 793 2323 Gr.
804 2274 826 2323 Il
838 2289 864 2338 p.
878 2271 929 2323 249
942 2287 978 2354 ¹¹‘l
996 2269 1072 2322 Bred.
1090 2284 1117 2335 p.
1131 2269 1192 2329 328,

137 2343 230 2404 quibus
249 2349 317 2392 recte
335 2342 448 2392 obsecuti
464 2349 524 2391 sunt
536 2343 669 2392 novissimi
688 2344 806 2398 editores.
828 2340 1035 2406 Δτεφθαρεατο,
1054 2338 1123 2402 quod
1140 2354 1192 2387 om-

138 2425 183 2460 nes
197 2409 255 2460 libri
273 2419 375 2475 practer
393 2427 432 2471 ac,
453 2412 496 2475 qui
514 2405 714 2475 διεφθειρέατο
732 2412 862 2477 exhibent,
878 2413 942 2461 tueri
959 2412 1089 2467 videntur,
1105 2409 1192 2457 imme·

137 2481 185 2529 rito
206 2480 320 2532 defendit
335 2480 400 2535 Eltz.
414 2495 442 2546 p.
459 2482 517 2535 122.
554 2482 582 2530 ln
603 2489 715 2531 extremo
739 2482 788 2531 hoc
814 2483 898 2560 capite
924 2495 1012 2530 omnes
1038 2477 1097 2529 libri
1121 2477 1192 2528 exhi·

138 2551 210 2598 beot:
236 2542 307 2614 πρὸς
326 2539 357 2598 θ’
379 2542 419 2599 ἔτι
443 2545 644 2618 προσεβύλλετο
663 2551 702 2600 vel
723 2548 921 2617 προσεβαλετο,
940 2564 1056 2615 proquo
1071 2547 1192 2598 Rclslrius

136 2619 245 2668 coniecit
261 2610 455 2687 προσελάβετο.
493 2619 554 2669 Cum
573 2621 636 2670 baec
655 2621 731 2671 verba
748 2629 870 2687 appareat
894 2619 970 2669 udiIci
988 2619 1022 2668 ad
1043 2616 1087 2666 illa
1106 2613 1193 2665 ταῦτα

137 2679 273 2750 γενόμενα
290 2679 355 2743 τούς
365 2676 465 2745 Ἴωνας
483 2680 626 2753 ἐρρύσατο,
646 2687 729 2752 ‹pilos-
745 2679 799 2738 λύν
815 2695 981 2754 nonpossnnt
994 2687 1043 2736 uisi
1061 2686 1093 2736 de
1105 2685 1191 2735 lcitum

139 2755 222 2804 amico
244 2755 367 2820 intelligi,
389 2765 416 2805 ut
439 2772 489 2806 nou
510 2760 654 2809 necessaria
677 2761 711 2809 sit
728 2757 864 2810 Abresch‘ri
886 2755 961 2822 (Dill.
979 2755 1060 2809 Thuc.
1081 2770 1107 2820 p.
1129 2753 1191 2818 112)

138 2824 295 2873 coniectura:
315 2821 397 2887 φίλος
411 2815 512 2874 ’ravan
529 2818 592 2880 tata.
628 2827 691 2878 llum
708 2829 875 2879 verulanum
898 2829 995 2876 amicus
1014 2840 1071 2875 cum
1091 2824 1193 2874 calami-

139 2901 204 2951 tate,
224 2908 288 2957 quae
307 2894 398 2943 accidit
414 2893 594 2955 Phoenicibus,
615 2896 680 2947 nihil
696 2898 790 2949 habere
810 2897 905 2962 possit,
924 2896 973 2945 ulsl
990 2905 1017 2944 nt
1035 2895 1069 2944 ad
1086 2909 1142 2943 eam
1161 2894 1192 2941 ab

138 2963 240 3013 Ionibus
257 2964 427 3024 avertendam,
447 2964 497 3014 illis
514 2963 672 3016 inferendam
689 2966 829 3031 contulerit,
848 2966 930 3028 qualis
948 2965 1074 3015 sententia
1084 2964 1191 3026 scripto·

138 3033 172 3082 ris
191 3033 268 3083 luerit
292 3035 336 3083 rix
354 3033 458 3084 dubium
475 3035 574 3085 ridetur
592 3049 658 3084 esse·
692 3038 744 3085 lam
765 3030 975 3103 προσλαβέσθαι
993 3042 1017 3085 et
1037 3048 1103 3096 quae
1125 3033 1192 3082 elus-

137 3102 195 3152 dem
211 3105 312 3168 generis
327 3105 404 3153 verba
416 3112 484 3168 suut,
500 3116 557 3154 cum
576 3105 700 3169 genetiuis
718 3106 754 3154 ita
766 3107 961 3171 coniunguntur,
982 3114 1009 3153 ut
1024 3112 1067 3152 nut
1086 3101 1193 3150 alicuius

136 3173 233 3237 negotii
246 3181 355 3292 partem
377 3175 508 3238 anselpere
532 3165 749 3240 (στρατεύματος
772 3175 812 3233 lll‚
831 3173 873 3235 34,
892 3174 941 3232 a&
965 3167 1088 3235 πολέμου
1105 3169 1138 3234 V,
1157 3168 1192 3218 44

135 3249 161 3291 et
174 3244 224 3301 453
264 3240 336 3307 ρμῆς
354 3241 435 3298 Thuc.
455 3243 496 3302 111,
515 3241 559 3301 36,
578 3243 630 3292 vid.
650 3242 684 3297 ib.
698 3243 822 3311 llrriger.)
841 3251 885 3293 aut
900 3242 985 3307 allqua
1004 3257 1031 3291 re
1050 3242 1088 3289 uti
1108 3236 1192 3305 (προ-

108 3324 113 3333 ’
134 3305 239 3373 φύσιος
256 3312 300 3372 VI,
316 3308 365 3373 no)
384 3312 549 3378 significetur.
587 3310 670 3370 Quare
696 3312 760 3363 lllud
779 3311 806 3363 h.
831 3313 847 3363 l.
874 3309 936 3362 mihi
958 3311 1020 3362 lcrri
1046 3323 1097 3359 non
1115 3322 1191 3374 posse

136 3381 245 3432 videtur.
284 3373 514 3449 Προσβύλλεσθαι
533 3396 566 3431 an
584 3395 643 3432 cum
659 3383 777 3447 genetivo
805 3384 968 3434 coniunctum
985 3380 1031 3438 sit,
1056 3385 1123 3428 certe
1141 3393 1189 3428 oon

137 3449 221 3499 miuus
240 3451 344 3501 dubium
364 3459 411 3517 est,
429 3466 582 3515 quamquam
602 3451 630 3502 ld
648 3452 696 3501 dici
715 3467 792 3517 posse
807 3451 989 3503 contenderunt
1006 3447 1098 3499 Bemh.
1116 3446 1189 3511 synt.

135 3531 164 3580 p.
185 3517 232 3568 147
251 3526 275 3568 et
291 3520 354 3569 llltz.
372 3536 397 3583 p.
416 3521 464 3572 341
485 3537 525 3584 sq.
545 3547 579 3559 —·
596 3520 646 3570 loci
664 3523 747 3586 enlm,
764 3523 807 3585 qui
825 3519 995 3585 proferuntur,
1017 3521 1060 3562 aut
1079 3515 1191 3579 suspecti
