2562 3926
367 244 452 304 LIB.
484 245 529 302 111.
563 243 661 308 CAP.
693 249 833 307 49-52.
1041 243 1104 310 230

98 408 307 496 δεξαμένοισι
322 409 378 476 καί
391 407 538 493 ἐξέργειν
552 403 757 487 κελεύοντος.
781 405 1053 500 ἀπελαυνόμενος
1067 406 1101 480 δ’

97 501 141 577 ἀν
162 504 215 595 ήιε
235 502 288 576 έπ’
305 506 421 594 ἑτέρην
440 511 508 576 τῶν
527 506 684 592 ἑταίρων·
707 511 742 576 οί
760 509 797 576 δέ
813 505 871 578 ἀτε
887 513 1102 600 Περιάνδρου
1263 580 1264 583 ,

97 605 196 675 ε’όντα
209 609 329 693 παῖδα,
345 611 464 693 καίπερ
479 607 722 691 δειμαίνοντες,
736 603 826 693 ὅμως
840 611 1003 677 ἐδέκοντο.
1045 610 1099 678 τέ-
1114 628 1149 681 5²
1262 608 1264 633 ³

96 714 154 785 λος
168 705 204 775 δέ
215 702 234 774 δ
247 709 454 793 Περίανδρος
467 703 622 792 κήρυγμα
632 705 820 793 ἐποιήσατο,
833 702 870 786 ὃς
881 700 925 775 ἀν
935 701 957 795 ή
968 710 1100 775 οίιιίοισι

98 802 299 891 ὑποδέξηταί
310 831 370 892 μιν
382 799 405 893 ή
419 807 683 893 προσδιαλεχθῇ,
698 798 776 892 ίρήν
790 808 908 891 ζημίην
920 809 1041 872 τοῦτον
1053 809 1100 894 τῷ

93 899 277 972 Ἀπόλλωνι
297 898 463 990 ὀφείλειν,
485 897 612 988 ὁσηνδή
635 908 738 979 είπας.
768 897 853 989 πρός
872 890 922 970 τάν
941 895 982 989 δή
999 903 1098 968 τοῦτο

94 1000 132 1071 τδ
155 1002 312 1090 κήρυγμα
334 999 412 1072 οὔτε
430 1010 479 1081 τίς
499 1005 533 1070 οί
553 1001 767 1086 διαλέγεσθαι
791 998 869 1069 οὔτε
889 1005 1022 1070 οἰκίοισι
1042 1001 1099 1068 δέ-

94 1110 216 1171 κεσθαι
231 1097 351 1187 ἤθελε·
371 1094 455 1183 πρός
470 1098 507 1168 δὲ
518 1094 598 1168 οὐδὲ
607 1093 709 1177 αὐτός
723 1100 849 1180 ἐκεῖνος
864 1100 1010 1169 ίδικαίεν
1023 1122 1098 1168 πει-

94 1206 222 1287 ρᾶσθαι
232 1193 570 1286 ἀπειρημένου,ἀλλά
582 1199 826 1285 διακαρτερέων
837 1199 874 1266 έν
883 1204 957 1286 τήσι
969 1204 1097 1289 στοιῇσι

93 1299 310 1367 ἐκαλινδέετο.
339 1295 479 1385 τετάρτη
500 1291 532 1363 δ’
553 1291 659 1384 ἡμέρη
676 1293 759 1363 ίδόν
772 1321 832 1383 μιν
854 1293 1097 1385 δΠερίανδρος

93 1392 274 1485 ἀλουσίῃσί
283 1396 385 1464 τεκαὶ
395 1391 538 1483 ἀσιτίησι
548 1392 811 1481 συμπεπτωκότα
823 1402 980 1484 οἴκτειρε·
1002 1389 1097 1475 ὖττελς

94 1493 130 1563 δὲ
146 1499 205 1581 τῆς
219 1490 321 1581 ἀργῆς
335 1491 387 1581 ήιε
400 1486 508 1561 ἀσσον
521 1491 576 1560 καί
590 1496 699 1579 ἔλεγε·
726 1484 766 1561 Ὦ
782 1507 858 1579 παλ,
878 1491 998 1581 κότερα
1014 1491 1096 1562 τού·

90 1618 160 1661 των
175 1591 375 1681 αίρετότερά
395 1593 481 1677 έστι,
501 1596 607 1659 ταῦτα
623 1586 664 1659 τά
684 1595 751 1658 νῦν
771 1596 856 1680 έχων
876 1591 1050 1682 πρήσσεις,
1073 1585 1095 1677 ἢ

91 1689 153 1780 τήν
159 1692 344 1777 τυραννίδα
352 1686 408 1755 καὶ
414 1685 454 1755 τά
461 1683 590 1779 ἀγαθοὶ,
602 1686 787 1776 τάνῦνέγτό
796 1696 872 1781 έχα,
878 1697 981 1760 ταῦτα
996 1691 1094 1759 ἐόντα

90 1796 137 1882 τῷ
147 1788 248 1875 πατρὶ
261 1786 434 1877 ἐπιτήδεον
444 1785 736 1875 παραλαμβάνεινς
759 1782 796 1865 δς
809 1784 874 1855 ίιδν
884 1786 962 1875 ἐμός
971 1815 1006 1857 τε
1017 1802 1094 1869 παῖς

90 1891 146 1958 καί
161 1893 340 1970 Κορίνθου
356 1893 414 1975 τῆς
429 1883 627 1974 εὐδαίμονος
642 1882 799 1974 βασιλευς
814 1881 939 1975 ἀλήτην
954 1892 1030 1976 βίον
1045 1890 1094 1956 ε’ί·

90 1995 168 2074 λεο,
190 1981 412 2055 ἀντιστατέων
426 1987 531 2055 τεκαὶ
546 1981 631 2073 ἀργή
646 1982 825 2071 χρεόμενος
846 1987 880 2064 ἐς
892 1984 952 2054 τόν
967 2005 1005 2054 σε
1018 1984 1094 2075 ήκε-

89 2105 150 2153 στα
165 2089 260 2172 χρῆν.
291 2089 321 2153 εί
332 2083 398 2170 γάρ
417 2109 466 2162 τις
486 2078 644 2171 συμφορή
662 2082 700 2150 ἐν
719 2077 848 2152 αὐτοῖσι
869 2082 1037 2170 ἐγεγόνεε,
1059 2084 1093 2163 ἐξ

89 2178 128 2274 ής
147 2182 299 2272 ὑποψίην
319 2185 352 2263 ές
372 2183 428 2271 έμδ
447 2188 547 2271 ἔχεις,
570 2183 646 2269 έμοί
661 2206 697 2250 τε
713 2181 798 2270 αὕτη
816 2185 935 2272 γέγονε
954 2186 1010 2253 καί
1027 2180 1092 2272 έγά

88 2280 192 2371 αὐτῆς
207 2278 246 2351 τδ
260 2287 367 2351 πλεῦν
382 2281 519 2370 μέτοχός
535 2286 615 2370 είμι,
628 2278 697 2376 ὅσφ
707 2280 808 2365 αάτός
818 2308 905 2374 σφεα
913 2283 1092 2373 ἐξεργασά-

88 2407 165 2470 μην.
199 2376 243 2449 σύ
264 2381 301 2447 δλ
327 2376 466 2467 μαθδν,
488 2377 556 2477 δσφ
581 2384 790 2467 φθονέεσθαι
815 2385 957 2472 κρέσσον
979 2377 1092 2470 ίστλή

88 2484 330 2567 οἰκτείρεσθαι,
353 2477 423 2567 ἀμα
441 2504 476 2549 τε
501 2477 618 2550 ὁκοῖόν
640 2508 672 2551 τι
696 2485 729 2563 ές
749 2481 828 2566 τούς
847 2486 963 2565 τοκέας
982 2486 1036 2553 καὶ
1058 2486 1092 2565 ές

84 2576 165 2659 τοάς
179 2578 363 2666 κρέσσονας
376 2585 613 2667 τεθυμῶσθαι,
636 2578 735 2650 ἀπιθι
749 2584 782 2663 ές
796 2580 836 2652 τᾶ
852 2587 948 2652 οίκία.
986 2588 1090 2669 Περί-

85 2682 211 2765 ανδρος
224 2677 287 2765 μέν
300 2678 448 2748 τούτοισι
461 2675 567 2748 αὐτόν
580 2679 826 2769 κατελάμβανε,
846 2676 865 2749 ὁ
880 2684 917 2750 δέ
931 2679 1012 2750 ἀλλο
1027 2682 1089 2768 μὲν

85 2776 189 2847 οὐδὲν
209 2774 377 2868 ἀμείβεται
401 2776 462 2847 τόν
483 2781 625 2868 πατέρα,
648 2785 712 2868 ἔφη
734 2782 775 2848 δέ
792 2805 851 2867 μιν
872 2776 951 2868 ίρήν
972 2785 1088 2868 ζημίην

83 2878 236 2970 ὀφείλειν
248 2887 295 2973 τῷ
313 2887 385 2973 θεῷ
402 2882 515 2973 ἑωυτῷ
530 2884 563 2963 ές
584 2882 705 2969 λόγους
722 2877 935 2970 ἀπικόμενον.
965 2880 1087 2971 μαθάν

82 2980 120 3050 δὲ
133 2977 153 3050 ὁ
164 2983 391 3069 Περίανδρος,
413 2976 437 3049 ὦ
441 3006 459 3061 ς
473 2978 602 3068 ἄπορόν
615 3008 646 3050 τι
659 2977 697 3051 τὸ
712 2978 819 3053 κακόν
834 2992 884 3072 είη
895 2988 956 3053 τοῦ
969 2979 1089 3063 παιδός

83 3083 138 3152 καί
161 3077 339 3169 ἀνίκητον,
361 3083 394 3162 ἐξ
417 3077 606 3169 ὀφθαλμῶν
625 3108 685 3170 μιν
711 3079 938 3171 ἀποπέμπεται
960 3089 1088 3161 στείλας

82 3194 203 3256 πλοῖον
218 3187 253 3263 ἐς
266 3185 463 3273 Κέρκυραν·
486 3183 661 3272 έπεκράτεε
681 3181 746 3273 γάρ
767 3187 822 3255 καὶ
841 3184 970 3274 ταύτης.
1002 3181 1085 3251 ἀπο-

82 3292 211 3365 στείλας
235 3286 273 3352 δλ
298 3290 420 3353 τοῦτον
445 3280 464 3351 δ
484 3288 693 3370 Περίανδρος
715 3283 928 3369 ἐστρατεύετο
953 3281 1006 3348 έπλ
1026 3274 1087 3345 τόν

49 3460 54 3465 ,
80 3382 254 3472 πενθερόν
273 3386 429 3473 Προκλέα
451 3379 495 3464 ὡς
518 3390 586 3452 τῶν
607 3382 803 3470 παρεόντων
828 3387 861 3452 οί
881 3375 1086 3467 πρηγμάτων

80 3482 177 3556 ἐόντα
192 3485 408 3576 αἰτιώτατον,
431 3488 485 3558 καὶ
500 3481 566 3557 εἷλε
579 3485 642 3577 μέν
656 3483 718 3578 τήν
729 3485 944 3571 Ἐπίδαυρον,
967 3475 1030 3550 εἷλε
1048 3480 1083 3550 δὲ
