2618 3928
221 240 285 306 164
597 238 850 299 HERODOTI

219 405 276 473 καὶ
295 406 330 471 οί
341 401 501 471 moloc
513 394 597 484 πρὸς
613 396 753 483 ἑσπέρης
773 392 971 475 οἰκέοντες
951 412 1130 480 ανσρωτιοι
1143 402 1231 464 συλ-

219 505 436 625 λεχθείησαν,
458 494 522 567 οὐκ
539 492 714 582 ἀξιόμαχοί
725 500 789 562 είσι
808 494 865 581 ἐμέ
885 492 1022 563 ἐτιύντα
1035 490 1231 615 ὑπομείναι,
1286 524 1288 625 χ

220 629 265 690 μη
252 599 390 680 ἐόντες
402 599 553 688 άρθμιοι.
577 599 684 667 ἐθέλω
697 596 810 682 μέντοι
824 589 962 663 καίτό’
943 588 1008 660 από
1023 599 1096 679 σεῦ,
1112 590 1288 660 ὁκοίάν

219 725 252 768 τι
265 700 372 786 λέγεις
384 700 462 783 περὶ
478 694 603 819 αὐτων,
619 697 802 762 πυθέσθαι.
819 689 857 761 0
870 691 1047 811 μέμταύτα
1062 684 1225 777 εἰρύατ’
1208 717 1228 758 ο

221 794 452 885 νπολαβων
462 801 544 883 ἐφη
559 787 600 862 Ὦ
613 798 764 881 βασιλεύ,
774 788 897 875 κοτερα
907 784 1229 876 αληθείηχρησωμαι

220 891 305 983 πρὸς
318 889 393 964 σέ
369 921 392 982 η
408 892 532 984 ἡδονῆς
556 890 594 961 Ὁ
608 893 649 959 δέ
658 915 718 977 μιν
726 886 870 977 κληθείη
880 886 1068 975 χρήσασθαι
1083 888 1229 970 ἐκέλευε,-

154 1007 206 1065 1⁰2
221 990 288 1081 φάς
303 988 405 1062 ούδέν
419 996 454 1061 oc
467 989 668 1078 ἀηδέστερον
683 982 857 1072 έσεσθοιιῆ
871 984 1036 1072 πρότερον
1050 976 1102 1070 ἦν.
1119 981 1181 1062 Ὡς
1192 982 1229 1052 δέ

220 1117 326 1160 ταυτα
337 1088 464 1179 ἤκουσε
477 1089 697 1177 Δημάρητος,
713 1091 805 1171 ἐλεγε
820 1084 915 1152 τάδε·
937 1089 1094 1169 Βασιλεῦ,
1112 1078 1226 1168 ἐπειδὴ

104 1190 106 1193 ’
222 1187 366 1277 ἀληθείη
384 1187 577 1276 χρήσασθαι
589 1186 724 1263 πάντως
737 1209 778 1270 με
794 1181 942 1260 κελεύεις
956 1189 1059 1250 ταῦτα
1075 1184 1227 1308 λέγομτα,

221 1284 262 1358 τά
272 1314 318 1376 μη
305 1285 543 1375 ψευδόμενός
552 1314 602 1367 τις
612 1279 834 1374 ύστερονύπό
844 1302 905 1351 σευ
890 1279 1088 1369 άλύσεται,
1103 1311 1144 1374 τη
1129 1280 1229 1355 ’Ἑλ-

220 1385 298 1455 λάδι
311 1390 410 1473 πενίη
425 1387 488 1474 μέν
501 1392 570 1456 αίεί
581 1410 658 1455 κοτε
672 1379 863 1468 σάντροφός
880 1383 965 1467 ἐστι,
982 1380 1081 1469 dom)
1098 1383 1135 1452 δέ
1145 1388 1228 1451 ἐπα-

221 1484 299 1564 κτός
312 1486 397 1572 ἐστι,
413 1482 481 1554 άπύ
495 1510 530 1552 τε
543 1491 665 1572 σοφίης
677 1485 927 1569 κατεργασμένη
940 1483 997 1551 καὶ
1010 1482 1118 1569 νόμον
1132 1490 1228 1572 ίσχν-

223 1589 303 1669 ρού,
325 1590 367 1673 τῇ
377 1587 595 1671 διαχρεομένη
604 1581 626 1670 ἡ
636 1578 752 1660 Ἑλλὰς
762 1581 826 1669 τήν
834 1605 871 1648 τε
884 1587 1004 1666 πενίην
1016 1578 1228 1668 ἀπαμύνεται

222 1680 278 1749 καί
290 1675 354 1767 την
368 1679 591 1767 δεσποσύνην.
614 1682 715 1749 αίνέω
725 1682 789 1766 μέν
798 1704 866 1746 νυν
879 1676 1006 1756 πάντας
1022 1677 1228 1768 τούςἝλλη-

222 1801 283 1855 νας
302 1773 382 1856 τούς
401 1778 478 1863 περί
492 1779 641 1856 ἐκείνους
654 1773 734 1855 τούς
749 1772 928 1861 Δωρικούς
946 1774 1077 1862 χοίρους
1092 1779 1228 1864 οίκημέ·

221 1900 314 1961 νους,
333 1879 468 1962 ἔρχομαι
483 1877 520 1944 δὲ
534 1876 639 1956 λέξων
652 1872 695 1945 ού
705 1876 782 1957 περὶ
795 1873 933 1941 πάντων
942 1874 1065 1942 τούσδε
1077 1877 1157 1954 τούς
1167 1876 1227 1945 λό-

221 1998 320 2061 γους,
334 1971 419 2042 ἄλλά
433 1975 510 2059 περὶ
521 1978 796 2060 Λακεδαιμονίων
806 1970 961 2058 μούνων,
975 1979 1091 2057 πρῶτα
1100 1975 1165 2059 μὲν
1176 1971 1227 2043 ὅτι

223 2068 285 2140 ούκ
301 2077 384 2158 ἐστι,
407 2069 495 2152 ὅκως
508 2070 584 2141 κοτέ
601 2070 683 2150 σούς
700 2074 850 2152 δέξονται
870 2071 993 2156 λόγους
1013 2072 1227 2160 δουλοσύνην
1286 2144 1287 2151 ς

223 2174 437 2260 φίρονταςτῇ
445 2169 594 2258 Ἑλλάδι,
610 2164 706 2250 αὖτις
720 2171 756 2238 δὲ
769 2168 812 2250 ὡς
822 2167 1045 2240 άντιύσονταί
1051 2198 1103 2240 τοι
1113 2176 1148 2251 ές
1160 2172 1228 2258 μύ-

222 2294 301 2391 χηυ,
318 2270 375 2337 καί
392 2265 438 2356 ἦν
457 2272 493 2337 oc
504 2267 600 2338 ἄλλοι
611 2267 769 2356 Ἕλληνες
789 2270 912 2350 πάντες
931 2266 972 2337 τά
989 2267 1032 2337 σά
1046 2273 1225 2356 φρονέωσι.

221 2366 372 2456 ἀριθμοῦ
388 2368 427 2444 δὲ
434 2372 522 2456 πέρι,
537 2394 582 2455 μη
597 2368 704 2458 πύθη,
721 2366 796 2437 ὅσοι
810 2370 879 2437 τινέ
879 2394 897 2447 ς
910 2366 1021 2447 έοντες
1031 2376 1136 2436 ταῦτα
1149 2391 1227 2438 ποι-

224 2471 293 2533 ίειν
306 2461 374 2535 οἷοί
386 2469 425 2534 τέ
436 2472 510 2538 είσι.
538 2465 583 2554 ἥν
596 2492 633 2535 τε
649 2464 714 2554 γάρ
731 2467 854 2554 τύχωσι
868 2470 1157 2591 ἐξεστρατευμένοι
1175 2478 1227 2557 χί-

222 2573 306 2650 λιοι,
326 2555 419 2632 οὗτοι
433 2568 636 2653 μαχέσονταί
646 2592 714 2654 τοι,
729 2593 773 2654 ην
786 2592 822 2635 τε
836 2567 1013 2646 ἐλάσσονες
1027 2570 1168 2654 τούτων,
1184 2567 1228 2656 ἤν

156 2678 207 2734 103
220 2665 476 2746 τεκαίπλεύνες.
497 2663 1137 2753 ΤαύταάκούσαςΞέρξηςγελάσαςέφη·
1152 2675 1228 2756 Δη-

224 2763 360 2851 μάρητε,
377 2761 452 2834 οἷον
461 2766 628 2853 ἐφθέγξαο
643 2770 731 2850 ἔπος,
747 2761 874 2851 ἄνδρας
883 2770 1009 2850 χιλίους
1023 2771 1159 2853 στρατιῇ
1169 2790 1228 2834 το-

223 2865 304 2948 σῇδε
314 2862 530 2946 μαχέσασθαι.
553 2860 625 2949 ἄγε,
641 2863 714 2930 είπέ
722 2886 791 2949 μοι,
805 2859 849 2929 σύ
864 2858 930 2950 φῂς
944 2860 1074 2929 τούτων
1084 2867 1153 2929 τῶν
1163 2859 1228 2930 άν-

223 2961 316 3043 δρῶν
330 2953 430 3038 αύτός
442 2956 601 3045 βασιλεύς
613 2963 782 3047 γενέσθαι.
806 2956 849 3028 σύ
861 2952 911 3028 ύν
921 2961 1093 3048 ἐθελήσεις
1106 2958 1226 3049 αὐτίκα

223 3052 313 3140 μάλα
332 3050 416 3139 πρὸς
430 3051 556 3142 άνδρας
571 3058 651 3124 δέκα
664 3057 847 3143 μάχεσθαις
874 3062 982 3124 καίτοι
999 3061 1030 3125 εί
1042 3053 1081 3125 τὸ
1096 3063 1226 3125 πολιτι·

223 3149 287 3222 κδν
300 3149 382 3238 ὑμῖν
399 3156 469 3219 πᾶν
482 3155 549 3221 ἐστὶ
562 3161 710 3242 τοιοῦτο,
727 3151 800 3224 οἷον
813 3151 856 3223 σύ
871 3155 1043 3243 διαιρέεις,
1065 3158 1106 3223 σέ
1114 3179 1154 3240 γε
1165 3153 1227 3224 τὸν

223 3252 361 3317 ἐκείνων
377 3249 515 3334 βασιλέα
531 3253 648 3333 πρέπει
672 3249 757 3338 πρὸς
772 3249 811 3321 τὸ
833 3250 1010 3338 διπλήσιον
1030 3246 1227 3320 ἀντιτάσσε-

223 3357 305 3416 σθαι
316 3343 399 3414 κατά
409 3346 536 3433 νόμους
544 3347 624 3429 τούς
633 3348 823 3438 ὑμετέρους.
837 3356 868 3420 εί
871 3349 937 3438 γὰρ
944 3352 1083 3419 ἐκείνων
1089 3353 1227 3434 ἕκαστος

223 3448 304 3511 δέκα
318 3440 453 3530 ἄνδρων
468 3453 526 3532 τῆς
540 3454 693 3535 στρατιῆς
703 3455 761 3534 τῆς
774 3449 853 3536 ἐμῆς
868 3445 1023 3527 άντάξιός
1040 3451 1125 3537 ἐστι,
1140 3453 1179 3522 σέ
1190 3455 1230 3523 δέ
