2560 3938
364 245 450 303 LIB.
480 246 501 300 Ι.
536 244 631 302 CAP.
654 253 801 308 24-29.
1042 249 1082 312 13

10 400 12 461 ἕ
78 421 155 488 σος,
171 399 256 487 μετὰ
271 402 308 471 δὲ
322 406 359 471 ἐν
372 406 464 491 μέρει
478 402 645 471 ἑκάστοισι
661 401 784 471 Ἱώνων
799 433 835 474 τε
851 410 907 475 καί
920 413 1081 498 Αἰολέων,

78 503 212 573 άλλοισι
226 502 329 584 άλλας
344 510 449 582 αἰτίας
465 506 653 591 ἐπιφέρων,
670 511 739 573 τών
754 506 817 591 μέν
831 509 971 577 έδόνατο
986 512 1082 595 μέζο·

78 628 141 681 νας
153 606 408 689 παρευρίσκειν,
424 604 543 688 μέζονα
557 598 814 686 έπαιτιεόμενος,
824 620 908 673 τοῖσι
922 605 958 673 δέ
969 603 1081 673 αὐτῶν

10 788 11 797 ¹
78 705 135 770 καὶ
148 708 264 789 φαῦλα
278 705 454 789 ἐπιφέρων.
477 699 536 779 Ὡς
551 699 590 777 δέΥ
602 698 667 788 ἄρα
684 706 718 769 οἰ
730 703 767 769 έν
780 710 820 790 τῇ
831 701 1080 792 ἈσίηἝλληνες
1091 723 1124 778 ῖῖ

10 816 12 895 ᾗ
59 803 329 889 ’κατεστράφατο
352 807 386 881 ές
407 801 519 889 φόρου
541 799 743 888 ἀπαγωγήν,
765 799 801 870 τό
823 807 984 871 ἐνθεῦτεν
1005 806 1081 871 ἐπε-

78 902 155 971 νόεε
170 904 248 980 νέας
262 901 485 986 ποιησάμενος
495 899 691 985 ἐπιχειρέειν
700 913 785 967 τοῖσι
796 900 987 989 νησιώτησι.
1004 902 1081 967 έόν-

78 1026 147 1069 των
167 1002 207 1066 δέ
224 1003 258 1066 οἰ
278 997 415 1066 πάντων
438 1000 579 1084 ἑτοίμων
601 999 634 1076 ές
655 995 718 1083 τήν
734 1005 940 1086 ναυπηγίην,
965 1004 999 1067 οί
1018 999 1081 1085 μέν

80 1106 205 1168 Βίαντα
218 1098 352 1182 λέγουσι
368 1095 429 1163 τόν
444 1099 592 1184 Πριηνέα
606 1092 813 1181 ἀπικόμενον
834 1101 867 1178 ές
880 1097 1025 1191 Σάρδις,
1047 1103 1082 1165 οί

81 1196 120 1265 δέ
132 1192 300 1264 Πιττακόν
320 1192 381 1262 τόν
395 1202 646 1289 Μυτιληναῖον,
669 1199 844 1282 εἰρομένου
860 1203 1009 1284 Κροίσου
1049 1205 1083 1263 εἰ

78 1324 110 1364 τι
128 1306 178 1382 είη
194 1293 358 1380 νεώτερον
379 1294 454 1381 περὶ
467 1291 695 1380 τὴνἙλλάδα,
717 1294 853 1361 εἰπόντα
873 1296 952 1364 τάδε
975 1322 1077 1363 κατα-

78 1402 205 1463 παῦσαι
226 1391 288 1481 τήν
307 1398 514 1479 ναυπηγίην·
541 1386 581 1458 Ὦ
608 1398 765 1477 βασιλεῦ,
792 1400 951 1480 νησιῶται
972 1396 1077 1461 ἵππον

77 1495 304 1561 συνωνέονται
326 1498 467 1579 μυρίην,
492 1492 525 1568 ές
548 1489 675 1573 Σάρδις
696 1515 732 1556 τε
754 1491 810 1558 καὶ
829 1491 881 1558 ἐπὶ
896 1489 932 1557 σέ
947 1495 1076 1576 ἔχοντες

78 1587 443 1678 ἐννόφστρατεάεσθαι.
459 1595 607 1670 Κροῖσον
623 1585 660 1654 δὲ
675 1589 852 1655 ἐλπίσαντα
865 1591 974 1673 λέγειν
990 1590 1075 1656 έκεῖ-

76 1715 139 1756 νον
160 1684 288 1773 άληθέα
328 1692 447 1754 εἰπεῖν·
478 1690 526 1753 Aa*
544 1683 610 1772 γάρ
623 1691 723 1753 τοῦτο
740 1688 816 1753 θεοὶ
829 1686 1006 1774 ποιήσειαν
1022 1689 1075 1754 ἐπὶ

10 1832 12 1841 ,
76 1791 159 1858 νόον
173 1785 369 1875 νησιώτῃσι,
385 1789 499 1854 ἐλθεῖν
515 1788 568 1854 έπί
579 1788 704 1853 Λυδῶν
720 1789 840 1864 παῖδας
855 1784 920 1853 σόν
933 1789 1072 1853 ἵπποισι.

79 1886 148 1957 Τὸν
165 1886 202 1955 δὲ
218 1884 431 1974 ὑπολαβόντα
446 1885 569 1971 φάναι·
589 1877 629 1951 Ὦ
645 1890 799 1970 βασιλεῦ,
816 1887 1001 1972 προθύμως
1017 1910 1074 1976 μοι

78 1993 211 2074 φαίνεαι
239 1984 399 2065 εὔξασθαι
427 1983 591 2070 νησιώτας
620 1984 865 2066 ἱππευομένους
892 1991 1007 2069 λαβεῖν
1036 1984 1073 2049 έν

75 2084 217 2174 ἠπείρῳ,
240 2082 354 2151 οἰκότα
373 2087 527 2163 ἐλπίζων·
559 2080 723 2167 νησιώτας
739 2079 775 2146 δέ
796 2087 829 2146 τί
842 2084 966 2159 δοκέεις
980 2080 1074 2166 εὔχε-

10 2204 11 2237 ³
75 2195 159 2252 σθαι
173 2182 254 2251 ἄλλο
271 2178 293 2268 ή
302 2233 311 2268 ,
338 2183 446 2249 ἐπείτε
459 2180 596 2265 τάχιστα
610 2176 782 2247 ἐπύθοντό
796 2197 834 2244 σε
848 2181 1009 2263 μέλλοντα
1020 2182 1074 2247 ἐπὶ

74 2287 170 2368 σφίσι
183 2281 433 2365 ναυπηγέεσθαι
453 2281 546 2362 νέας,
568 2284 684 2363 λαβεῖν
704 2271 1020 2364 άρεόμενοιΛυδοδς
1035 2280 1072 2345 έν

74 2377 240 2466 θαλάσση,
257 2379 314 2443 ἵνα
328 2374 413 2459 ὑπὲρ
430 2381 497 2443 τών
515 2377 552 2441 έν
567 2380 607 2461 τῇ
620 2371 746 2464 ήπείρφ
762 2380 947 2463 οἰκημένων
955 2375 1072 2465 Ἑλλή-

74 2505 146 2548 νων
164 2481 323 2562 τίσωνταί
341 2495 397 2562 σε,
419 2471 500 2552 τοὺς
520 2470 563 2540 σύ
587 2473 760 2550 δουλώσας
781 2479 880 2558 έχεις;
914 2474 1018 2563 κάρτα
1038 2501 1074 2542 τε

10 2572 11 2577 “
70 2566 222 2668 ἡσθῆναι
236 2581 451 2666 Κροῖσονπῷ
475 2573 635 2663 ἐπιλόγῳ,
661 2579 720 2640 καί
737 2578 777 2661 οἰ,
788 2579 988 2663 προσφυέως
1009 2574 1073 2661 γάρ

71 2678 169 2756 δόξαι
189 2676 315 2759 λέγειν,
341 2671 548 2758 πειθόμενον
577 2669 771 2738 παύσασθαι
800 2677 858 2759 τῆς
877 2681 1071 2760 ναυπηγίης.

70 2776 129 2842 καὶ
153 2770 242 2839 οὕτω
266 2785 352 2838 τοῖσι
376 2767 435 2848 τάς
461 2770 586 2857 νήσους
615 2771 819 2856 οἰκημένοισι
831 2768 924 2841 Ἴωσι
949 2777 1074 2860 ξεινίην

71 2864 296 2954 συνεθήκατο.
327 2867 464 2956 Χρόνου
485 2866 521 2934 δέ
543 2869 778 2954 ἐπιγινομένου
799 2873 855 2939 καὶ
871 2893 1119 2959 κατεστραμ-οὸ

70 2975 186 3060 μένων
208 2964 327 3054 σχεδόν
340 2968 478 3037 πάντων
498 2974 566 3036 τών
580 2966 801 3048 ἐντδςἍλυος
815 2978 966 3057 ποταμοῦ
981 2977 1074 3058 οἰκη-

69 3073 185 3157 μένων
213 3064 313 3154 ’πλήν
337 3065 403 3156 γάρ
430 3073 578 3137 Κιλίκων
608 3069 663 3135 καὶ
686 3074 824 3135 Λυκίων
848 3066 927 3148 τοὺς
953 3068 1074 3147 ἄλλους

69 3166 201 3243 πάντας
211 3161 271 3232 ὑπ’
285 3165 397 3256 ἑωυτῷ
408 3164 473 3257 εἶχε
484 3165 794 3254 καταστρεψάμενος
806 3163 824 3234 ὁ
835 3173 997 3254 Κροῖσος·
1013 3172 1075 3237 εἰσὶ

70 3263 108 3335 δὲ
123 3266 214 3349 οἵδε,
229 3266 372 3350 [Λυδοὶβ
388 3264 536 3353 Φρύγες,
555 3267 681 3350 Μυσοί,
697 3261 946 3351 Μαριανδυνοί,
960 3264 1075 3332 Χάλυ-

70 3369 147 3449 βες,
172 3360 411 3450 Παφλαγόνες,
437 3363 579 3450 Θρήϊκες
602 3366 635 3430 οἰ
655 3368 764 3430 Θυνοί
783 3387 819 3429 τε
845 3364 901 3428 καὶ
919 3361 1074 3440 Βιθυνοὶ,

10 3554 12 3561 Ι
72 3451 345 3550 Κᾶρες,”Ιωνες,
365 3463 530 3550 Δωριέες,
555 3462 707 3549 Αἰολέες,
732 3458 928 3546 Πάμφυλοι·
977 3465 1119 3519 κατε-29
