2536 3934
187 263 255 329 ’70
590 263 845 322 HERODOTI

213 423 393 516 ὑστεραίην
417 433 572 514 παρείναι
597 428 828 513 λελουμένους.
870 429 908 494 έν
931 426 968 495 δὲ
992 418 1161 516 τούτῳτί
1181 446 1217 490 τε

213 528 349 598 αἰπόλια
362 525 488 606 καὶτὰς
501 532 643 613 ποίμνας
658 529 714 595 καί
727 524 768 594 τά
779 526 941 613 βουκόλια
953 522 971 594 ὑ
982 531 1096 611 Κῦρος
1105 520 1216 590 πάντα

212 634 273 696 τοὺ
294 623 421 713 πατρὸς
442 632 624 705 συναλίσας
645 628 678 705 ές
691 623 799 693 τώυτό
815 630 899 694 έθυε
918 626 973 692 καί
992 621 1215 711 παρεσκεύαζε

212 725 256 806 ὡς
270 726 447 813 δεξόμενος
467 730 535 793 τῶν
548 728 708 809 Περσέων
722 722 784 793 τὸν
797 721 957 812 στρατόν,
981 718 1065 809 πρὸς
1080 724 1117 789 δὲ
1130 729 1214 812 οίνχο

209 852 245 895 τε
261 827 315 894 καί
328 830 462 894 σιτίοισι
477 819 522 903 ὑς
536 822 834 910 ἐπιτηδεοτάτοισι.
878 818 1102 906 ἀπικομένους
1122 819 1159 885 δὲ
1174 825 1214 906 τῇ

209 921 368 1012 ὑστεραίῃ
388 921 467 1002 τοὺς
479 925 613 1009 Πέρσας
637 927 837 1000 κατακλίνας
858 923 892 1000 ές
912 914 1059 1005 λειμῶνα
1080 914 1210 1003 εὑόχεε.

209 1024 317 1089 ἐπείτε
343 1021 381 1090 δὲ
406 1019 472 1090 ἀίσὺ
494 1026 633 1090 δείπνου
652 1014 758 1109 ἦσαν,
787 1019 894 1107 είρετό
918 1037 1022 1105 σφεας
1047 1012 1065 1085 ὁ
1086 1022 1212 1100 Κῦρος,

209 1120 330 1209 κότερα
353 1118 394 1187 τὰ
414 1128 455 1208 τῇ
475 1128 656 1208 προτεραίῃ
678 1118 767 1206 εἶχον
786 1115 808 1206 η’
828 1116 870 1186 τά
892 1115 1061 1203 παρεόντα
1083 1133 1144 1201 σφι
1160 1121 1212 1198 είη

209 1217 417 1307 αίρετότερα.
458 1223 493 1286 oc
515 1220 552 1286 δὲ
573 1223 704 1306 ἔφασαν
725 1215 853 1287 πολλόν
874 1216 959 1286 είναι
973 1215 1085 1286 αὑτῶν
1098 1211 1135 1283 τό
1150 1213 1213 1300 με’-

209 1336 287 1385 σον·
324 1314 386 1404 τὴν
406 1313 552 1405 μὲνγὰρ
572 1318 740 1404 προτέρην
762 1313 892 1403 ἡμέρην
903 1315 1011 1385 πάντα
1021 1318 1115 1399 σφίσι
1123 1308 1211 1381 κακά

208 1421 313 1502 ἔχειν,
333 1411 395 1503 την
416 1414 452 1482 δὲ
473 1411 547 1484 τότε
561 1421 755 1503 παρεοῦσαν
769 1413 880 1482 πάντα
894 1412 1018 1500 ἀγαθά.
1058 1419 1212 1498 παραλα-

207 1517 279 1605 βών
293 1520 330 1584 δὲ
350 1523 448 1585 τοῦτο
468 1513 505 1583 τό
527 1521 605 1596 ἔπος
625 1514 644 1585 ὁ
659 1523 774 1604 Κῦρος
787 1515 1007 1603 παρεγύμνου
1022 1512 1083 1583 τὸν
1099 1511 1211 1582 πάντα

207 1616 327 1704 λόγον,
343 1617 467 1702 λέγων·
501 1614 639 1704 ’Ἄνδρες
653 1618 798 1703 Πέρσαι,
813 1614 902 1683 οὑτω
916 1613 998 1702 ὑμῖν
1015 1618 1096 1700 έχει·
1124 1621 1212 1702 βου-

207 1718 378 1801 λομένοισι
401 1716 464 1801 μὲν
489 1717 565 1801 ἐμέο
590 1721 772 1784 πείθεσθαι
797 1720 866 1783 έστι
889 1712 969 1782 τόδε
994 1714 1104 1780 τεκαὶ
1125 1709 1211 1779 ἀλλα

207 1819 312 1900 μυρία
331 1809 462 1901 ἀγαθοὶ,
484 1811 608 1882 οὐδένα
630 1814 739 1882 πόνον
761 1812 991 1899 δουλοπρεπέα
1006 1817 1132 1898 έχουσι·
1162 1808 1210 1897 μὴ

206 1912 441 2000 βουλομένοισι
472 1913 508 1981 δὲ
524 1912 609 2003 [ἐμέο
638 1913 830 2003 πείθεσθαι]
845 1915 907 1983 είσλ
931 1910 1013 2000 ὑμῖν
1037 1909 1137 1981 πόνοι
1162 1919 1212 2003 τῷ

205 2017 308 2104 χθιζῷ
328 2011 554 2101 παραπλήσιοι
575 2011 809 2102 ἀναρίθμητοι.
851 2020 919 2082 νῦν
934 2006 983 2083 όν
997 2016 1072 2101 έμέο
1085 2012 1211 2083 πευθό-

205 2136 301 2198 μενοι
324 2115 463 2197 γίνεσθε
488 2110 671 2201 έλεόθεροι.
716 2109 818 2192 αὑτός
840 2138 878 2180 τε
903 2109 968 2199 γάρ
996 2112 1101 2179 δοκέοι
1127 2118 1210 2200 θείη

203 2208 287 2296 τὺχη
301 2205 448 2294 γεγονιὺς
461 2208 541 2276 τόδε
555 2212 587 2288 ές
602 2226 711 2297 χεῖρας
727 2209 881 2297 ἀγεσθαι,
895 2212 951 2279 καὶ
964 2207 1067 2297 ὑμέας
1081 2207 1210 2297 ἥγημαι
1255 2278 1256 2283 ,

205 2305 331 2392 ἀνδρας
350 2304 483 2392 Μήδων
500 2304 584 2375 εἶναι
600 2304 639 2373 οὑ
650 2309 899 2397 φλαυροτέρους
915 2305 993 2377 οὔτε
1007 2301 1112 2377 τᾶλλα
1127 2304 1210 2376 οὔτε

204 2400 245 2470 τά
259 2403 408 2488 πολέμια.
443 2398 486 2479 ὡς
501 2394 550 2470 ἀν
564 2403 709 2490 ἐχόντων
724 2400 789 2476 ὦδε
805 2406 991 2476 ἀπίστασθε
1013 2400 1066 2474 ἀπ’
1089 2403 1210 2473 Ἀστυ-

205 2500 303 2587 ἀγεος
319 2499 381 2587 την
397 2509 563 2590 ταχίστην.

136 2610 187 2666 127
285 2600 413 2687 Πέρσαι
432 2599 495 2686 μέν
513 2625 580 2666 νυν
599 2600 792 2686 προστάτεω
815 2603 1050 2692 ἐπιλαβόμενοι
1065 2600 1209 2689 ἀσμενοι

201 2699 467 2789 ἠλευθεροῦντο,
492 2699 548 2766 καί
570 2698 673 2768 πάλαι
694 2700 810 2770 δεινόν
829 2702 1025 2790 ποιεύμενοι
1039 2697 1106 2770 ὑπὸ
1122 2699 1208 2788 Μή-

202 2804 273 2866 δων
289 2795 459 2883 ἄρχεσθαι.
499 2794 680 2884 Ἀστυάγης
695 2798 732 2866 δὲ
746 2797 791 2879 ὡς
805 2799 948 2869 ἐπύθετο
964 2807 1082 2888 Κῦρον
1095 2796 1209 2886 πρήσ-

202 2915 304 2964 σοντα
323 2901 444 2982 ταῦτα,
465 2897 596 2982 πέμψας
609 2894 753 2984 ἀγγελον
768 2897 883 2966 έκάλεε
897 2894 1011 2967 αὑτόν.
1044 2894 1062 2966 ὁ
1078 2899 1208 2964 &2103-

201 3020 260 3082 ρος
283 2995 415 3063 ἐκέλευε
437 2991 499 3062 τδν
523 2992 667 3081 ἀγγελον
692 2993 932 3085 ἀπαγγέλλειν,
958 2994 1010 3066 ὅτι
1035 2994 1208 3082 πρότερον

200 3093 271 3179 ἥξει
305 3088 385 3179 παρ’
418 3093 564 3176 ἐκείνου,
597 3087 619 3178 ἢ
649 3090 751 3173 αὑτός
773 3092 955 3184 Ἀστυάγης
990 3095 1205 3182 βουλήσεται.

201 3187 349 3268 ἀκοόσας
362 3191 399 3256 δὲ
412 3194 516 3256 ταῦτα
531 3185 549 3257 ὁ
568 3186 750 3278 Ἀστυάγης
765 3192 910 3280 Μήδους
923 3220 959 3262 τε
974 3193 1099 3265 ὥπλισε
1111 3195 1209 3263 πάν-
1249 3272 1250 3283 ¹

199 3314 274 3375 τας,
298 3289 355 3354 καλ
373 3283 560 3373 στρατηγόν
580 3284 693 3356 αὐτῶν
715 3287 799 3375 όστε
820 3290 1011 3382 θεοβλαβὴς
1030 3290 1097 3362 ίὺν
1118 3291 1208 3364 ἀπέ-

200 3388 273 3467 δεξε
285 3382 473 3472 Ἅρπαγον,
498 3383 610 3474 λη’θην
628 3387 828 3476 ποιεόμενος
847 3390 889 3459 τοὶ
910 3418 970 3479 μιν
989 3391 1111 3482 ἐόργεε.
1157 3389 1208 3472 ὡς
1248 3420 1249 3453 ι

199 3488 232 3558 δ’
254 3492 289 3560 οί
299 3490 415 3575 Μῆδοι
428 3485 709 3576 στρατευσόμενοι
723 3503 808 3559 τοῖσι
821 3494 970 3582 Πέρσησι
984 3495 1206 3584 συνέμισγον,
1247 3572 1248 3583 ¹

1238 3810 1246 3901 ί
