2566 3934
202 294 261 358 102
574 299 826 358 HERODOTI

200 464 267 526 τῶν
280 464 397 544 μηνῶν
410 453 431 545 ἡ
443 454 542 546 λοιπη
557 465 647 526 πάσα
658 455 757 545 Ἀσίη.
781 457 870 526 οὕτω
883 466 1078 548 τριτημορίη
1093 457 1114 547 ἡ
1127 456 1204 527 Ἀσ-

200 565 299 647 συρίη
313 557 404 644 χῶρη
418 564 458 647 τῇ
473 558 598 643 δυνάμι
612 564 670 645 τῆς
684 555 786 644 άλλης
800 555 915 646 Ἀσίης.
938 560 994 628 καλ
1010 557 1033 647 ἡ
1047 556 1130 647 ἀρχὴ
1145 565 1204 645 της

198 657 308 745 χῶρης
320 657 460 743 ταύτης,
477 652 539 742 την
550 661 585 723 οί
592 658 721 744 Πέρσαι
732 662 941 744 σατραπηίην
951 660 1118 743 καλέουσι,
1133 657 1203 724 ἐστὶ

184 773 187 778 “
200 755 357 825 ἁπασέων
370 761 438 823 τῶν
453 753 581 841 ἀρχέων
591 756 719 824 πολλόν
730 781 762 823 τι
772 762 946 844 κρατίστη,
961 753 1044 823 ὅκου
1058 761 1203 842 Τριτανι
1269 806 1270 809 ¹

200 862 318 944 ταίχμη
327 861 373 946 τῶ
383 852 586 940 Ἀρταβάζου
598 856 634 922 ἐκ
644 858 798 942 βασιλέος
809 860 917 941 ἔχοντι
929 851 990 921 τὸν
999 852 1108 941 νομόν
1120 861 1198 922 τοῦ·

200 983 259 1025 τον
274 954 440 1043 ἀργυρίου
452 955 513 1041 μέν
523 956 664 1043 προσήιε
675 956 813 1040 ἑκάστης
822 953 947 1044 ἡμέρης
960 951 1087 1043 ἀρτάβη
1098 954 1201 1042 μεστή

146 1100 151 1105 -
200 1052 235 1143 (ἡ
253 1056 289 1124 δὲ
303 1052 431 1142 ἀρτάβη
446 1057 568 1141 μέτρον
583 1051 641 1122 έδν
650 1052 821 1139 Περσικόν
830 1056 946 1141 χωρέει
957 1058 1118 1141 μεδίμνου
1128 1051 1202 1122 Ἀτ-

200 1160 296 1223 τικοῦ
318 1156 421 1222 πλέον
434 1155 555 1238 χοίνιξι
574 1153 661 1237 τρισὶ
672 1147 865 1240 Ἀττικῇσι),
886 1154 982 1219 ἵπποι
997 1153 1036 1219 δέ
1049 1157 1083 1220 οί
1095 1148 1202 1219 αὐτού

198 1245 286 1340 ἦσαν
306 1255 389 1340 ίδίη,
410 1250 514 1338 πάρεξ
534 1256 602 1317 τῶν
621 1256 902 1337 πολεμιστηρίων,
924 1255 958 1319 ολ
977 1251 1038 1336 μέν
1059 1248 1200 1337 ἀναβοί-
1269 1300 1270 1305 1

165 1407 168 1412 .
199 1374 315 1427 νοντες
328 1344 387 1426 τάς
400 1347 525 1434 θηλέας
539 1341 744 1434 ὀκτακόσιοι,
760 1351 796 1415 αί
808 1348 844 1416 δέ
859 1346 1055 1437 βαινόμεναι
1070 1351 1199 1429 ἑξακισ-

198 1457 298 1534 χίλιαι
320 1450 375 1516 καλ
399 1446 530 1532 μύριαι·
553 1442 710 1532 ἀνέβαινε
728 1442 794 1532 γάρ
816 1449 952 1525 ἕκαστος
970 1453 1039 1514 τῶν
1053 1448 1194 1533 ἐρσένων

198 1543 329 1614 τούτων
344 1553 448 1612 είκοσι
463 1540 595 1621 ἵππους.
618 1549 734 1610 κυνῶν
749 1543 785 1611 δέ
795 1541 945 1614 Ἰνδικῶν
958 1550 1098 1612 τοσοῦτο
1113 1543 1154 1631 δή
1168 1570 1199 1611 τι

201 1650 331 1730 πλῆθος
352 1643 524 1729 ἐτρέφετο,
547 1639 630 1710 ῶστε
643 1642 794 1730 τέσσερες
812 1649 880 1710 τῶν
900 1645 938 1711 ἐν
955 1648 1002 1734 τῶ
1016 1647 1118 1734 πεδίφ
1132 1650 1200 1711 κῶ-

200 1766 261 1828 μαι
274 1737 415 1826 μεγάλαι
425 1744 494 1807 τῶν
504 1738 615 1808 ἀλλων
627 1742 742 1807 έοῦσαι
756 1737 884 1819 ἀτελέες
894 1754 978 1808 τοῖσι
989 1742 1066 1809 κυσὶ
1076 1760 1204 1829 προσε«

198 1835 355 1924 τετὰχατο
375 1844 463 1905 σιτία
484 1839 648 1925 παρέχειν.
679 1845 816 1907 τοιαῦτα
839 1838 901 1924 μέν
921 1845 967 1929 τῷ
988 1837 1123 1925 ἀρχοντι
1140 1846 1200 1927 τῆς

134 1953 182 2009 193
196 1945 399 2026 Βαβυλῶνος
410 1933 538 2023 ὑπῆρχε
552 1934 659 2004 έόντα.
681 1932 727 2002 Ἡ
734 1937 769 2005 δὲ
779 1943 822 2023 γῆ
833 1944 900 2004 τῶν
910 1933 1093 2021 Ἀσσυρίωυ
1103 1933 1198 2005 ύεται
1269 2022 1270 2027 ¹

198 2037 261 2125 μέν
283 2034 401 2128 όλίγηι,
424 2037 479 2104 καί
502 2030 540 2102 τό
564 2035 726 2123 ἐκτρέφον
745 2031 808 2121 τὴν
831 2038 923 2124 ῥίζαν
944 2041 1005 2102 τοῦ
1021 2039 1114 2101 σίτου
1130 2036 1200 2104 ἐστὶ

197 2142 306 2205 τοῦτο.
331 2132 521 2223 ἀρδόμενον
536 2136 657 2220 μέντοι
671 2134 707 2202 ἐκ
728 2140 789 2200 τοῦ
803 2139 954 2219 ποταμοῦ
970 2129 1152 2220 ἁδρύνεταί
1162 2159 1200 2201 τε

198 2230 236 2303 τό
251 2232 349 2324 ληίου
363 2235 419 2301 καὶ
434 2237 651 2318 παραμένωσι
666 2228 684 2300 ’ὁ
701 2247 804 2320 σῖτος,
826 2229 883 2318 ού,
912 2228 1056 2325 κατάπερ
1084 2233 1121 2299 έν
1134 2237 1202 2300 Αἰ·
1269 2228 1270 2231 “

197 2331 329 2422 γύπτφ,
352 2326 457 2398 αὐτοῦ
471 2334 534 2399 τού
547 2336 699 2417 ποταμοῦ
713 2329 953 2419 ἀναβαίνοντος
973 2333 1006 2411 ές
1019 2328 1077 2410 τὰς
1091 2325 1201 2417 ἀρού-

199 2455 277 2518 ρας,
299 2423 382 2495 ἀλλά
404 2433 500 2514 χερσί
511 2453 547 2497 τε
564 2431 620 2497 καὶ
637 2435 852 2516 κηλωνηίοισι
872 2426 1065 2516 ἀρδόμενος.
1093 2426 1199 2517 ἡγάρ
1269 2484 1270 2487 .

196 2529 396 2613 Βαβυλωνίη
420 2523 511 2614 χῶρη
531 2533 638 2615 πάσα,
676 2523 823 2617 κατάπερ
849 2525 1072 2616 ἡΑίγυπτίη,
1092 2554 1200 2597 κατα·
1269 2564 1270 2589 ι

153 2665 159 2673 ·
196 2626 349 2712 τέτμηται
363 2625 397 2702 ές
410 2623 589 2713 διῶρυχας·
610 2623 699 2713 καλὴ
714 2633 850 2714 μεγίστη
863 2632 932 2694 τῶν
943 2625 1116 2714 διωρύχων
1128 2628 1200 2696 ἐστὶ
1269 2636 1270 2715 J

199 2722 453 2811 νηυσιπέρητος,
476 2723 561 2813 πρὸς
579 2722 678 2811 ἥλιον
689 2727 896 2814 τετραμμένη
918 2722 978 2793 τόν
995 2723 1199 2814 χειμερινόν,
1269 2756 1270 2815 j

198 2827 301 2910 έσέχει
316 2821 351 2890 δέ
377 2823 410 2901 ἐς
429 2821 532 2892 ἀλλον
557 2823 708 2912 ποταμὸν
733 2828 769 2895 έκ
788 2832 849 2895 τού
863 2822 1065 2914 Εὐφρήτεω,
1089 2826 1122 2904 ἐς
1135 2823 1201 2894 τόν

200 2928 333 3010 Τίγριν,
357 2917 437 3008 παρ’
460 2918 500 2990 δν
512 2929 619 3003 Νίνος
637 2924 734 3004 πόλις
755 2934 877 3012 οἴκητο.
912 2928 980 2992 ἐστι
1002 2923 1039 2992 δέ
1060 2925 1201 3011 χωρέων

197 3013 281 3106 αὕτη
297 3013 453 3086 ἁπασέων
465 3028 581 3112 μακρῷ
596 3020 713 3109 ἀρίστη
724 3028 792 3089 τῶν
804 3020 898 3109 ἡμεῖς
912 3026 1008 3108 ίδμεν
1017 3021 1200 3109 Δήμητρος
1269 3022 1270 3025 '

195 3113 326 3204 καρπὸν
337 3117 500 3202 ἐκφέρειν.
521 3115 562 3186 τὰ
573 3115 638 3208 γὰρ
650 3116 691 3205 δη
703 3116 786 3208 ἀλλα
797 3121 936 3208 δένδρεα
950 3116 1029 3188 ούδέ
1043 3125 1201 3207 πειρῶται

195 3210 301 3304 ἀρχὴν
316 3215 449 3301 φέρειν,
471 3212 549 3284 οάτε
568 3220 694 3304 συκέην
706 3216 788 3295 ,οὔτε
808 3215 958 3304 ἄμπελον
978 3214 1055 3285 οὔτε
1069 3218 1198 3304 ἐλαίην.

194 3312 254 3383 τὸν
270 3310 306 3381 δέ
322 3318 380 3398 της
392 3310 572 3400 Δήμητρος
592 3313 724 3402 καρπόν
739 3308 804 3384 ῶδε
819 3312 931 3403 ἀγαθὴ
948 3317 1102 3402 ἐκφέρειν
1116 3317 1199 3404 ἐστὶ,

196 3411 279 3480 ῶστε
297 3409 349 3477 ἐπὶ
369 3408 522 3496 διηκόσια
535 3411 597 3497 μέν
618 3411 655 3484 τό
671 3415 831 3504 παράπαν
850 3411 1020 3502 ἀποδιδοῖ,
1037 3410 1141 3483 ἐπεάν
1159 3416 1201 3484 δέ

194 3507 312 3595 ἀριστα
327 3504 410 3596 αὕτη
431 3509 556 3598 ἐωντῆς
576 3514 703 3604 ένείκη,
726 3517 779 3583 έπλ
797 3513 972 3603 τριηκόσια
986 3514 1128 3601 ἐκφέρει.
1154 3511 1199 3583 τά
