2562 3926
310 242 592 315 κιαιιωαο.
623 262 777 320 lae-141
867 249 870 255 '
983 251 1049 321 189

130 409 289 495 636²
266 440 331 503 αρα
356 423 507 502 οἴχεσθαι
531 411 593 485 τόν
618 422 771 486 Αἰθίοπα
801 419 890 499 ἐξΛ
890 419 1044 509 ίγύπτου,
1059 440 1113 497 140

67 502 145 591 αὖτις
163 510 223 581 τόν
246 511 416 600 τυφλόν’
401 513 516 600 άρχειν
542 515 580 582 έκ
603 521 673 583 τόν
698 512 843 584 ἑλέων’
824 518 1041 607 απικόμενον,

66 613 136 678 ἔνθα
153 613 357 701 πεντήκοντα
379 617 452 681 ἔτεα
472 619 579 698 νῆσον
598 613 709 699 χόσας
735 617 849 706 σποδῷ
868 641 905 683 τε
925 619 980 686 καί
999 623 1042 706 γῇ

66 709 191 777 ο·ίκεε”
170 737 257 792 οκως
275 710 340 799 γάρ
362 715 396 779 οί
412 717 535 797 φοιτᾶν
561 725 655 780 σῖτον
679 710 822 798 ἄγοντας
846 719 1041 800 Αίγυπτίων

65 802 100 886 ός
115 808 273 879 ἑκάστοισι
292 809 537 897 προστετάχθαι
552 817 631 899 σιγῇ
647 817 710 877 τοῦ
722 816 905 899 Αίθίοπος,
927 814 960 890 ἐς
980 809 1042 900 τὴν
1082 866 1086 867 ⁷

65 905 175 995 δωρεὴν
193 910 344 979 κελεύειν
365 911 468 996 σῳέας
489 910 544 977 καί
567 905 696 976 σποδόν
717 914 871 995 κομίζειν.
915 909 1041 997 ταύτην

62 1000 111 1091 τὴν
122 1012 220 1094 νῆσον
234 1005 344 1086 οὐδεὶς
357 1007 524 1095 πρότερον
540 1006 713 1093 ἐδυνάσθη
733 1004 933 1095 Ἀμυρταίου
947 1011 1042 1089 ἐξευ-

63 1115 134 1187 ρεῖν,
154 1100 224 1173 ἀλλ’
251 1111 324 1174 ἔτεα
340 1107 393 1174 ἐπὶ
413 1109 502 1181 πλέω
515 1101 538 1192 ἢ
553 1105 734 1174 ἑπτακόσια
748 1103 811 1176 ούκ
825 1102 938 1176 οἷοίτε
951 1101 1039 1196 ἦσαν

63 1196 149 1288 αύτήν
166 1200 322 1293 άνευρεῖν
335 1209 370 1274 οί
381 1204 539 1294 πρότεροι
553 1205 732 1292 γευόμενοι
748 1209 899 1292 βασιλέες
916 1203 1039 1295 Ἀμυρ-

63 1306 153 1395 ιαίοῳ·
184 1298 314 1389 ούνομα
335 1300 371 1370 66
391 1302 495 1391 ταύτῃ
515 1309 555 1392 τῇ
575 1302 668 1394 νήσῳ
689 1299 809 1390 Ἐλβύ,
836 1307 984 1391 μέγαθος
1004 1301 1036 1373 6'

63 1394 115 1464 ἔστί
126 1397 227 1490 πάντῃ
242 1404 323 1469 δέκα
337 1405 490 1469 σταδίων.

128 1497 218 1567 Μετὰ
245 1500 282 1569 δέ
302 1506 423 1568 τούτου
443 1506 640 1587 βασιλεῦσαι
658 1497 721 1570 τόν
742 1503 815 1586 ἱρέα
835 1507 897 1567 τοῦ
916 1498 1038 1587 Ἡφαί-
1055 1520 1103 1575 141

62 1607 139 1682 στου,
157 1603 201 1688 τῳ
216 1595 348 1684 ούνομα
363 1595 447 1667 εἶναι
462 1600 626 1667 Σεθύν·
657 1597 719 1668 τόν
733 1602 771 1669 έν
785 1596 936 1688 άλογίχσι
950 1605 1037 1687 ἔχειν

63 1695 339 1783 παραχρησάμενον
366 1705 434 1765 των
460 1703 612 1785 μαχίμων
636 1703 832 1785 Αἰγυπτίων
862 1696 906 1778 ὡς
936 1696 1037 1767 ούὸὲν

62 1791 240 1908 ίεχσόμενον
260 1793 390 1882 αύτῶν,
418 1794 502 1866 ύλλα
522 1822 558 1864 τε
577 1793 618 1884 δὴ
624 1796 736 1919 ἄτιμα
752 1803 912 1867 ποιεῦντα
926 1800 959 1877 ἐς
973 1795 1037 1865 αύ-

61 1888 135 1977 τούς,
159 1904 216 1965 καί
227 1916 335 1984 σφεας
349 1893 577 1987 ἀπελέσθαι
540 1924 600 1976 τας
614 1893 779 1987 ἀρούρας,
800 1914 886 1967 τοῖσι
902 1901 1036 1968 ἐπὶτῶν

60 1997 219 2119 προτέρων
225 2000 394 2085 βασιλέων
414 1998 574 2075 δεδόσθαι
596 2002 783 2087 ἐξαιρέτους
804 1999 929 2092 ἑκάστῳ
946 2002 1037 2070 βατό-

61 2090 150 2157 δεκα’
134 2086 287 2184 αρούρας.
332 2094 413 2184 μετά
434 2097 470 2166 δὲ
489 2095 542 2167 ἐπ’
564 2107 740 2186 Αἴγυπτον
758 2068 916 2167 ἐλαύνειν
934 2118 1036 2187 στρα-

60 2189 156 2282 τόνμέ
139 2225 215 2284 γαν
228 2199 471 2288 Σαναχάριβον
484 2205 622 2288 βασιλέα
644 2197 808 2287 Ἀραβίων
828 2225 863 2267 τε
887 2201 942 2267 καὶ
961 2195 1036 2266 Ἀσ-
1094 2221 1097 2227 ’

60 2299 178 2379 σορίων·
200 2295 264 2367 ούκ
288 2291 338 2366 οἷν
354 2295 397 2421 διχ
415 2301 546 2368 ἐθέλειν
558 2295 638 2380 τούς
657 2304 820 2422 μαχίμους
839 2325 908 2367 των
926 2304 1036 2386 Αίγυ·

59 2398 142 2462 ττωνί
101 2400 336 2485 ωνβωθέειν·
363 2396 423 2467 τόν
445 2401 481 2468 θὲ
500 2403 572 2485 ίρέα
594 2402 627 2479 ές
647 2396 791 2488 άπορίην
812 2395 1035 2487 ἀπειλημένον

59 2488 215 2564 ἐσελθόντα
232 2499 267 2576 ές
287 2493 326 2564 τό
348 2501 494 2585 μέγαρον
517 2496 601 2585 πρὸς
618 2496 774 2586 τῶγαλμα
791 2495 1035 2587 άποὸύρεσθαι,

58 2581 98 2654 οἷα
122 2595 312 2664 κινδυνεύει
341 2606 481 2665 παθεῖν
530 2593 787 2684 ὀλοφυρόμενον
815 2596 847 2666 6'
881 2598 947 2687 άρα
975 2623 1034 2685 μιν

57 2684 228 2762 ἕτελθεῖν”
204 2718 336 2780 υπνον,
369 2721 424 2763 και
418 2699 470 2764 ὀί
484 2696 578 2776 δόξαι
598 2698 685 2764 ἐν
646 2723 685 2784 τῳ
702 2692 760 2778 όιγι
775 2694 1008 2766 ἐπιστάντα
973 2723 1035 2765 τον

27 2832 28 2837 1
55 2784 122 2855 θεόν
133 2790 376 2881 θαρσύνειν,
355 2820 400 2873 ως
414 2791 515 2864 οὐδὲν
526 2792 710 2863 πείσεται”
687 2820 784 2882 αχαρι
799 2791 1007 2878 ἀντιάζων
973 2822 1034 2865 τον

26 2932 27 2975 χ
53 2876 190 2975 Ἀραβίων
215 2891 379 2978 στρατόν·
411 2890 512 2973 αύτός
538 2919 605 2982 γαρ
629 2898 664 2962 ο
686 2897 829 2982 πέμψειν
855 2896 1030 2982 τιμωρούς.

54 2984 178 3057 τούτοισι
192 2990 234 3080 δή
249 3018 311 3078 μιν
330 2997 475 3065 πίσυνον
489 3007 575 3061 τοισι
590 2994 777 3062 ἐνυπνίοισι
796 2993 1033 3084 παραλαβόντα
1130 3052 1134 3065 .

55 3085 223 3169 Αἰγυπτίων
238 3086 321 3169 τούς
334 3093 562 3178 βουλομένους
583 3096 618 3161 οί
634 3094 775 3161 ἕπεσθαι
790 3095 1046 3181 στρατοπεδεύ-

55 3191 156 3254 σασθαι
169 3188 206 3254 έν
219 3193 403 3281 Πηλουσίῳ
420 3190 539 3280 (ταύτῃ
553 3190 618 3276 γάρ
633 3197 696 3259 είσι
716 3195 753 3259 αί
766 3193 930 3280 έσβολαβ·
955 3194 1034 3260 ἕπε-

52 3289 116 3355 σθαι
135 3291 174 3359 δέ
193 3294 229 3362 οἱ
248 3294 321 3361 τῶν
342 3296 497 3380 μαχίμων
518 3289 581 3379 μὲν
604 3287 729 3360 ούὸένα
752 3287 904 3379 άνόρύν,
927 3285 1033 3373 καπή-

53 3387 114 3468 λους
134 3392 168 3461 δὲ
193 3393 251 3462 καὶ
283 3391 506 3482 χειρώνακτας
531 3392 588 3460 καὶ
614 3388 796 3482 άγοραίους
822 3386 1034 3475 ἀνθρώπους.

50 3483 178 3569 ἐνθαῦτα
195 3491 420 3595 ἀπικομένου,
437 3505 523 3571 τοίσι
541 3495 717 3571 ἐναντίοισι
735 3485 954 3589 ἐπιχυθέντας
970 3511 1036 3558 νυ·
