2566 3934
340 222 487 281 616611.
531 222 626 284 cAP.
659 230 747 284 21-
756 227 799 286 ι6.
1009 218 1072 287 127

96 400 141 463 την
161 377 248 462 οἰκός
276 387 380 470 διψῆν
403 409 438 452 τε
466 381 602 452 ὑδάτων
626 384 769 470 μάλιστα
794 384 903 454 καὶ
867 413 907 454 τα
927 383 1071 475 ένχάρια

70 464 216 564 βεόματα
230 489 455 572 μαραίνεσθαι
469 489 537 551 τῶν
554 489 722 570 ποταμῶν
760 479 818 563 Ὡς
839 482 875 551 δέ
896 486 932 552 έν
952 485 1068 553 πλέονι
1081 499 1117 555 25

92 573 162 692 λόγῳ
180 584 343 669 δηλῶσαι,
368 573 434 650 ωδε
455 587 538 669 ἔχει·
568 578 701 663 διεξιόν
721 587 780 670 τῆς
796 580 924 702 Λιβύης
942 580 983 650 τὰ
998 579 1068 651 ἅνω

89 667 192 761 δόλιος
203 680 284 748 τάδε
293 679 459 750 ποιέει·“
435 705 493 748 ατε
509 677 564 748 διὰ
580 678 705 760 παντὸς
718 686 779 748 τοῦ
792 678 919 769 χρόνου
932 685 1068 801 αίθρίου

87 800 114 841 ιε
127 776 230 860 ἐόντος
244 785 307 849 τοῦ
322 777 420 868 ἠέρος
436 785 498 847 τοῦ
519 775 602 847 κατά
617 785 720 863 ταῦτα
739 776 780 846 τά
798 785 903 864 χωρία
919 782 975 847 καλ
992 777 1069 847 ιἰλε-

34 920 35 953 3
87 881 160 962 εινῆς
174 884 230 966 τῆς
243 877 354 968 χοόρης
369 875 507 964 έοάσης,
535 873 599 945 οόκ
625 875 752 945 ἐόντων
770 873 905 965 άνέμων
919 882 1067 965 ψυχρῶν,

86 971 200 1054 διεξιόν
215 980 321 1047 ποιέει
335 971 410 1044 οἷόν
430 999 493 1064 περ
510 978 566 1045 καλ
582 973 618 1044 τό
636 976 738 1066 θέρος
755 983 842 1046 ἔωθε
863 980 989 1046 ποιέειν
1006 974 1068 1045 λων

34 1068 36 1171 ξ
85 1071 114 1140 τό
127 1078 299 1167 μέσοντοῦ
315 1074 473 1161 οὐρανοῦ.
512 1081 599 1146 ἕλκει
617 1074 681 1168 χάρ
698 1074 751 1145 ἐπ’
770 1076 896 1148 ἑωυτὸν
909 1075 946 1148 τὸ
962 1076 1066 1166 ὕδωρ,

34 1176 36 1209 ²
86 1173 207 1255 ἑλκύσας
220 1176 257 1245 δὲ
278 1173 427 1246 άπωθέει
441 1178 475 1256 ές
490 1174 531 1245 τά
546 1173 618 1244 άνω
632 1183 752 1265 χωρία,
773 1175 1067 1266 ὑπολαμβάνοντες

86 1274 114 1339 δὲ
126 1277 156 1341 οί
167 1271 284 1363 ἄνεμοι
301 1277 357 1344 καλ
373 1276 624 1363 διασκιδνάντες
645 1276 799 1362 τήκουσι·
824 1283 883 1344 καί
897 1282 960 1344 είσι
975 1273 1067 1343 οίκό-

84 1399 135 1491 ρος
147 1379 178 1443 ολ
189 1372 253 1444 άπὸ
268 1373 391 1462 ταύτης
406 1382 464 1463 τῆς
480 1375 590 1465 χάρης
611 1376 784 1461 πνέοντες,
813 1371 882 1441 ὅτε
900 1374 998 1452 νότος
1012 1374 1067 1440 καλ

85 1572 116 1637 δέ
135 1598 188 1659 μοι
212 1573 294 1644 οὐδὲ
318 1581 387 1643 πάν
413 1572 450 1644 τό
471 1574 565 1663 ὕδωρ
586 1574 623 1644 τό
648 1577 783 1644 έπέτεον
806 1572 960 1642 ἑκάστοτε
981 1569 1067 1639 άπο-

86 1673 255 1758 πέμπεσθαι
269 1681 333 1743 τοῦ
346 1683 473 1746 Νείλου
489 1673 507 1744 ό
523 1673 628 1764 ἥλιος,
654 1671 738 1743 άλλὰ
753 1676 809 1743 καὶ
824 1671 1066 1744 ὑπολείπεσθαι

84 1774 144 1855 περὶ
157 1772 292 1843 ἑωυτόν.
329 1777 568 1863 πρηϋνομένου
582 1775 618 1842 δέ
633 1779 693 1842 τοῦ
711 1779 872 1860 χειμῶνος
892 1770 1066 1859 ἀπέρχεται

85 1863 190 1957 όῆλιος
209 1875 242 1952 ές
267 1873 372 1959 μέσον
386 1870 446 1941 τόν
466 1869 617 1962 οὐρανόν
632 1870 753 1959 ὀπίσω,
781 1874 837 1939 καὶ
850 1869 886 1940 τό
905 1874 1065 1940 ἐνθεῦτεν

53 1968 56 1973 ⁴
83 1963 133 2056 ἤδη
150 1968 269 2059 ὁμοίως
293 1969 358 2040 ἀπό
379 1972 517 2041 πάντων
540 1975 628 2041 ἕλκει
642 1978 710 2041 τῶν
727 1976 893 2058 ποταμῶν.
933 1971 1013 2049 τέως
1028 1971 1064 2038 δὲ

84 2069 174 2157 οἱμὲν
187 2069 333 2163 ὀμβρίου
347 2071 470 2154 ’ὕδατος
490 2074 764 2161 συμμισγομένου
780 2077 906 2138 πολλοῦ
924 2067 1063 2154 αὐτοῖσι,

84 2166 128 2238 διε
139 2169 280 2264 ὑομένης
295 2201 331 2244 τε
351 2202 409 2264 της
422 2176 531 2265 χώρης
546 2178 601 2245 καλ
617 2175 930 2263 κεχαραδρωμένης,
951 2173 1065 2260 ῥέουσι

82 2271 218 2362 μεγάλοι,
240 2283 305 2344 τοῦ
326 2278 363 2373 δὲ
385 2281 504 2362 θέρεος
524 2304 593 2346 των
607 2303 648 2345 τε
669 2273 806 2366 όμβρων
826 2271 1065 2344 ἐπιλειπόντων

82 2366 185 2452 αὐτοὺς
204 2371 303 2442 καλ*
285 2367 353 2443 υπό
373 2401 436 2444 τον
420 2373 550 2464 ηλίον
571 2375 744 2463 ελκόμενοι
761 2372 920 2453 ἀσθενέες
937 2377 1007 2442 είσί.
1045 2368 1063 2440 ὁ

81 2468 235 2555 δὲΝείλος
252 2471 318 2543 έάν
335 2473 521 2566 άνομβρος,
544 2477 722 2564 ἑλκόμενος
743 2474 813 2544 δὲ
795 2473 861 2545 νπδ
877 2500 938 2543 τον
920 2469 1062 2561 ηλίου,

80 2574 188 2651 μοῦνος
217 2580 379 2660 ποταμων
408 2582 530 2645 τοῦτον
557 2572 617 2643 τδυ
646 2574 772 2664 χρόνον
798 2573 935 2651 οἰκότως
963 2568 1064 2650 αὐτὸς

79 2664 189 2737 ἑαυτοῦ
209 2673 280 2760 βέει
300 2679 412 2765 πολλῷ
433 2668 721 2761 ὑποδεέστερος”
697 2701 719 2760 η
743 2678 804 2741 τοῦ
826 2671 961 2760 θέρεος·
988 2668 1064 2738 τότε

79 2764 176 2845 μὲν
140 2793 202 2856 χαρ
215 2766 300 2856 μετὰ
315 2771 453 2841 πάντων
469 2799 538 2841 των
552 2770 688 2843 ὑδάτων
703 2781 777 2840 ἴσον
793 2773 931 2861 ἕλκεται,
951 2766 1012 2837 τόν
1026 2770 1063 2836 δὲ

77 2871 207 2950 λειμῶνα
232 2875 360 2955 μοῦνος
384 2875 534 2954 πιέζεται.
575 2869 666 2939 οὕτω
691 2868 754 2939 τόν
774 2867 872 2958 ἥλιον
901 2865 1063 2955 νενόμικα

77 2961 190 3034 τοότων
203 2977 314 3037 αἴτιον
328 2966 422 3039 εἶναι.
454 2976 569 3049 Αίτιος
584 2967 660 3038 δὲ’
636 2967 744 3049 ωυτός
759 2961 856 3048 οὗτος
870 2961 954 3036 κατά
968 2964 1059 3053 γνά-
1074 2979 1109 3034 26

75 3083 132 3147 μην
145 3060 207 3152 την
223 3062 307 3154 έμην
321 3069 376 3136 καὶ
392 3064 452 3135 τόν
468 3065 550 3155 ἠέρα
566 3066 668 3155 ξηρόν
678 3064 739 3137 τόν
755 3068 859 3158 ταότη
874 3064 969 3152 εἶναι,
988 3069 1062 3134 δια-

76 3162 215 3230 καίων
177 3190 240 3250 την
257 3165 436 3248 διέξοδον
418 3170 562 3236 εωυτοό
590 3165 679 3238 οὕτω
704 3196 762 3258 της
780 3166 909 3257 Λιβύης
928 3162 970 3234 τά
990 3161 1061 3230 άνω

76 3260 163 3345 δέρος
176 3265 241 3331 aasz
256 3266 394 3350 κατέχει.
435 3269 466 3335 εί
477 3262 546 3334 δὲ’
528 3293 549 3353 η
566 3264 680 3347 στάσις
695 3264 838 3355 ηλλακτο
851 3291 920 3333 των
934 3261 1060 3351 ὦρέων,

77 3358 121 3425 ωδ
137 3367 197 3429 τοῦ
217 3357 367 3485 οόρανου
386 3390 427 3453 τη
411 3362 517 3452 μὲν·
528 3371 594 3435 νῦν
614 3390 639 3435 ο
620 3362 770 3488 ’βορέης
783 3390 819 3433 τε
833 3359 918 3431 καὶ
903 3389 921 3429 ο
937 3354 1061 3444 χειμάυ

77 3454 191 3550 ἐσίασι,
212 3459 315 3557 ταότη
335 3464 397 3553 μὲν
417 3471 478 3536 τοῦ
498 3464 601 3535 νότον
621 3457 665 3553 ἦν
683 3493 705 3554 η
726 3463 841 3540 στάσις
861 3458 916 3525 καλ
929 3477 987 3540 της
1001 3475 1061 3540 με«
