2622 3928
194 285 221 323 tv
606 270 838 324 PRAEFATIO.

196 411 267 475 apud
282 411 437 473 antiquiores
452 409 563 460 Graecos
582 412 607 458 in
622 425 670 458 usu
689 424 739 458 uon
757 408 836 457 inisse
854 407 950 457 dudum
965 407 1174 457 demonstraverit
1185 408 1250 459 Lob.

195 480 229 530 ad
247 478 341 545 Pbryn.
360 494 386 544 p.
400 479 451 530 287
470 477 531 544 (clr.
552 479 633 529 einsd.
653 479 756 544 Parerg.
776 492 803 542 p.
819 475 878 537 736,
896 476 988 526 Buttm.
1008 474 1052 526 ur.
1070 475 1112 526 Gr.
1129 477 1175 541 lp.
1188 478 1249 542 521,

194 548 269 602 Bred.
286 562 313 613 p.
332 546 407 613 351).
443 549 496 597 lam
510 564 568 597 eum
586 543 636 596 καί
651 556 709 597 ante
727 537 758 595 τὸ
776 546 867 610 τεῖχος
886 559 974 595 omnes
987 544 1046 595 libri
1064 553 1190 607 tueantur,
1204 563 1250 598 neo

195 626 279 667 tamen
298 631 359 667 casu
381 625 463 667 ortum
482 617 610 677 videatur,
634 631 693 665 cum
713 615 854 666 Herodotus
878 615 981 680 saepius
1006 607 1250 665 sicdomestici

196 687 289 737 dixerit
310 685 376 750 (vid.
399 683 542 752 Schweigh.
560 686 622 736 Lex.
638 700 661 740 s.
683 683 738 749 u),
758 700 816 734 cnm
833 685 943 747 denique
961 679 1088 738 σῖτα.τια1
1104 679 1178 733 ποτά
1194 687 1248 750 ple-

196 771 301 818 rumque
319 756 512 820 coniungantur,
529 770 580 805 non
598 753 776 820 disiungantur
794 753 855 818 (cir.
873 769 895 803 c.
915 750 974 817 65),
990 754 1106 816 equidem
1119 747 1190 802 κατὰ
1202 747 1249 803 τά-
1295 780 1296 823 3

195 838 245 889 χορ
261 825 445 875 emendandum
461 838 562 882 censeo,
580 838 656 886 quam
670 824 840 872 coniecturam
853 822 983 885 quondam
999 824 1117 888 probavit
1127 822 1248 873 Herman-
1295 826 1296 885 l

195 909 252 944 nus.
270 921 305 931 —
323 909 346 943 c.
366 891 409 944 39.
427 894 505 943 Recte
522 890 688 943 Schaelerum
707 882 738 940 ἓν
756 888 811 951 σέο,
830 892 898 954 quod
915 893 942 939 iu
959 891 1031 941 libris
1046 899 1144 952 exstat,
1164 908 1249 942 emen·

196 963 297 1013 davisse
307 955 375 1023 ἔξεο,
385 962 496 1012 ostendit
512 961 614 1023 Aldina,
629 963 656 1009 in
675 977 723 1024 qua
739 969 798 1025 post
815 951 845 1008 ἐκ
856 955 902 1010 σέο
919 961 1047 1010 adiectum
1064 969 1102 1011 est
1119 961 1249 1027 glossema

195 1023 274 1089 ἄπες.
311 1033 351 1082 Au
368 1038 437 1081 recte
457 1032 611 1081 contenderit
629 1030 692 1081 Eltz.
711 1045 739 1096 p.
755 1028 806 1082 336
824 1021 882 1090 &Eae
900 1030 1061 1080 scribendum
1078 1030 1168 1092 inissa,
1188 1033 1249 1083 acti·
1295 1020 1296 1041 ¹

196 1116 256 1151 vum
273 1103 339 1151 enim
357 1100 476 1150 usitatius
498 1114 570 1159 esse,
597 1101 691 1153 nescio.
710 1125 745 1136 -
760 1114 783 1153 c.
802 1099 845 1151 40.
868 1095 921 1159 τοί,
944 1099 1012 1162 quod
1031 1106 1088 1164 post
1107 1098 1206 1149 τοίνυν
1223 1102 1248 1151 in

195 1171 253 1220 aliis
272 1170 394 1234 scriptum
414 1176 465 1228 est,
483 1179 551 1219 recte
570 1185 621 1219 om.
641 1167 667 1217 S.
703 1168 845 1218 Articulum
865 1177 923 1218 ante
939 1166 1116 1232 Σπαρτιῆται
1134 1184 1185 1219 non
1204 1169 1248 1219 ha-

195 1242 255 1291 bent
271 1237 375 1289 SVPl'a.
413 1239 510 1287 Abesse
528 1253 606 1303 posse
627 1252 702 1287 nemo
720 1238 836 1302 negabit,
860 1238 975 1300 quamvis
994 1241 1087 1288 rectius
1105 1240 1246 1294 adiicietur.

196 1325 261 1360 -c.
280 1309 324 1359 42.
342 1305 398 1369 καί,
419 1308 489 1370 qnod
507 1307 572 1358 inter
588 1300 714 1357 Μακέων
730 1320 760 1355 τε
780 1313 805 1357 et
822 1297 933 1373 Λιβύων
952 1306 1073 1357 exhibent
1092 1308 1161 1368 libri,
1180 1315 1249 1358 recte

111 1402 112 1407 =
195 1377 334 1428 Niebuhrio
352 1384 454 1427 auctore
470 1376 563 1427 delevit
581 1378 660 1428 Bell.
679 1404 714 1413 —-
729 1392 752 1429 c.
771 1377 807 1426 44
825 1385 890 1427 extr.
915 1374 1047 1441 Scriptura
1064 1379 1156 1428 vitiosa
1173 1377 1248 1428 libro·
1295 1422 1296 1441 η

196 1462 253 1497 rum
271 1444 357 1494 ταῦτα
372 1438 403 1495 di
421 1435 473 1495 οὐκ
490 1432 567 1495 οὗτοι
585 1442 692 1511 λέγουσι
719 1447 751 1496 ab
779 1445 836 1527 aliis
864 1446 914 1494 alio
942 1446 1017 1527 modo
1042 1446 1175 1496 emendata
1203 1457 1248 1496 est.
1295 1444 1296 1505 ᾖ

195 1517 280 1566 Pauw.
297 1508 343 1575 ἀς,
363 1515 449 1565 Reisk.
469 1513 611 1582 Schweigh.
630 1524 654 1565 et
671 1514 773 1567 Schael.
793 1529 843 1580 αν,
863 1514 940 1565 Belsk.
957 1529 1003 1576 αν,
1021 1515 1084 1566 Ε1ιτ.
1101 1531 1127 1581 p.
1138 1515 1187 1567 331
1199 1507 1249 1564 oria
1295 1512 1296 1569 1

196 1585 349 1636 eiiciendnm
367 1592 461 1633 censet.
473 1610 507 1622 -
525 1601 546 1637 c.
556 1587 601 1636 45.
621 1581 736 1648 Κρᾶθιν
751 1592 776 1633 et
793 1580 910 1650 Κραθίῃ
929 1584 1051 1634 debentur
1067 1584 1248 1652 Wessslingio.
1295 1588 1296 1637 ἶ

196 1681 231 1693 -
243 1671 266 1709 ο.
278 1653 321 1707 ⁴18.
340 1653 480 1704 Permirum
499 1668 560 1704 sane
577 1661 624 1716 est,
643 1654 711 1717 quod
727 1660 843 1704 constant
860 1653 959 1703 libriin
976 1654 1102 1720 singulari
1118 1645 1248 1718 η’νὲσχττο
1295 1658 1296 1667 ’

196 1722 221 1773 h.
247 1723 276 1781 1.,
305 1723 361 1781 Vll,
382 1720 447 1783 1593
469 1723 533 1783 Vlll,
552 1722 595 1783 26,
619 1731 646 1772 ut
663 1725 689 1772 in
712 1721 804 1788 plurali
826 1712 977 1785 ἀνέσχοντο
995 1724 1028 1786 V,
1047 1722 1094 1781 893
1116 1725 1161 1783 Vl,
1182 1723 1247 1781 112;

196 1794 249 1855 Vll,
267 1790 325 1844 139.
363 1791 417 1871 Quo
435 1792 520 1842 minus
537 1790 686 1842 alterutrum
703 1792 861 1872 mutandum.
899 1792 969 1846 Vid(
986 1792 1060 1871 Bred.
1085 1806 1112 1855 p.
1138 1792 1190 1843 318
1208 1808 1246 1856 aq.
1295 1812 1296 1821 ¹

197 1889 230 1900 -
246 1878 270 1911 c.
288 1861 331 1915 bt).
351 1855 451 1910 ενεπία
464 1869 533 1912 recte
548 1862 627 1920 Facd,
642 1869 703 1915 vett.
722 1861 798 1921 edd,
816 1856 945 1911 εαεπττέα
963 1859 989 1921 S,
1006 1855 1119 1909 εοτέτεα
1138 1863 1164 1921 b,
1181 1863 1249 1912 unde
1295 1912 1296 1915 ,

196 1932 298 1982 luerunt
316 1932 360 1994 qni
372 1920 486 1981 εὐπετέα
499 1931 708 1981 inconsideratius
726 1931 874 1981 seriberent.
892 1947 957 1981 -c.
975 1931 1018 1982 52.
1033 1929 1071 1979 De
1089 1929 1179 1980 lacuna
1193 1934 1247 1985 vid.

196 2000 269 2052 bscd.
283 2015 311 2067 p.
331 2000 375 2051 14.
398 2026 434 2039 ·-
449 2016 471 2049 c.
491 2000 533 2053 55.
554 1999 741 2065 wyttenbachii
758 2001 870 2065 suspicio
888 1991 1093 2065 έμφερεστάτην
1111 2007 1179 2050 certe
1197 2016 1250 2050 me·
1295 2016 1296 2047 f

195 2070 244 2120 lior
260 2077 307 2129 est,
324 2085 401 2133 quam
418 2069 490 2119 Eltzii
507 2084 533 2135 p.
552 2068 616 2121 331:
634 2060 664 2118 ἔν
682 2066 720 2138 τῷ
738 2058 842 2118 ἑαυτοῦ
858 2061 950 2118 πάθεϊ
965 2057 1175 2133 έναρηεστάτην.
1199 2069 1250 2119 Da·
1295 2084 1296 2093 ¹

196 2142 263 2189 tivus
282 2139 462 2207 explicandus:
481 2139 553 2189 Vidit
568 2145 672 2206 propter
689 2153 761 2188 snam
778 2138 947 2189 calamitatem
966 2138 1084 2204 (missam
1103 2139 1127 2188 ei
1145 2140 1177 2189 ab
1195 2139 1250 2188 Diis
1295 2160 1296 2163 ¹

194 2216 297 2274 propter
312 2208 361 2271 -)
379 2209 514 2259 instantem
533 2206 659 2259 somnium
675 2208 854 2258 clarissimum.
871 2207 976 2258 Diversa
994 2216 1060 2272 snut,
1079 2222 1144 2271 qnae
1155 2207 1248 2258 Bernh.

196 2277 267 2343 Sym.
287 2276 329 2327 Gr.
348 2293 375 2343 p.
393 2278 443 2330 102
461 2279 625 2342 comparavit.
644 2305 679 2316 -
704 2293 727 2327 c.
744 2276 788 2329 59.
806 2275 919 2342 τρίποσι
936 2274 1013 2340 τρισί
1029 2277 1172 2337 Dobraens,
1191 2277 1249 2327 libri
1295 2312 1296 2337 3

195 2343 258 2398 τισί.
294 2347 322 2396 ln
337 2346 502 2412 inscriptione
520 2361 621 2406 omncs,
640 2348 688 2397 nisi
706 2346 795 2411 fallor,
814 2347 872 2397 libri
889 2339 943 2395 έαν
959 2340 1032 2410 ἀπό,
1056 2361 1102 2411 pro
1137 2361 1170 2395 uo
1188 2346 1249 2395 Val-

195 2416 268 2469 cken.
294 2423 318 2465 et
340 2414 413 2465 Both.
429 2414 539 2480 Opuscc.
558 2431 584 2480 p.
604 2417 637 2466 lt
654 2416 814 2468 scribendum
827 2423 947 2482 putarunt
962 2407 1103 2478 ἀνέθηκεν
1117 2360 1198 2474 giaf,
1218 2414 1247 2468 G.

195 2484 225 2535 0.
244 2484 334 2534 Miller
346 2500 388 2550 ap.
409 2485 502 2551 Bottig.
521 2486 630 2535 Amalth.
649 2487 699 2551 lp.
716 2483 766 2536 123
776 2483 847 2535 νεῶν
858 2478 924 2547 ἀπο,
936 2485 1026 2546 Bentl,
1038 2484 1137 2534 Villois.
1151 2484 1250 2534 Anecd.

195 2554 225 2603 11.
241 2568 268 2618 p.
287 2553 346 2614 129,
364 2554 456 2614 6σ1ια.,
474 2553 556 2606 Gaisl.
575 2544 699 2619 ἀνέθηκε
713 2551 795 2617 νέων,
810 2554 843 2605 ad
858 2556 1007 2605 sententiam
1021 2565 1088 2603 recte
1117 2555 1164 2605 sed
1177 2547 1250 2603 νέαν

194 2621 319 2689 singulari
337 2625 412 2675 modo
431 2624 533 2674 dictum.
567 2623 672 2675 Rectius
695 2623 851 2691 Wesseliug.
876 2613 999 2688 ἀνέθηκ’
1021 2616 1069 2672 ἀνι
1094 2636 1125 2683 ν,
1149 2623 1251 2673 facilins

195 2691 280 2759 Bergl.
307 2689 397 2759 (Wolf
416 2693 489 2744 Proll.
510 2693 543 2744 ad
559 2694 632 2748 Hom.
658 2709 685 2759 p.
705 2692 753 2759 55)
776 2683 918 2758 ἀνέθηκεν
934 2685 994 2746 loia.
1020 2719 1055 2730 -
1079 2708 1101 2745 e.
1119 2692 1162 2743 61.
1181 2692 1251 2742 Libri

194 2753 311 2825 τρίποδ’
331 2754 432 2825 αὐτόν,
458 2778 504 2830 pro
526 2778 576 2826 quo
592 2763 687 2827 optime
707 2761 849 2830 Schweigh.
869 2765 977 2814 coniecit
994 2753 1091 2822 αὐτός,
1108 2776 1158 2812 non
1176 2763 1251 2811 intel·
1295 2766 1296 2785 ³

195 2832 288 2882 lectum
307 2832 371 2884 illud
386 2834 417 2883 ab
432 2833 515 2883 Eltaio
536 2848 563 2898 p.
583 2832 648 2893 331,
671 2833 716 2895 qui
740 2834 796 2898 lpse
821 2833 899 2883 scribi
913 2831 967 2883 vult
982 2828 1118 2898 τρίποδος
1136 2820 1199 2879 τόδ’
1215 2856 1251 2869 -
1295 2836 1296 2875 ῑ

195 2891 314 2964 ἄγαλμα.
332 2928 367 2938 -
385 2918 408 2951 c.
424 2900 469 2952 62.
487 2901 578 2955 Valck.
596 2911 621 2951 et
639 2900 750 2956 Wessel.
769 2902 914 2952 coniectura
933 2892 1003 2966 ὑπέρ
1023 2894 1181 2966 Πάρνηθος
1203 2915 1250 2966 pro

195 2984 225 3018 eo
240 2971 309 3032 quod
326 2969 385 3020 libri
400 2977 485 3020 tenent
495 2959 566 3035 ticcio
576 2968 715 3034 Παιονίης
732 2971 892 3020 iamdudum
908 2971 939 3020 ab
950 2972 1015 3022 viris
1026 2971 1106 3021 doctis
1125 2978 1163 3019 est
1181 2969 1251 3019 rein·

193 3045 256 3088 tata.
290 3038 356 3089 Tum
370 3041 474 3089 minime
492 3042 636 3091 necessaria
652 3050 690 3090 est
707 3040 782 3089 Eltzii
799 3054 825 3104 p.
848 3039 900 3092 339
915 3041 1057 3092 emendatio
1076 3032 1159 3089 τόνδε
1179 3029 1251 3101 νηόν

194 3122 241 3174 pro
256 3123 295 3169 eo,
315 3107 384 3172 qnod
399 3108 457 3159 libri
478 3116 580 3159 tuentur
596 3101 646 3158 τόν
663 3121 701 3158 τε.
738 3106 841 3159 Scilicet
863 3110 967 3160 dellexit
983 3109 1013 3161 Η.
1037 3110 1069 3159 ab
1091 3111 1190 3174 incepta
1213 3108 1251 3156 di-

194 3177 268 3228 cendi
287 3179 395 3229 ratione.
423 3205 453 3213 -—
480 3193 503 3229 c.
527 3176 570 3230 63.
594 3180 642 3229 Pro
661 3172 691 3227 οἱ
706 3169 851 3241 Ἀθηναῖοι
868 3177 952 3229 Schw.
971 3179 1061 3229 maluit
1077 3169 1251 3240 Anaadoespo'·

194 3260 261 3301 νισι.
298 3248 332 3296 At
349 3262 394 3297 cur
409 3249 436 3298 id
455 3248 487 3298 ab
504 3247 702 3299 Atheniensibus
721 3248 852 3298 audivisse
874 3247 1030 3299 Herodotum
1052 3249 1104 3298 veri
1127 3246 1252 3298 dissimile

194 3317 249 3365 estl
277 3315 329 3366 Nec
348 3317 462 3382 recipere
476 3330 554 3366 ausus
571 3331 627 3366 sum
642 3316 750 3367 Bekkeri
765 3313 937 3381 προφαίνειν
953 3332 999 3382 pro
1017 3309 1179 3382 προφέρειν,
1194 3330 1252 3364 oum

193 3391 261 3434 recte
281 3386 407 3436 monuerit
424 3384 501 3438 Biha.
522 3385 660 3437 essehoc:
683 3399 728 3438 eos
749 3387 885 3451 opprobrio
902 3386 987 3436 dando
1006 3387 1106 3448 lubere,
1129 3385 1187 3437 coll.
1207 3384 1251 3442 IV,

195 3451 253 3502 lbi.
283 3479 318 3490 -
348 3469 370 3502 c.
389 3452 425 3505 66
443 3453 577 3502 articulum
597 3463 656 3520 post
671 3447 759 3519 Ἰσαγά
776 3469 810 3519 ηρ
832 3456 898 3506 mals
919 3470 969 3506 ona.
986 3453 1111 3505 svessa.
1127 3480 1162 3492 —
1179 3470 1201 3506 c.
1218 3453 1252 3505 67

193 3533 239 3583 pro
257 3510 368 3584 ἒτβάίοι
388 3521 519 3571 Dobraeus
538 3525 681 3587 suspicatus
701 3535 739 3573 est
756 3469 881 3590 έκβσίίλη.
899 3549 932 3560 -
946 3540 968 3573 c.
979 3522 1023 3577 69.
1038 3516 1099 3572 τότε
1118 3516 1214 3573 πάντα
1225 3519 1252 3575 S.
