2536 3934
211 237 253 303 50
587 244 837 305 HERODOTI
906 232 908 237 ⁴

210 403 317 488 γάλην
343 398 449 489 ἀρχήν
475 398 580 470 αὐτὸν
608 404 817 473 καταλύσειν
860 399 920 472 νῦν
942 400 978 474 δὲ
1000 403 1086 495 πρὸς
1107 410 1211 475 ταῦτα

209 506 293 622 χρῆν
318 493 357 566 εῦ
381 502 544 586 μέλλοντα
565 490 792 589 βουλεύεσθαι
809 504 882 571 ἐπεί
868 509 1001 589 ίρεσθαι
1024 509 1212 594 πέμψαντα,

208 602 329 721 κότερα
349 597 411 687 τήν
432 596 594 669 έωυτοῦ”
572 628 592 688 η
608 599 670 689 τήν
685 604 804 691 Κόρου
819 603 943 690 λόγον’
924 605 1063 728 αρχήν.
1072 632 1113 674 ου
1103 603 1213 674 ’-συλ

207 697 380 788 λαβῦνδέ
399 725 437 766 το
426 696 566 788 ῥηθὲν
588 696 660 768 οὐδ’
684 702 979 789 ἐπανειρόμενος’
962 700 1088 772 εωυτόν
1102 712 1212 771 αίτιου

208 798 433 885 ἀποφαινέτω.
476 805 524 890 τῳ
547 801 603 867 καὶ
627 796 665 866 τό
690 808 882 869 τελευταῖον
903 802 1213 890 χρηστηριαζομένῳ

207 897 302 985 ἷείπε]
323 895 363 965 τό
389 895 458 965 εἷπε
474 900 594 984 Λοξίης
614 899 691 980 περὶ
711 894 874 986 ἡμιόνου,
898 897 977 968 οὐδὲ
996 907 1094 967 τοῦτο
1109 900 1212 966 συνέ-

207 1003 297 1083 λαβε.
327 988 373 1081 ήν
387 991 451 1082 γάρ
467 991 508 1082 δή
525 991 543 1063 6
559 1002 672 1080 Κῦρος
688 989 786 1075 οὗτος
800 994 953 1083 ἡμίονος·
980 1000 1016 1065 ἐκ
1033 995 1097 1085 γάρ
1113 1001 1212 1066 δυοῖν

208 1091 271 1162 οῦκ
286 1091 482 1181 ὁμοεθνέων
496 1094 665 1181 ἐγεγόνεε,
681 1091 805 1181 μητρὸς
818 1092 1011 1182 ἀμείνονος,
1033 1091 1158 1182 πατρὸς
1173 1094 1211 1163 66

206 1190 465 1280 ὑποδεεστέρου·
491 1189 512 1279 ή
528 1190 590 1278 μὲν
606 1187 670 1278 γὰρ
686 1185 730 1278 ήυ
745 1195 857 1280 Μηδὶς
871 1195 926 1262 καὶ
937 1192 1212 1279 Ἀστυάγεοςθυ·

206 1291 311 1378 γάτηρ
328 1296 389 1358 τοῦ
403 1289 536 1377 Μήδων
550 1293 719 1377 βασιλέος,
738 1288 756 1359 6
772 1291 808 1359 δέ
823 1296 954 1380 Πέρσης
967 1320 1002 1361 τε
1018 1285 1063 1381 ήν
1076 1294 1131 1360 καλ
1145 1289 1211 1380 ἀρ-

205 1391 345 1479 χόμενος
359 1385 419 1457 ὑπ’
443 1392 616 1475 ἐκείνοισι,
629 1389 694 1458 ’καὶ
716 1395 836 1477 ἔνερθε
850 1388 916 1459 έών
932 1405 1016 1460 τοῖσι
1032 1389 1134 1458 ἀπασι
1151 1394 1211 1457 δε-

206 1498 328 1580 σποίνη
347 1496 387 1579 τῇ
402 1492 529 1557 ἑωυτοῦ
545 1496 708 1570 συνοίκεε.
750 1496 862 1558 Ταῦτα
876 1489 938 1577 μὲν
954 1488 975 1579 ή
989 1496 1106 1577 Πυθίη
1123 1487 1210 1557 ὑπε-

206 1590 341 1675 ιιρίνατο
362 1601 447 1655 τοίσι
461 1590 617 1672 Λυδοῖσι,
642 1591 677 1654 οί
694 1585 731 1655 δὲ
752 1584 935 1675 ἀνήνεικαν
954 1591 988 1668 ἐς
1001 1587 1131 1676 Σάρδις
1152 1591 1210 1656 καὶ

205 1685 411 1774 ἀπήγγειλαν
438 1691 580 1777 Κροίσῳ.
623 1683 641 1752 6
667 1685 704 1752 δὲ
727 1683 874 1767 ἀνιοῦσας
903 1693 1054 1776 συνέγνω
1079 1689 1211 1756 ἑωυτοῦ

206 1786 290 1856 εἶναι
305 1783 367 1872 τήν
382 1782 555 1875 ἀμαρτάδα
569 1784 624 1852 καὶ
639 1781 681 1851 οὐ
696 1790 757 1852 τοῦ
770 1791 866 1854 θεοῦ.

160 1895 194 1952 92
289 1882 383 1955 Κατά
411 1885 472 1974 μὲν
497 1881 537 1972 δή
564 1880 625 1970 τήν
646 1889 795 1972 Κροίσου
819 1909 855 1951 τε
880 1881 984 1972 ἀρχὴν
1009 1886 1064 1953 καλ
1082 1881 1210 1968 Ἰωνίης

203 1982 265 2073 τήν
285 1982 422 2071 πρότην
446 1978 682 2071 καταστροφήν
703 1986 775 2067 ἔσχε
797 1979 895 2049 οῦτω.
935 1988 1069 2072 Κροίσῳ
1084 1982 1119 2049 δὲ
1137 1987 1209 2049 ἐστι

203 2089 259 2157 καὶ
273 2083 356 2155 ἀλλα
374 2080 576 2170 ἀναθήματα
590 2083 627 2150 ἐν
641 2088 681 2169 τῇ
700 2077 832 2150 Ἐλλάδι
853 2076 960 2149 πολλά
975 2082 1030 2148 καὶ
1045 2076 1086 2147 οῦ
1101 2074 1141 2146 τά
1157 2084 1209 2146 εί-

204 2186 330 2273 ρημένα
351 2188 477 2268 μοῦνα·
506 2182 543 2249 ἐν
556 2178 619 2266 μέν
635 2174 700 2266 γάρ
715 2179 844 2267 Θήβησι
867 2185 941 2267 τήσι
958 2185 1115 2247 Βοιωτῶν
1131 2185 1209 2267 τρί-

202 2307 287 2358 πους
302 2279 459 2365 χρύσεος,
480 2275 540 2346 τόν
557 2275 706 2363 ἀνέθηκε
721 2282 767 2367 τῷ
778 2273 961 2344 Ἀπόλλωνι
976 2283 1022 2369 τῷ
1039 2274 1206 2367 Ἰσμηνίῳ,

202 2382 240 2447 ἐν
260 2379 296 2444 δὲ
315 2373 439 2465 Ἐφέσῳ
460 2376 551 2442 αἵτε
571 2375 649 2462 βόες
669 2378 706 2443 αί
723 2373 862 2461 χρύσεαι
878 2375 933 2456 καὶ
946 2381 1014 2443 τῶν
1029 2373 1156 2443 κιόνων
1170 2378 1210 2443 αί

202 2482 338 2563 πολλαί,
362 2477 398 2542 ἐν
419 2476 456 2542 δὲ
469 2482 640 2563 Προνηίης
661 2482 718 2563 τῆς
739 2477 777 2543 ἐν
790 2484 954 2562 Δελφοῖσι
970 2472 1067 2554 ἀσπὶς
1079 2479 1207 2563 χρυσέη

201 2576 337 2663 μεγάλη.
373 2579 476 2641 ταῦτα
497 2572 558 2660 μὲν
580 2578 634 2643 καὶ
650 2579 696 2642 ἐτι
711 2576 744 2653 ἐς
761 2574 817 2660 ἐμὲ
837 2565 881 2660 ήν
896 2573 1088 2661 περιεόντα,
1112 2569 1153 2640 τά
1174 2569 1208 2640 δ’
1256 2572 1257 2629 Ῐ

201 2670 388 2753 ἐξαπόλωλε
400 2677 468 2739 τῶν
483 2668 720 2759 ἀναθημάτων.
774 2665 814 2734 τά
841 2670 877 2738 ἐν
902 2675 1102 2759 Βραγχίδησι
1117 2683 1206 2738 τοῖσι

101 2816 104 2831 ·
201 2775 381 2856 Μιλησίων
405 2766 606 2891 ’ἀνῳθήματα
628 2774 779 2877 Κροίσῳ,
807 2763 852 2846 ὡς
880 2764 943 2853 ἐγω
970 2766 1205 2855 πυνθάνομαι,

201 2878 258 2937 ίσα
277 2893 313 2936 τε
335 2864 488 2953 σταθμόν
511 2870 566 2935 καί
589 2849 688 2954 ὁμόία
711 2881 796 2935 τοῖσι
819 2868 856 2934 ἐν
870 2870 1044 2951 Δελφοίσι.
1084 2892 1124 2933 τα
1113 2862 1207 2953 μέν

200 2993 267 3035 νυν
288 2971 321 3044 ἐς
340 2989 375 3032 τε
389 2961 548 3051 Δελφοῦς
568 2966 623 3033 καί
643 2968 676 3043 ἐς
697 2972 759 3033 τοῦ
776 2962 967 3085 Ἀμφιάρεῳ
990 2961 1205 3085 ἀνέθηιιερί-

200 3066 277 3152 νήια
305 3090 340 3131 τε
363 3062 461 3131 ἐόντα
482 3066 537 3131 καὶ
559 3070 628 3131 τῶν
649 3070 828 3147 πατρωίων
841 3061 1020 3150 χρημάτων
1036 3058 1204 3153 ἀπαρχήν,

198 3159 239 3231 τά
256 3164 291 3229 δὲ
307 3159 390 3229 ἀλλα
403 3158 604 3249 ἀναθήματα
616 3165 648 3243 ἐξ
660 3158 785 3250 ἀνδρὸς
796 3164 925 3249 ἐγένετο
937 3159 1052 3247 οὐσίης
1064 3163 1204 3251 ἐχθροῦ,

199 3258 237 3339 ῦς
258 3262 292 3326 oc
311 3259 390 3343 πρὶν
404 3253 426 3346 ή
440 3266 635 3347 βασιλεῦσαι
652 3259 912 3347 ἀντιστασιώτης
928 3259 1123 3347 κατεστήκεε
1138 3277 1207 3326 σν*

199 3358 355 3427 σπεύδων
375 3363 602 3430 Πανταλέοντι
622 3364 781 3447 γενέσθαι
800 3356 863 3446 τήν
881 3362 1004 3427 Λνδῦυ
1024 3354 1142 3446 ἀρχήν.
1180 3354 1205 3426 6
1229 3392 1234 3403 ·
1255 3364 1256 3373 ’

199 3458 235 3529 δέ
261 3457 464 3528 Πανταλέων
495 3452 540 3551 ήν
561 3457 745 3531 Ἀλνάττεω
775 3460 838 3553 μὲν
862 3469 954 3550 παῖς,
989 3459 1139 3549 Κροίσου
1164 3456 1206 3533 δὲ
