<?xml version="1.0" encoding="UTF-8"?>
<!DOCTYPE html PUBLIC "-//W3C//DTD XHTML 1.0 Transitional//EN"
    "http://www.w3.org/TR/xhtml1/DTD/xhtml1-transitional.dtd">
<html xmlns="http://www.w3.org/1999/xhtml" xml:lang="en" lang="en">
 <head>
  <title>
</title>
<meta http-equiv="Content-Type" content="text/html;charset=utf-8" />
  <meta name='ocr-system' content='tesseract 3.04.00' />
  <meta name='ocr-capabilities' content='ocr_page ocr_carea ocr_par ocr_line ocrx_word'/>
</head>
<body>
  <div class='ocr_page' id='page_1' title='image "./historiarumlibr03herogoog_0607.png"; bbox 0 0 2606 3920; ppageno 0'>
   <div class='ocr_carea' id='block_1_1' title="bbox 211 252 833 316">
    <p class='ocr_par' dir='ltr' id='par_1_1' title="bbox 211 252 833 316">
     <span class='ocr_line' id='line_1_1' title="bbox 211 252 833 316; baseline -0.016 0"><span class='ocrx_word' id='word_1_1' title='bbox 211 253 273 316; x_wconf 82' lang='lat'><strong><em>190</em></strong></span> <span class='ocrx_word' id='word_1_2' title='bbox 584 252 833 310; x_wconf 81' lang='lat' dir='ltr'>HERODOTI</span> 
     </span>
    </p>
   </div>
   <div class='ocr_carea' id='block_1_2' title="bbox 148 406 1287 1292">
    <p class='ocr_par' dir='ltr' id='par_1_2' title="bbox 211 406 1213 502">
     <span class='ocr_line' id='line_1_2' title="bbox 211 406 1213 502; baseline -0.007 -17"><span class='ocrx_word' id='word_1_3' title='bbox 211 422 268 502; x_wconf 86' lang='grc' dir='ltr'><strong><em>τής</em></strong></span> <span class='ocrx_word' id='word_1_4' title='bbox 276 413 433 494; x_wconf 78' lang='grc' dir='ltr'><strong><em>Ἑλλάδος</em></strong></span> <span class='ocrx_word' id='word_1_5' title='bbox 446 407 469 502; x_wconf 84' lang='grc' dir='ltr'><strong><em>ή</em></strong></span> <span class='ocrx_word' id='word_1_6' title='bbox 483 410 615 498; x_wconf 77' lang='grc' dir='ltr'><strong><em>ὀλίγον,</em></strong></span> <span class='ocrx_word' id='word_1_7' title='bbox 630 416 729 477; x_wconf 76' lang='grc' dir='ltr'><strong><em>τοῦτο</em></strong></span> <span class='ocrx_word' id='word_1_8' title='bbox 746 409 782 477; x_wconf 74' lang='grc' dir='ltr'><strong><em>δέ</em></strong></span> <span class='ocrx_word' id='word_1_9' title='bbox 794 406 859 495; x_wconf 86' lang='grc' dir='ltr'><strong><em>ήδη</em></strong></span> <span class='ocrx_word' id='word_1_10' title='bbox 874 407 988 479; x_wconf 83' lang='grc' dir='ltr'><strong><em>δεινὸν</em></strong></span> <span class='ocrx_word' id='word_1_11' title='bbox 1000 417 1145 498; x_wconf 86' lang='grc' dir='ltr'><strong><em>γίνεται,</em></strong></span> <span class='ocrx_word' id='word_1_12' title='bbox 1168 406 1213 493; x_wconf 82' lang='grc' dir='ltr'><strong><em>μὴ</em></strong></span> 
     </span>
    </p>

    <p class='ocr_par' dir='ltr' id='par_1_3' title="bbox 210 504 1287 898">
     <span class='ocr_line' id='line_1_3' title="bbox 211 504 1286 621; baseline -0.001 -40"><span class='ocrx_word' id='word_1_13' title='bbox 211 517 295 602; x_wconf 86' lang='grc' dir='ltr'><strong><em>πέση</em></strong></span> <span class='ocrx_word' id='word_1_14' title='bbox 305 510 560 599; x_wconf 74' lang='grc' dir='ltr'><strong><em>πᾶσαήἘλλιὶς.</em></strong></span> <span class='ocrx_word' id='word_1_15' title='bbox 576 507 622 597; x_wconf 88' lang='grc' dir='ltr'><strong><em>μή</em></strong></span> <span class='ocrx_word' id='word_1_16' title='bbox 632 506 852 630; x_wconf 79' lang='grc' dir='ltr'><strong><em>γᾶρέλπίσης,</em></strong></span> <span class='ocrx_word' id='word_1_17' title='bbox 866 504 1214 599; x_wconf 84' lang='grc' dir='ltr'><strong><em>ήνήμέαςκαταστρέ-</em></strong></span> <span class='ocrx_word' id='word_1_18' title='bbox 1285 540 1286 621; x_wconf 56' lang='grc' dir='ltr'><strong><em>η</em></strong></span> 
     </span>
     <span class='ocr_line' id='line_1_4' title="bbox 211 605 1287 733; baseline -0.004 -51"><span class='ocrx_word' id='word_1_19' title='bbox 211 630 311 702; x_wconf 77' lang='grc' dir='ltr'><strong><em>ψηται</em></strong></span> <span class='ocrx_word' id='word_1_20' title='bbox 331 640 349 680; x_wconf 96' lang='grc' dir='ltr'><strong><em>ο</em></strong></span> <span class='ocrx_word' id='word_1_21' title='bbox 336 612 497 732; x_wconf 68' lang='grc' dir='ltr'><strong><em>’Πέρσης</em></strong></span> <span class='ocrx_word' id='word_1_22' title='bbox 509 613 600 733; x_wconf 80' lang='grc' dir='ltr'><strong><em>μάχη</em></strong></span> <span class='ocrx_word' id='word_1_23' title='bbox 618 609 801 694; x_wconf 75' lang='grc' dir='ltr'><strong><em>κρατήσας,</em></strong></span> <span class='ocrx_word' id='word_1_24' title='bbox 825 605 869 687; x_wconf 77' lang='grc' dir='ltr'><strong><em>ὡς</em></strong></span> <span class='ocrx_word' id='word_1_25' title='bbox 884 605 959 677; x_wconf 86' lang='grc' dir='ltr'><strong><em>οόκί</em></strong></span> <span class='ocrx_word' id='word_1_26' title='bbox 975 607 1047 696; x_wconf 78' lang='grc' dir='ltr'><strong><em>ἥξει</em></strong></span> <span class='ocrx_word' id='word_1_27' title='bbox 1067 635 1159 697; x_wconf 90' lang='grc' dir='ltr'><strong><em>παρα</em></strong></span> <span class='ocrx_word' id='word_1_28' title='bbox 1147 609 1214 678; x_wconf 91' lang='grc' dir='ltr'><strong><em>σέ</em></strong></span> <span class='ocrx_word' id='word_1_29' title='bbox 1285 638 1287 707; x_wconf 66' lang='grc' dir='ltr'><strong><em>χ</em></strong></span> 
     </span>
     <span class='ocr_line' id='line_1_5' title="bbox 210 704 1287 801; baseline -0.006 -19"><span class='ocrx_word' id='word_1_30' title='bbox 210 742 264 801; x_wconf 87' lang='grc' dir='ltr'><strong><em>γε,</em></strong></span> <span class='ocrx_word' id='word_1_31' title='bbox 280 711 363 782; x_wconf 76' lang='grc' dir='ltr'><strong><em>ἀλλὰ</em></strong></span> <span class='ocrx_word' id='word_1_32' title='bbox 376 710 442 796; x_wconf 84' lang='grc' dir='ltr'><strong><em>πρὸ</em></strong></span> <span class='ocrx_word' id='word_1_33' title='bbox 456 708 743 795; x_wconf 81' lang='grc' dir='ltr'><strong><em>τοότουφόλαξαι</em></strong></span> <span class='ocrx_word' id='word_1_34' title='bbox 767 704 973 793; x_wconf 88' lang='grc' dir='ltr'><strong><em>βοηθέων</em></strong></span> <span class='ocrx_word' id='word_1_35' title='bbox 933 732 999 794; x_wconf 89' lang='grc' dir='ltr'><strong><em>γαρ</em></strong></span> <span class='ocrx_word' id='word_1_36' title='bbox 1009 723 1090 795; x_wconf 91' lang='grc' dir='ltr'><strong><em>ημιν</em></strong></span> <span class='ocrx_word' id='word_1_37' title='bbox 1103 730 1213 776; x_wconf 89' lang='grc' dir='ltr'><strong><em>σεωυ-</em></strong></span> <span class='ocrx_word' id='word_1_38' title='bbox 1286 744 1287 753; x_wconf 42' lang='lat'>¹</span> 
     </span>
     <span class='ocr_line' id='line_1_6' title="bbox 211 800 1211 903; baseline -0.008 -23"><span class='ocrx_word' id='word_1_39' title='bbox 211 840 256 903; x_wconf 81' lang='grc' dir='ltr'><strong><em>τω</em></strong></span> <span class='ocrx_word' id='word_1_40' title='bbox 242 813 456 898; x_wconf 80' lang='grc' dir='ltr'><strong><em>τιμωρέεις</em></strong></span> <span class='ocrx_word' id='word_1_41' title='bbox 483 806 581 899; x_wconf 75' lang='grc' dir='ltr'><strong><em>τῷδέ</em></strong></span> <span class='ocrx_word' id='word_1_42' title='bbox 596 833 635 874; x_wconf 93' lang='grc' dir='ltr'><strong><em>ευ</em></strong></span> <span class='ocrx_word' id='word_1_43' title='bbox 621 800 877 892; x_wconf 87' lang='grc' dir='ltr'><strong><em>βουλευθέντι</em></strong></span> <span class='ocrx_word' id='word_1_44' title='bbox 893 804 1060 891; x_wconf 77' lang='grc' dir='ltr'><strong><em>πρήγματι</em></strong></span> <span class='ocrx_word' id='word_1_45' title='bbox 1074 803 1211 891; x_wconf 80' lang='grc' dir='ltr'><strong><em>τελευτή</em></strong></span> 
     </span>
    </p>

    <p class='ocr_par' dir='ltr' id='par_1_4' title="bbox 148 903 1210 1292">
     <span class='ocr_line' id='line_1_7' title="bbox 148 903 1210 995; baseline -0.01 -15"><span class='ocrx_word' id='word_1_46' title='bbox 148 928 196 982; x_wconf 77' lang='lat'><strong><em>158</em></strong></span> <span class='ocrx_word' id='word_1_47' title='bbox 212 912 256 992; x_wconf 81' lang='grc' dir='ltr'><strong><em>ὡς</em></strong></span> <span class='ocrx_word' id='word_1_48' title='bbox 269 938 307 979; x_wconf 91' lang='grc' dir='ltr'><strong><em>το</em></strong></span> <span class='ocrx_word' id='word_1_49' title='bbox 295 910 444 979; x_wconf 77' lang='grc' dir='ltr'><strong><em>ἐπίπαν</em></strong></span> <span class='ocrx_word' id='word_1_50' title='bbox 458 904 581 995; x_wconf 82' lang='grc' dir='ltr'><strong><em>χρηστὴ</em></strong></span> <span class='ocrx_word' id='word_1_51' title='bbox 596 908 705 974; x_wconf 87' lang='grc' dir='ltr'><strong><em>ἐθέλει</em></strong></span> <span class='ocrx_word' id='word_1_52' title='bbox 725 907 943 988; x_wconf 79' lang='grc' dir='ltr'><strong><em>ἐπιγίνεσθαι.</em></strong></span> <span class='ocrx_word' id='word_1_53' title='bbox 973 910 1017 972; x_wconf 93' lang='grc' dir='ltr'><strong><em>οι</em></strong></span> <span class='ocrx_word' id='word_1_54' title='bbox 1028 903 1092 988; x_wconf 72' lang='grc' dir='ltr'><strong><em>μέν</em></strong></span> <span class='ocrx_word' id='word_1_55' title='bbox 1106 911 1210 973; x_wconf 83' lang='grc' dir='ltr'><strong><em>ταῦτα</em></strong></span> 
     </span>
     <span class='ocr_line' id='line_1_8' title="bbox 212 992 1210 1097; baseline -0.012 -18"><span class='ocrx_word' id='word_1_56' title='bbox 212 1018 343 1097; x_wconf 74' lang='grc' dir='ltr'><strong><em>ἔλεγον,</em></strong></span> <span class='ocrx_word' id='word_1_57' title='bbox 367 1012 482 1077; x_wconf 86' lang='grc' dir='ltr'><strong><em>Γέλων</em></strong></span> <span class='ocrx_word' id='word_1_58' title='bbox 503 1006 540 1074; x_wconf 73' lang='grc' dir='ltr'><strong><em>δὲ</em></strong></span> <span class='ocrx_word' id='word_1_59' title='bbox 553 1000 676 1080; x_wconf 85' lang='grc' dir='ltr'><strong><em>πολλός</em></strong></span> <span class='ocrx_word' id='word_1_60' title='bbox 692 1004 839 1071; x_wconf 87' lang='grc' dir='ltr'><strong><em>ἐνεκέετο</em></strong></span> <span class='ocrx_word' id='word_1_61' title='bbox 853 992 960 1085; x_wconf 81' lang='grc' dir='ltr'><strong><em>λέγων</em></strong></span> <span class='ocrx_word' id='word_1_62' title='bbox 973 999 1100 1069; x_wconf 79' lang='grc' dir='ltr'><strong><em>τοιοίδε·</em></strong></span> <span class='ocrx_word' id='word_1_63' title='bbox 1128 998 1210 1067; x_wconf 83' lang='grc' dir='ltr'><strong><em>”-Αν</em></strong></span> 
     </span>
     <span class='ocr_line' id='line_1_9' title="bbox 212 1095 1210 1219; baseline -0.013 -40"><span class='ocrx_word' id='word_1_64' title='bbox 212 1116 287 1195; x_wconf 87' lang='grc' dir='ltr'><strong><em>δρες</em></strong></span> <span class='ocrx_word' id='word_1_65' title='bbox 294 1107 467 1193; x_wconf 82' lang='grc' dir='ltr'><strong><em>Ἕλληνες,</em></strong></span> <span class='ocrx_word' id='word_1_66' title='bbox 479 1102 582 1190; x_wconf 89' lang='grc' dir='ltr'><strong><em>λόγον</em></strong></span> <span class='ocrx_word' id='word_1_67' title='bbox 592 1107 720 1187; x_wconf 67' lang='grc' dir='ltr'><strong><em>ἔχοντες</em></strong></span> <span class='ocrx_word' id='word_1_68' title='bbox 731 1102 933 1184; x_wconf 78' lang='grc' dir='ltr'><strong><em>πλεονέκτην</em></strong></span> <span class='ocrx_word' id='word_1_69' title='bbox 943 1095 1141 1186; x_wconf 77' lang='grc' dir='ltr'><strong><em>ἐτολμήσατε</em></strong></span> <span class='ocrx_word' id='word_1_70' title='bbox 1155 1099 1210 1219; x_wconf 70' lang='grc' dir='ltr'><strong><em>ἐμὲ</em></strong></span> 
     </span>
     <span class='ocr_line' id='line_1_10' title="bbox 211 1193 1210 1292; baseline -0.013 -17"><span class='ocrx_word' id='word_1_71' title='bbox 211 1205 384 1292; x_wconf 73' lang='grc' dir='ltr'><strong><em>σύμμαχον</em></strong></span> <span class='ocrx_word' id='word_1_72' title='bbox 398 1198 499 1281; x_wconf 78' lang='grc' dir='ltr'><strong><em>έπί</em></strong></span> <span class='ocrx_word' id='word_1_73' title='bbox 465 1227 526 1269; x_wconf 93' lang='grc' dir='ltr'><strong><em>τον</em></strong></span> <span class='ocrx_word' id='word_1_74' title='bbox 538 1199 712 1287; x_wconf 76' lang='grc' dir='ltr'><strong><em>βάρβαρον</em></strong></span> <span class='ocrx_word' id='word_1_75' title='bbox 725 1201 988 1284; x_wconf 77' lang='grc' dir='ltr'><strong><em>παρακαλέοντες</em></strong></span> <span class='ocrx_word' id='word_1_76' title='bbox 1002 1200 1124 1266; x_wconf 78' lang='grc' dir='ltr'><strong><em>έλθετν.</em></strong></span> <span class='ocrx_word' id='word_1_77' title='bbox 1145 1193 1210 1263; x_wconf 83' lang='grc' dir='ltr'><strong><em>αό-</em></strong></span> 
     </span>
    </p>
   </div>
   <div class='ocr_carea' id='block_1_3' title="bbox 211 1301 1209 1389">
    <p class='ocr_par' dir='ltr' id='par_1_5' title="bbox 211 1301 1209 1389">
     <span class='ocr_line' id='line_1_11' title="bbox 211 1301 1209 1389; baseline -0.005 -17"><span class='ocrx_word' id='word_1_78' title='bbox 211 1307 261 1371; x_wconf 82' lang='grc' dir='ltr'><strong><em>τοὶ</em></strong></span> <span class='ocrx_word' id='word_1_79' title='bbox 286 1303 323 1371; x_wconf 75' lang='grc' dir='ltr'><strong><em>δέ</em></strong></span> <span class='ocrx_word' id='word_1_80' title='bbox 348 1306 427 1389; x_wconf 85' lang='grc' dir='ltr'><strong><em>ἐμεῦ</em></strong></span> <span class='ocrx_word' id='word_1_81' title='bbox 450 1301 615 1387; x_wconf 91' lang='grc' dir='ltr'><strong><em>πρότερον</em></strong></span> <span class='ocrx_word' id='word_1_82' title='bbox 640 1302 819 1385; x_wconf 74' lang='grc' dir='ltr'><strong><em>δεηθέντος</em></strong></span> <span class='ocrx_word' id='word_1_83' title='bbox 838 1304 1046 1384; x_wconf 82' lang='grc' dir='ltr'><strong><em>βαρβαριωῦ</em></strong></span> <span class='ocrx_word' id='word_1_84' title='bbox 1065 1303 1209 1384; x_wconf 77' lang='grc' dir='ltr'><strong><em>στρατοῦ</em></strong></span> 
     </span>
    </p>
   </div>
   <div class='ocr_carea' id='block_1_4' title="bbox 209 1394 1209 2005">
    <p class='ocr_par' dir='ltr' id='par_1_6' title="bbox 209 1394 1208 1973">
     <span class='ocr_line' id='line_1_12' title="bbox 211 1394 1206 1513; baseline -0.007 -45"><span class='ocrx_word' id='word_1_85' title='bbox 211 1401 488 1485; x_wconf 73' lang='grc' dir='ltr'><strong><em>συνεπάψασθαι,</em></strong></span> <span class='ocrx_word' id='word_1_86' title='bbox 506 1397 562 1464; x_wconf 81' lang='grc' dir='ltr'><strong><em>ὅτε</em></strong></span> <span class='ocrx_word' id='word_1_87' title='bbox 575 1421 632 1482; x_wconf 93' lang='grc' dir='ltr'><strong><em>μοι</em></strong></span> <span class='ocrx_word' id='word_1_88' title='bbox 643 1394 728 1513; x_wconf 82' lang='grc' dir='ltr'><strong><em>πρὸς</em></strong></span> <span class='ocrx_word' id='word_1_89' title='bbox 738 1400 988 1482; x_wconf 79' lang='grc' dir='ltr'><strong><em>Καρχηδονίους</em></strong></span> <span class='ocrx_word' id='word_1_90' title='bbox 1000 1408 1110 1473; x_wconf 75' lang='grc' dir='ltr'><strong><em>νεῖκος</em></strong></span> <span class='ocrx_word' id='word_1_91' title='bbox 1124 1414 1206 1462; x_wconf 86' lang='grc' dir='ltr'><strong><em>συν-</em></strong></span> 
     </span>
     <span class='ocr_line' id='line_1_13' title="bbox 210 1490 1208 1586; baseline -0.007 -20"><span class='ocrx_word' id='word_1_92' title='bbox 210 1507 311 1586; x_wconf 81' lang='grc' dir='ltr'><strong><em>ἦπτο,</em></strong></span> <span class='ocrx_word' id='word_1_93' title='bbox 327 1494 585 1583; x_wconf 79' lang='grc' dir='ltr'><strong><em>ἐπισκήπτοντός</em></strong></span> <span class='ocrx_word' id='word_1_94' title='bbox 597 1518 633 1560; x_wconf 89' lang='grc' dir='ltr'><strong><em>τε</em></strong></span> <span class='ocrx_word' id='word_1_95' title='bbox 646 1490 708 1560; x_wconf 83' lang='grc' dir='ltr'><strong><em>τόν</em></strong></span> <span class='ocrx_word' id='word_1_96' title='bbox 716 1496 866 1579; x_wconf 82' lang='grc' dir='ltr'><strong><em>Δωριέος</em></strong></span> <span class='ocrx_word' id='word_1_97' title='bbox 877 1517 938 1559; x_wconf 92' lang='grc' dir='ltr'><strong><em>του</em></strong></span> <span class='ocrx_word' id='word_1_98' title='bbox 923 1491 1208 1575; x_wconf 75' lang='grc' dir='ltr'><strong><em>Ἀναξανδρίδεω</em></strong></span> 
     </span>
     <span class='ocr_line' id='line_1_14' title="bbox 211 1585 1207 1679; baseline -0.006 -18"><span class='ocrx_word' id='word_1_99' title='bbox 211 1593 295 1679; x_wconf 82' lang='grc' dir='ltr'><strong><em>πρὸς</em></strong></span> <span class='ocrx_word' id='word_1_100' title='bbox 306 1585 1106 1709; x_wconf 67' lang='grc' dir='ltr'><strong><em>Ἔλγεσταίωνφόνονἐκπρήξασθαι,ὑποτείνοντός</em></strong></span> <span class='ocrx_word' id='word_1_101' title='bbox 1117 1614 1153 1657; x_wconf 90' lang='grc' dir='ltr'><strong><em>τε</em></strong></span> <span class='ocrx_word' id='word_1_102' title='bbox 1167 1586 1207 1655; x_wconf 73' lang='grc' dir='ltr'><strong><em>τὰ</em></strong></span> 
     </span>
     <span class='ocr_line' id='line_1_15' title="bbox 211 1679 1209 1778; baseline -0.006 -20"><span class='ocrx_word' id='word_1_103' title='bbox 211 1691 351 1778; x_wconf 85' lang='grc' dir='ltr'><strong><em>ἐμπόρια</em></strong></span> <span class='ocrx_word' id='word_1_104' title='bbox 366 1693 653 1775; x_wconf 82' lang='grc' dir='ltr'><strong><em>συνελευθεροῦν,</em></strong></span> <span class='ocrx_word' id='word_1_105' title='bbox 668 1682 727 1753; x_wconf 79' lang='grc' dir='ltr'><strong><em>ἄπ’</em></strong></span> <span class='ocrx_word' id='word_1_106' title='bbox 747 1679 796 1754; x_wconf 76' lang='grc' dir='ltr'><strong><em>ὦν</em></strong></span> <span class='ocrx_word' id='word_1_107' title='bbox 806 1683 887 1771; x_wconf 82' lang='grc' dir='ltr'><strong><em>ὑμῖν</em></strong></span> <span class='ocrx_word' id='word_1_108' title='bbox 896 1686 1036 1771; x_wconf 79' lang='grc' dir='ltr'><strong><em>μεγάλαι</em></strong></span> <span class='ocrx_word' id='word_1_109' title='bbox 1052 1682 1209 1772; x_wconf 83' lang='grc' dir='ltr'><strong><em>ιόιρέλειαί</em></strong></span> 
     </span>
     <span class='ocr_line' id='line_1_16' title="bbox 209 1781 1207 1870; baseline -0.003 -15"><span class='ocrx_word' id='word_1_110' title='bbox 209 1791 314 1855; x_wconf 76' lang='grc' dir='ltr'><strong><em>τεκαὶ</em></strong></span> <span class='ocrx_word' id='word_1_111' title='bbox 335 1788 527 1869; x_wconf 85' lang='grc' dir='ltr'><strong><em>ἐπαυρέσιες</em></strong></span> <span class='ocrx_word' id='word_1_112' title='bbox 545 1782 720 1870; x_wconf 85' lang='grc' dir='ltr'><strong><em>γεγόνασι,</em></strong></span> <span class='ocrx_word' id='word_1_113' title='bbox 743 1781 821 1852; x_wconf 79' lang='grc' dir='ltr'><strong><em>οὔτε</em></strong></span> <span class='ocrx_word' id='word_1_114' title='bbox 838 1786 971 1870; x_wconf 80' lang='grc' dir='ltr'><strong><em>έμεῦ”</em></strong></span> <span class='ocrx_word' id='word_1_115' title='bbox 939 1810 1066 1853; x_wconf 90' lang='grc' dir='ltr'><strong><em>εινεκεν</em></strong></span> <span class='ocrx_word' id='word_1_116' title='bbox 1085 1782 1207 1870; x_wconf 78' lang='grc' dir='ltr'><strong><em>ἤλθετε</em></strong></span> 
     </span>
     <span class='ocr_line' id='line_1_17' title="bbox 210 1882 1205 2005; baseline -0.002 -50"><span class='ocrx_word' id='word_1_117' title='bbox 210 1888 437 1973; x_wconf 86' lang='grc' dir='ltr'><strong><em>βοηθήσοντες</em></strong></span> <span class='ocrx_word' id='word_1_118' title='bbox 450 1885 528 1954; x_wconf 75' lang='grc' dir='ltr'><strong><em>οὔτε</em></strong></span> <span class='ocrx_word' id='word_1_119' title='bbox 540 1882 601 1954; x_wconf 85' lang='grc' dir='ltr'><strong><em>τόν</em></strong></span> <span class='ocrx_word' id='word_1_120' title='bbox 614 1886 765 1971; x_wconf 86' lang='grc' dir='ltr'><strong><em>Δωριέος</em></strong></span> <span class='ocrx_word' id='word_1_121' title='bbox 778 1886 888 1971; x_wconf 73' lang='grc' dir='ltr'><strong><em>μόνον</em></strong></span> <span class='ocrx_word' id='word_1_122' title='bbox 901 1886 1151 2005; x_wconf 81' lang='grc' dir='ltr'><strong><em>ἐκπρηξόμενοι,</em></strong></span> <span class='ocrx_word' id='word_1_123' title='bbox 1167 1888 1205 1953; x_wconf 89' lang='grc' dir='ltr'><strong><em>τό</em></strong></span> 
     </span>
    </p>
   </div>
   <div class='ocr_carea' id='block_1_5' title="bbox 137 1979 1208 3533">
    <p class='ocr_par' dir='ltr' id='par_1_7' title="bbox 137 1979 1208 3533">
     <span class='ocr_line' id='line_1_18' title="bbox 209 1979 1204 2070; baseline 0.001 -21"><span class='ocrx_word' id='word_1_124' title='bbox 209 2009 244 2050; x_wconf 90' lang='grc' dir='ltr'><strong><em>τε</em></strong></span> <span class='ocrx_word' id='word_1_125' title='bbox 255 2009 317 2051; x_wconf 91' lang='grc' dir='ltr'><strong><em>κατ</em></strong></span> <span class='ocrx_word' id='word_1_126' title='bbox 319 1981 444 2070; x_wconf 86' lang='grc' dir='ltr'><strong><em>νμέας</em></strong></span> <span class='ocrx_word' id='word_1_127' title='bbox 453 1981 566 2050; x_wconf 87' lang='grc' dir='ltr'><strong><em>ταδε</em></strong></span> <span class='ocrx_word' id='word_1_128' title='bbox 543 2007 674 2051; x_wconf 89' lang='grc' dir='ltr'><strong><em>απαντα</em></strong></span> <span class='ocrx_word' id='word_1_129' title='bbox 683 2006 749 2050; x_wconf 92' lang='grc' dir='ltr'><strong><em>υπο</em></strong></span> <span class='ocrx_word' id='word_1_130' title='bbox 739 1980 961 2069; x_wconf 90' lang='grc' dir='ltr'><strong><em>βαρβαροισι</em></strong></span> <span class='ocrx_word' id='word_1_131' title='bbox 972 1986 1112 2070; x_wconf 88' lang='grc' dir='ltr'><strong><em>νέμεται</em></strong></span> <span class='ocrx_word' id='word_1_132' title='bbox 1129 1979 1204 2051; x_wconf 81' lang='grc' dir='ltr'><strong><em>ἄλλ’</em></strong></span> 
     </span>
     <span class='ocr_line' id='line_1_19' title="bbox 210 2072 1206 2170; baseline 0.002 -24"><span class='ocrx_word' id='word_1_133' title='bbox 210 2072 249 2146; x_wconf 84' lang='grc' dir='ltr'><strong><em>εὑ</em></strong></span> <span class='ocrx_word' id='word_1_134' title='bbox 263 2078 328 2165; x_wconf 74' lang='grc' dir='ltr'><strong><em>γὰρ</em></strong></span> <span class='ocrx_word' id='word_1_135' title='bbox 341 2078 422 2167; x_wconf 78' lang='grc' dir='ltr'><strong><em>ἡμῖν</em></strong></span> <span class='ocrx_word' id='word_1_136' title='bbox 440 2106 496 2148; x_wconf 90' lang='grc' dir='ltr'><strong><em>και</em></strong></span> <span class='ocrx_word' id='word_1_137' title='bbox 484 2078 611 2148; x_wconf 43' lang='grc' dir='ltr'><strong><em>Ηέπλ</em></strong></span> <span class='ocrx_word' id='word_1_138' title='bbox 576 2106 614 2147; x_wconf 91' lang='grc' dir='ltr'><strong><em>το</em></strong></span> <span class='ocrx_word' id='word_1_139' title='bbox 629 2104 768 2165; x_wconf 87' lang='grc' dir='ltr'><strong><em>αμεινον</em></strong></span> <span class='ocrx_word' id='word_1_140' title='bbox 787 2083 942 2166; x_wconf 85' lang='grc' dir='ltr'><strong><em>κατέστη,</em></strong></span> <span class='ocrx_word' id='word_1_141' title='bbox 961 2087 1028 2170; x_wconf 74' lang='grc' dir='ltr'><strong><em>νῦν</em></strong></span> <span class='ocrx_word' id='word_1_142' title='bbox 1042 2080 1078 2149; x_wconf 76' lang='grc' dir='ltr'><strong><em>δέ</em></strong></span> <span class='ocrx_word' id='word_1_143' title='bbox 1092 2078 1206 2166; x_wconf 82' lang='grc' dir='ltr'><strong><em>ἐπειδη</em></strong></span> 
     </span>
     <span class='ocr_line' id='line_1_20' title="bbox 209 2164 1205 2267; baseline 0.003 -24"><span class='ocrx_word' id='word_1_144' title='bbox 209 2174 467 2264; x_wconf 55' lang='grc' dir='ltr'><strong><em>περιελήλυθεε</em></strong></span> <span class='ocrx_word' id='word_1_145' title='bbox 450 2203 471 2244; x_wconf 95' lang='grc' dir='ltr'><strong><em>ο</em></strong></span> <span class='ocrx_word' id='word_1_146' title='bbox 485 2176 698 2263; x_wconf 79' lang='grc' dir='ltr'><strong><em>πόλεμοςκαὶ</em></strong></span> <span class='ocrx_word' id='word_1_147' title='bbox 718 2174 851 2244; x_wconf 78' lang='grc' dir='ltr'><strong><em>απίκται</em></strong></span> <span class='ocrx_word' id='word_1_148' title='bbox 870 2178 903 2256; x_wconf 84' lang='grc' dir='ltr'><strong><em>ἐς</em></strong></span> <span class='ocrx_word' id='word_1_149' title='bbox 916 2164 1035 2267; x_wconf 84' lang='grc' dir='ltr'><strong><em>ὑμέας,</em></strong></span> <span class='ocrx_word' id='word_1_150' title='bbox 1056 2169 1146 2246; x_wconf 80' lang='grc' dir='ltr'><strong><em>οὑτω</em></strong></span> <span class='ocrx_word' id='word_1_151' title='bbox 1163 2176 1205 2262; x_wconf 81' lang='grc' dir='ltr'><strong><em>δὴ</em></strong></span> 
     </span>
     <span class='ocr_line' id='line_1_21' title="bbox 209 2271 1206 2395; baseline 0.001 -53"><span class='ocrx_word' id='word_1_152' title='bbox 209 2278 361 2354; x_wconf 81' lang='grc' dir='ltr'><strong><em>Γέλωνος</em></strong></span> <span class='ocrx_word' id='word_1_153' title='bbox 375 2281 513 2394; x_wconf 82' lang='grc' dir='ltr'><strong><em>μνῆστις</em></strong></span> <span class='ocrx_word' id='word_1_154' title='bbox 526 2279 652 2361; x_wconf 89' lang='grc' dir='ltr'><strong><em>γέγονε.</em></strong></span> <span class='ocrx_word' id='word_1_155' title='bbox 681 2272 810 2395; x_wconf 89' lang='grc' dir='ltr'><strong><em>ατιμίης</em></strong></span> <span class='ocrx_word' id='word_1_156' title='bbox 824 2277 861 2342; x_wconf 78' lang='grc' dir='ltr'><strong><em>δὲ</em></strong></span> <span class='ocrx_word' id='word_1_157' title='bbox 874 2271 958 2361; x_wconf 79' lang='grc' dir='ltr'><strong><em>πρὸς</em></strong></span> <span class='ocrx_word' id='word_1_158' title='bbox 972 2273 1084 2361; x_wconf 90' lang='grc' dir='ltr'><strong><em>ὑμέων</em></strong></span> <span class='ocrx_word' id='word_1_159' title='bbox 1098 2275 1206 2361; x_wconf 91' lang='grc' dir='ltr'><strong><em>κυρή-</em></strong></span> 
     </span>
     <span class='ocr_line' id='line_1_22' title="bbox 208 2369 1208 2461; baseline 0.004 -23"><span class='ocrx_word' id='word_1_160' title='bbox 208 2393 268 2450; x_wconf 88' lang='grc' dir='ltr'><strong><em>σας</em></strong></span> <span class='ocrx_word' id='word_1_161' title='bbox 288 2370 351 2439; x_wconf 79' lang='grc' dir='ltr'><strong><em>οόκ</em></strong></span> <span class='ocrx_word' id='word_1_162' title='bbox 373 2369 579 2458; x_wconf 71' lang='grc' dir='ltr'><strong><em>ὁμοιώσομαι</em></strong></span> <span class='ocrx_word' id='word_1_163' title='bbox 599 2371 696 2459; x_wconf 89' lang='grc' dir='ltr'><strong><em>ὑμιν,</em></strong></span> <span class='ocrx_word' id='word_1_164' title='bbox 721 2370 795 2440; x_wconf 80' lang='grc' dir='ltr'><strong><em>ἄλλ’</em></strong></span> <span class='ocrx_word' id='word_1_165' title='bbox 817 2372 945 2458; x_wconf 80' lang='grc' dir='ltr'><strong><em>ἑτοῐμός</em></strong></span> <span class='ocrx_word' id='word_1_166' title='bbox 961 2380 992 2442; x_wconf 86' lang='grc' dir='ltr'><strong><em>εί</em></strong></span> <span class='ocrx_word' id='word_1_167' title='bbox 988 2401 1027 2460; x_wconf 92' lang='grc' dir='ltr'><strong><em>μι</em></strong></span> <span class='ocrx_word' id='word_1_168' title='bbox 1045 2377 1208 2461; x_wconf 80' lang='grc' dir='ltr'><strong><em>βοηθέειν</em></strong></span> 
     </span>
     <span class='ocr_line' id='line_1_23' title="bbox 207 2468 1206 2557; baseline 0.004 -22"><span class='ocrx_word' id='word_1_169' title='bbox 207 2470 431 2555; x_wconf 79' lang='grc' dir='ltr'><strong><em>παρεχόμενος</em></strong></span> <span class='ocrx_word' id='word_1_170' title='bbox 443 2476 611 2557; x_wconf 87' lang='grc' dir='ltr'><strong><em>διηκοσίας</em></strong></span> <span class='ocrx_word' id='word_1_171' title='bbox 624 2496 660 2537; x_wconf 90' lang='grc' dir='ltr'><strong><em>τε</em></strong></span> <span class='ocrx_word' id='word_1_172' title='bbox 670 2470 823 2556; x_wconf 87' lang='grc' dir='ltr'><strong><em>τριήρεας</em></strong></span> <span class='ocrx_word' id='word_1_173' title='bbox 836 2471 890 2536; x_wconf 83' lang='grc' dir='ltr'><strong><em>καὶ</em></strong></span> <span class='ocrx_word' id='word_1_174' title='bbox 901 2474 1094 2556; x_wconf 85' lang='grc' dir='ltr'><strong><em>δισμυρίους</em></strong></span> <span class='ocrx_word' id='word_1_175' title='bbox 1108 2468 1206 2540; x_wconf 69' lang='grc' dir='ltr'><strong><em>ὑπλί·</em></strong></span> 
     </span>
     <span class='ocr_line' id='line_1_24' title="bbox 208 2565 1207 2652; baseline 0.001 -18"><span class='ocrx_word' id='word_1_176' title='bbox 208 2591 266 2644; x_wconf 87' lang='grc' dir='ltr'><strong><em>τας</em></strong></span> <span class='ocrx_word' id='word_1_177' title='bbox 280 2566 335 2633; x_wconf 83' lang='grc' dir='ltr'><strong><em>καὶ</em></strong></span> <span class='ocrx_word' id='word_1_178' title='bbox 353 2569 515 2652; x_wconf 85' lang='grc' dir='ltr'><strong><em>δισχιλίην</em></strong></span> <span class='ocrx_word' id='word_1_179' title='bbox 528 2568 632 2634; x_wconf 79' lang='grc' dir='ltr'><strong><em>ἵππον</em></strong></span> <span class='ocrx_word' id='word_1_180' title='bbox 648 2569 704 2634; x_wconf 83' lang='grc' dir='ltr'><strong><em>καλ</em></strong></span> <span class='ocrx_word' id='word_1_181' title='bbox 718 2571 898 2651; x_wconf 87' lang='grc' dir='ltr'><strong><em>δισχιλίους</em></strong></span> <span class='ocrx_word' id='word_1_182' title='bbox 912 2565 1047 2646; x_wconf 81' lang='grc' dir='ltr'><strong><em>τοξότας</em></strong></span> <span class='ocrx_word' id='word_1_183' title='bbox 1060 2571 1116 2635; x_wconf 83' lang='grc' dir='ltr'><strong><em>καλ</em></strong></span> <span class='ocrx_word' id='word_1_184' title='bbox 1130 2572 1207 2636; x_wconf 89' lang='grc' dir='ltr'><strong><em>δισ-</em></strong></span> 
     </span>
     <span class='ocr_line' id='line_1_25' title="bbox 203 2664 1204 2754; baseline -0.001 -19"><span class='ocrx_word' id='word_1_185' title='bbox 203 2674 331 2752; x_wconf 87' lang='grc' dir='ltr'><strong><em>χιλίους</em></strong></span> <span class='ocrx_word' id='word_1_186' title='bbox 341 2667 569 2754; x_wconf 86' lang='grc' dir='ltr'><strong><em>σφενδονήτας</em></strong></span> <span class='ocrx_word' id='word_1_187' title='bbox 580 2670 635 2736; x_wconf 80' lang='grc' dir='ltr'><strong><em>καὶ</em></strong></span> <span class='ocrx_word' id='word_1_188' title='bbox 646 2671 823 2752; x_wconf 83' lang='grc' dir='ltr'><strong><em>δισχιλίους</em></strong></span> <span class='ocrx_word' id='word_1_189' title='bbox 834 2664 1063 2753; x_wconf 72' lang='grc' dir='ltr'><strong><em>ἱπποδρόμους</em></strong></span> <span class='ocrx_word' id='word_1_190' title='bbox 1072 2666 1204 2748; x_wconf 78' lang='grc' dir='ltr'><strong><em>ψιλούς</em></strong></span> 
     </span>
     <span class='ocr_line' id='line_1_26' title="bbox 206 2760 1206 2854; baseline 0.001 -23"><span class='ocrx_word' id='word_1_191' title='bbox 206 2764 299 2833; x_wconf 70' lang='grc' dir='ltr'><strong><em>σῖτόν</em></strong></span> <span class='ocrx_word' id='word_1_192' title='bbox 313 2790 349 2832; x_wconf 88' lang='grc' dir='ltr'><strong><em>τε</em></strong></span> <span class='ocrx_word' id='word_1_193' title='bbox 364 2762 477 2853; x_wconf 77' lang='grc' dir='ltr'><strong><em>ἂπαση</em></strong></span> <span class='ocrx_word' id='word_1_194' title='bbox 495 2773 536 2854; x_wconf 72' lang='grc' dir='ltr'><strong><em>τῇ</em></strong></span> <span class='ocrx_word' id='word_1_195' title='bbox 550 2764 719 2851; x_wconf 86' lang='grc' dir='ltr'><strong><em>Ἑλλήνων</em></strong></span> <span class='ocrx_word' id='word_1_196' title='bbox 732 2770 884 2852; x_wconf 82' lang='grc' dir='ltr'><strong><em>στρατιῇ,</em></strong></span> <span class='ocrx_word' id='word_1_197' title='bbox 906 2760 1012 2831; x_wconf 76' lang='grc' dir='ltr'><strong><em>ἐστ’”</em></strong></span> <span class='ocrx_word' id='word_1_198' title='bbox 989 2790 1034 2831; x_wconf 91' lang='grc' dir='ltr'><strong><em>αν</em></strong></span> <span class='ocrx_word' id='word_1_199' title='bbox 1047 2768 1206 2832; x_wconf 80' lang='grc' dir='ltr'><strong><em>διαπολε·</em></strong></span> 
     </span>
     <span class='ocr_line' id='line_1_27' title="bbox 205 2856 1205 2952; baseline 0.004 -26"><span class='ocrx_word' id='word_1_200' title='bbox 205 2860 374 2945; x_wconf 89' lang='grc' dir='ltr'><strong><em>μησωμεν,</em></strong></span> <span class='ocrx_word' id='word_1_201' title='bbox 384 2856 590 2948; x_wconf 77' lang='grc' dir='ltr'><strong><em>ὑποδέκομαι</em></strong></span> <span class='ocrx_word' id='word_1_202' title='bbox 601 2864 763 2949; x_wconf 82' lang='grc' dir='ltr'><strong><em>παρέξειν</em></strong></span> <span class='ocrx_word' id='word_1_203' title='bbox 787 2862 886 2929; x_wconf 78' lang='grc' dir='ltr'><strong><em>έπλδέ</em></strong></span> <span class='ocrx_word' id='word_1_204' title='bbox 897 2861 986 2952; x_wconf 75' lang='grc' dir='ltr'><strong><em>λογρο</em></strong></span> <span class='ocrx_word' id='word_1_205' title='bbox 997 2867 1113 2930; x_wconf 87' lang='grc' dir='ltr'><strong><em>τοιωδε</em></strong></span> <span class='ocrx_word' id='word_1_206' title='bbox 1123 2863 1205 2930; x_wconf 89' lang='grc' dir='ltr'><strong><em>ταδε</em></strong></span> 
     </span>
     <span class='ocr_line' id='line_1_28' title="bbox 204 2951 1204 3048; baseline 0.008 -27"><span class='ocrx_word' id='word_1_207' title='bbox 204 2953 401 3041; x_wconf 85' lang='grc' dir='ltr'><strong><em>ὑπίσχομαι,</em></strong></span> <span class='ocrx_word' id='word_1_208' title='bbox 425 2951 524 3024; x_wconf 85' lang='grc' dir='ltr'><strong><em>έπ’</em></strong></span> <span class='ocrx_word' id='word_1_209' title='bbox 496 2985 522 3026; x_wconf 89' lang='grc' dir='ltr'><strong><em>ω</em></strong></span> <span class='ocrx_word' id='word_1_210' title='bbox 544 2959 726 3048; x_wconf 89' lang='grc' dir='ltr'><strong><em>στρατηγός</em></strong></span> <span class='ocrx_word' id='word_1_211' title='bbox 744 2984 780 3026; x_wconf 89' lang='grc' dir='ltr'><strong><em>τε</em></strong></span> <span class='ocrx_word' id='word_1_212' title='bbox 793 2960 849 3026; x_wconf 82' lang='grc' dir='ltr'><strong><em>καὶ</em></strong></span> <span class='ocrx_word' id='word_1_213' title='bbox 861 2955 997 3046; x_wconf 77' lang='grc' dir='ltr'><strong><em>ηγεμών</em></strong></span> <span class='ocrx_word' id='word_1_214' title='bbox 1009 2986 1076 3029; x_wconf 92' lang='grc' dir='ltr'><strong><em>των</em></strong></span> <span class='ocrx_word' id='word_1_215' title='bbox 1085 2957 1204 3046; x_wconf 85' lang='grc' dir='ltr'><strong><em>Ἑλλή-</em></strong></span> 
     </span>
     <span class='ocr_line' id='line_1_29' title="bbox 203 3052 1200 3149; baseline 0.004 -30"><span class='ocrx_word' id='word_1_216' title='bbox 203 3078 274 3119; x_wconf 91' lang='grc' dir='ltr'><strong><em>νων</em></strong></span> <span class='ocrx_word' id='word_1_217' title='bbox 288 3057 403 3139; x_wconf 82' lang='grc' dir='ltr'><strong><em>ἔσομαι</em></strong></span> <span class='ocrx_word' id='word_1_218' title='bbox 420 3054 504 3139; x_wconf 85' lang='grc' dir='ltr'><strong><em>πρὸς</em></strong></span> <span class='ocrx_word' id='word_1_219' title='bbox 516 3054 576 3126; x_wconf 90' lang='grc' dir='ltr'><strong><em>τὸν</em></strong></span> <span class='ocrx_word' id='word_1_220' title='bbox 589 3057 777 3144; x_wconf 80' lang='grc' dir='ltr'><strong><em>βάρβαρον·</em></strong></span> <span class='ocrx_word' id='word_1_221' title='bbox 799 3052 851 3124; x_wconf 84' lang='grc' dir='ltr'><strong><em>ἐπ’</em></strong></span> <span class='ocrx_word' id='word_1_222' title='bbox 867 3055 958 3147; x_wconf 78' lang='grc' dir='ltr'><strong><em>α’λλμ</em></strong></span> <span class='ocrx_word' id='word_1_223' title='bbox 974 3061 1010 3127; x_wconf 75' lang='grc' dir='ltr'><strong><em>δέ</em></strong></span> <span class='ocrx_word' id='word_1_224' title='bbox 1022 3057 1112 3149; x_wconf 67' lang='grc' dir='ltr'><strong><em>λόγῳ</em></strong></span> <span class='ocrx_word' id='word_1_225' title='bbox 1125 3054 1200 3123; x_wconf 69' lang='grc' dir='ltr'><strong><em>οὔτ’</em></strong></span> 
     </span>
     <span class='ocr_line' id='line_1_30' title="bbox 137 3149 1203 3241; baseline 0.005 -24"><span class='ocrx_word' id='word_1_226' title='bbox 137 3170 163 3217; x_wconf 84' lang='grc'><strong>1</strong></span> <span class='ocrx_word' id='word_1_227' title='bbox 152 3168 186 3221; x_wconf 82' lang='grc'>9</span> <span class='ocrx_word' id='word_1_228' title='bbox 202 3177 246 3217; x_wconf 93' lang='grc' dir='ltr'><strong><em>αν</em></strong></span> <span class='ocrx_word' id='word_1_229' title='bbox 258 3149 359 3231; x_wconf 91' lang='grc' dir='ltr'><strong><em>αυτος</em></strong></span> <span class='ocrx_word' id='word_1_230' title='bbox 369 3153 555 3241; x_wconf 75' lang='grc' dir='ltr'><strong><em>ἔλθοιμι</em></strong></span> <span class='ocrx_word' id='word_1_231' title='bbox 510 3152 587 3223; x_wconf 86' lang='grc' dir='ltr'><strong><em>ουτ</em></strong></span> <span class='ocrx_word' id='word_1_232' title='bbox 598 3182 642 3223; x_wconf 94' lang='grc' dir='ltr'><strong><em>αν</em></strong></span> <span class='ocrx_word' id='word_1_233' title='bbox 651 3154 773 3231; x_wconf 92' lang='grc' dir='ltr'><strong><em>αλλους</em></strong></span> <span class='ocrx_word' id='word_1_234' title='bbox 783 3157 955 3240; x_wconf 72' lang='grc' dir='ltr'><strong><em>πέμψαιμι</em></strong></span> <span class='ocrx_word' id='word_1_235' title='bbox 961 3152 1115 3224; x_wconf 85' lang='grc' dir='ltr'><strong><em>Ταῦτα’</em></strong></span> <span class='ocrx_word' id='word_1_236' title='bbox 1095 3154 1203 3222; x_wconf 85' lang='grc' dir='ltr'><strong><em>ακοό-</em></strong></span> 
     </span>
     <span class='ocr_line' id='line_1_31' title="bbox 202 3247 1200 3338; baseline 0.005 -24"><span class='ocrx_word' id='word_1_237' title='bbox 202 3269 261 3326; x_wconf 90' lang='grc' dir='ltr'><strong><em>σας</em></strong></span> <span class='ocrx_word' id='word_1_238' title='bbox 278 3247 356 3317; x_wconf 77' lang='grc' dir='ltr'><strong><em>τότε</em></strong></span> <span class='ocrx_word' id='word_1_239' title='bbox 372 3248 556 3336; x_wconf 67' lang='grc' dir='ltr'><strong><em>ήνέσχετο“</em></strong></span> <span class='ocrx_word' id='word_1_240' title='bbox 542 3278 560 3319; x_wconf 94' lang='grc' dir='ltr'><strong><em>ο</em></strong></span> <span class='ocrx_word' id='word_1_241' title='bbox 577 3254 734 3338; x_wconf 78' lang='grc' dir='ltr'><strong><em>Σύαγρος</em></strong></span> <span class='ocrx_word' id='word_1_242' title='bbox 754 3249 826 3320; x_wconf 80' lang='grc' dir='ltr'><strong><em>εἶπέ</em></strong></span> <span class='ocrx_word' id='word_1_243' title='bbox 843 3277 880 3320; x_wconf 90' lang='grc' dir='ltr'><strong><em>τε</em></strong></span> <span class='ocrx_word' id='word_1_244' title='bbox 895 3253 990 3320; x_wconf 82' lang='grc' dir='ltr'><strong><em>τόδε·</em></strong></span> <span class='ocrx_word' id='word_1_245' title='bbox 1019 3247 1063 3319; x_wconf 78' lang='grc' dir='ltr'><em>Ἠ</em></span> <span class='ocrx_word' id='word_1_246' title='bbox 1072 3277 1110 3319; x_wconf 88' lang='grc' dir='ltr'><strong><em>κε</em></strong></span> <span class='ocrx_word' id='word_1_247' title='bbox 1124 3248 1200 3337; x_wconf 71' lang='grc' dir='ltr'><strong><em>μέγ’</em></strong></span> 
     </span>
     <span class='ocr_line' id='line_1_32' title="bbox 201 3343 1201 3435; baseline 0.004 -23.128"><span class='ocrx_word' id='word_1_248' title='bbox 201 3343 380 3428; x_wconf 76' lang='grc' dir='ltr'><strong><em>οίμοόξειε</em></strong></span> <span class='ocrx_word' id='word_1_249' title='bbox 365 3372 383 3413; x_wconf 94' lang='grc' dir='ltr'><strong><em>ο</em></strong></span> <span class='ocrx_word' id='word_1_250' title='bbox 398 3352 585 3433; x_wconf 85' lang='grc' dir='ltr'><strong><em>Πελοπίδης</em></strong></span> <span class='ocrx_word' id='word_1_251' title='bbox 594 3346 807 3435; x_wconf 84' lang='grc' dir='ltr'><strong><em>Ἀγαμέμνων</em></strong></span> <span class='ocrx_word' id='word_1_252' title='bbox 819 3348 1014 3434; x_wconf 84' lang='grc' dir='ltr'><strong><em>πυθόμενος</em></strong></span> <span class='ocrx_word' id='word_1_253' title='bbox 1026 3347 1201 3435; x_wconf 87' lang='grc' dir='ltr'><strong><em>Σπαρτιή-</em></strong></span> 
     </span>
     <span class='ocr_line' id='line_1_33' title="bbox 199 3440 1200 3533; baseline 0.012 -27"><span class='ocrx_word' id='word_1_254' title='bbox 199 3467 256 3518; x_wconf 88' lang='grc' dir='ltr'><strong><em>τας</em></strong></span> <span class='ocrx_word' id='word_1_255' title='bbox 275 3440 337 3527; x_wconf 87' lang='grc' dir='ltr'><strong><em>τήν</em></strong></span> <span class='ocrx_word' id='word_1_256' title='bbox 354 3440 537 3530; x_wconf 84' lang='grc' dir='ltr'><strong><em>ἡγεμονίην</em></strong></span> <span class='ocrx_word' id='word_1_257' title='bbox 556 3444 807 3533; x_wconf 79' lang='grc' dir='ltr'><strong><em>ἄπαραιρῆσθαι</em></strong></span> <span class='ocrx_word' id='word_1_258' title='bbox 830 3445 896 3516; x_wconf 86' lang='grc' dir='ltr'><strong><em>ὑπδ</em></strong></span> <span class='ocrx_word' id='word_1_259' title='bbox 918 3447 1070 3527; x_wconf 89' lang='grc' dir='ltr'><strong><em>Γέλωνός</em></strong></span> <span class='ocrx_word' id='word_1_260' title='bbox 1088 3475 1124 3517; x_wconf 91' lang='grc' dir='ltr'><strong><em>τε</em></strong></span> <span class='ocrx_word' id='word_1_261' title='bbox 1143 3453 1200 3517; x_wconf 79' lang='grc' dir='ltr'><strong><em>καλ</em></strong></span> 
     </span>
    </p>
   </div>
   <div class='ocr_carea' id='block_1_6' title="bbox 0 0 1308 3920">
    <p class='ocr_par' dir='ltr' id='par_1_8' title="bbox 0 0 1308 3920">
     <span class='ocr_line' id='line_1_34' title="bbox 0 0 1308 3920; baseline 0 3"><span class='ocrx_word' id='word_1_262' title='bbox 0 0 1308 3920; x_wconf 95' lang='lat' dir='ltr'><strong><em> </em></strong></span> 
     </span>
    </p>
   </div>
  </div>
 </body>
</html>
