2618 3928
209 245 271 309 140
425 274 431 293 ·
579 256 827 315 HERODOTI

206 401 251 482 ῶς
266 408 363 472 πέντε
378 407 520 489 μάλιστά
534 435 577 495 κη
586 409 853 496 ἀναφαινόμενος
863 417 991 486 έκδιδολ
996 413 1160 500 καίοντος
1171 426 1208 502 ές

204 501 264 571 τόν
278 509 488 587 Μαίανδρον
510 508 547 573 έκ
562 507 599 574 δὲ
608 508 833 576 Κολοσσέων’
818 512 1019 603 ορμεόμενος
1033 513 1051 583 ὁ
1063 516 1206 602 στρατός

176 594 184 605 ’
204 602 257 668 ἐπὶ
269 598 349 678 τοῦς
362 598 485 687 οῦρους
498 609 566 669 τῶν
583 611 727 689 Φρυγῶν
740 609 795 674 καί
805 600 928 674 Λυδῶν
938 607 1072 679 ἀπίκετο
1083 614 1116 690 ἐς
1127 615 1204 680 Κῦ-

205 701 311 782 δραρα
331 697 447 783 πόλιν,
471 705 556 767 ἔνθα
572 701 673 787 στήλη
695 718 960 791 καταπεπηγυῖα,
983 717 1142 777 σταθεῖσα
1162 713 1202 778 δὲ

203 793 271 862 ὑπό
287 801 452 883 Κροίσου,
466 799 690 884 καταμηνύει
687 798 742 865 διά
755 801 958 886 γραμμάτων
971 801 1051 882 τοῦς
1064 804 1190 893 οῦρς

149 893 306 972 31Ὡςδέ
326 900 363 964 su
376 904 433 983 τῆς
448 905 596 984 Φρυγίης
610 901 743 985 ἐσέβαλε
763 900 844 977 ές
809 926 870 986 την
883 906 1029 989 Λυδίην,
1051 924 1103 989 σηι
1120 912 1201 991 ομέ-

202 1018 263 1077 υης
277 997 334 1078 τῆς
347 989 430 1062 ὁδοῦ
450 997 505 1063 καί
525 1002 582 1082 τῆς
597 997 659 1080 μέν
681 993 752 1074 ές’
733 997 910 1085 αριστερήυ
926 1002 979 1068 ἐπὶ
993 1007 1119 1089 Καρίης
1136 1029 1201 1088 φε-

203 1090 343 1176 ροάσης,
360 1098 417 1178 τής
432 1092 468 1159 δέ
482 1095 514 1170 ἐς
529 1090 640 1179 δεξιήν
656 1095 688 1172 ἐς
701 1095 844 1179 Σάρδις,
861 1122 900 1184 τη
886 1100 969 1164 καὶ
982 1102 1200 1190 πορευομένην

202 1186 408 1271 διαβῆναι
374 1213 434 1254 τον
447 1194 648 1272 Μαίανδρον
662 1189 813 1276 ποταμόν
826 1199 916 1260 πᾶσα
927 1193 1057 1281 ἀνάγκη
1071 1204 1199 1281 γίνεται

200 1282 255 1347 καὶ
266 1282 351 1349 έναι
360 1308 450 1368 παρα
438 1281 675 1374 Καλλάτηβον
686 1288 796 1373 πόλιν,
808 1290 846 1357 έν
856 1317 895 1378 τη
881 1290 1025 1379 ανδρες
1035 1298 1197 1381 δημιουρ-

201 1381 254 1463 γοὶ
268 1382 340 1463 μέλι
355 1383 391 1445 έκ
405 1387 545 1465 μυρίκης
558 1407 593 1448 τε
607 1384 662 1450 καὶ
675 1390 787 1467 πυροῦ
803 1393 933 1454 ποιεῦσι
940 1387 1089 1474 τ,αότην
1104 1387 1194 1458 ίῶνό

200 1472 372 1559 Ξέρξης
336 1499 397 1559 την
412 1470 547 1543 ὁδόν
507 1503 586 1563 ενρε
599 1484 883 1571 πλατάνιστον,
848 1515 909 1576 την
918 1490 1103 1569 κάλλεος”
1071 1515 1200 1558 εινεκεν

202 1586 436 1670 δωρησάμενος
449 1587 562 1675 κόσμῳ
572 1591 700 1677 χρυσέην
711 1589 766 1654 καί
776 1592 952 1677 μελεδωνῷ
965 1586 1124 1678 ἀθανάτη)
1135 1587 1199 1655 ἀυ-

201 1685 255 1768 δρὶ
267 1683 443 1766 ἐπιτρέψας
463 1684 600 1771 δευτέρη
616 1681 722 1772 ἡμέρη
743 1681 878 1753 ἀπίκετο
894 1688 928 1764 ές
941 1693 1009 1753 τῶν
1021 1679 1194 1755 Λυδῶν
1159 1711 1198 1752 το

153 1791 187 1845 32
202 1780 295 1847 ἀστυ.
329 1777 544 1866 ’Λπικόμενος
564 1781 601 1848 δὲ
621 1783 654 1859 ἐς
669 1782 797 1867 Σάρδις
816 1790 929 1868 πρῶτα
945 1783 1007 1868 μὲν
1018 1780 1199 1867 Ιἀπέπεμπε

198 1893 346 1976 κήρυκας
360 1883 393 1957 ἐς
409 1876 470 1965 τήν
479 1877 619 1948 Ἐλλάδα
633 1880 827 1967 αίτήσουτας
844 1888 908 1967 γῆν
918 1907 953 1949 τε
967 1884 1022 1950 καί
1035 1879 1127 1966 ὕδωρ
1142 1883 1198 1948 καὶ

199 1990 418 2076 προερέοντας
435 1992 552 2055 δεῖπνα
567 1989 698 2074 βασιλέι·
714 1989 984 2070 παρασκευάζειν.
1015 1978 1102 2064 πλὴν
1119 1977 1197 2045 οὔτε

104 2107 108 2113 ·
200 2090 233 2165 ές
242 2083 387 2172 Ἀθήνας
400 2083 478 2153 οῦτε
492 2088 525 2163 ές
538 2089 771 2170 Λακεδαίμονα
786 2082 957 2169 ἀπέπεμπε
971 2085 1023 2152 ἐπὶ
1033 2090 1093 2171 γής
1102 2091 1196 2166 αλτη

189 2206 269 2266 σιν,
291 2191 330 2272 τῇ
345 2184 381 2251 δέ
401 2182 485 2272 ἀλλη
504 2183 629 2272 πάντη,
652 2189 758 2250 τῶνδε
778 2186 814 2250 δέ
831 2185 958 2250 εἵνεκεν
978 2178 1016 2249 τό
1038 2180 1195 2263 δεύτερον

199 2281 370 2367 ἀπέπεμπε
384 2285 437 2349 ἐπὶ
448 2288 513 2368 γήν
525 2307 562 2350 τε
576 2283 630 2349 καὶ
643 2280 752 2366 ὕδωρ·
774 2277 848 2347 ὅσοι
862 2280 1026 2366 πρότερον
1040 2274 1103 2345 οῦκ
1118 2280 1193 2344 660-

200 2401 263 2447 σαν
276 2385 409 2469 Δαρείςο
423 2380 604 2466 πέμψαντι,
625 2380 765 2459 τούτους
780 2380 891 2465 πάγχυ
912 2377 1077 2447 έδόκεε’
1039 2402 1113 2446 τοτε
1126 2381 1195 2444 δεί-

198 2499 320 2554 σαντας
340 2475 470 2544 δόσειν
504 2472 761 2563 βουλόμενος
734 2505 782 2546 ων
810 2474 890 2545 αὐτὸ
911 2482 1008 2545 τοῦτο
1036 2478 1196 2560 ἐκμαθεῖν

162 2571 360 2661 ’ριβέως
376 2578 508 2659 ἔπεμπε

152 2686 187 2741 83
324 2696 380 2738 ετα
368 2667 433 2738 δέ
447 2678 550 2739 ταῦτα
562 2668 860 2757 παρεσκευάζετο’
838 2696 883 2748 ως
899 2672 983 2737 έλῶν
997 2672 1030 2745 ές
1039 2667 1193 2754 Ἄβυδον

199 2771 321 2839 έέν
331 2795 438 2861 τουτω
448 2796 509 2837 τον
514 2767 757 2856 Ελλησποντον
764 2770 965 2855 έζευγνυσαν
976 2770 1061 2835 έκ
1022 2792 1080 2853 της
1086 2762 1195 2851 Ασίης

200 2863 279 2944 ἐς
245 2891 306 2952 την
318 2837 496 2952 Εὐρώπην
520 2874 587 2935 ἔστι
599 2868 684 2935 δέ
644 2893 702 2953 της
712 2865 928 2951 Χερσονήσου
939 2870 996 2949 τῆς
1013 2859 1067 2931 ἐν’
1063 2870 1194 2970 Ελλησ-

198 2961 326 3084 πόντην,
347 2969 482 3047 Σηστοῦ
502 2987 537 3029 τε
560 2965 677 3042 πόλιος
697 2961 819 3048 μεταξῦ
839 2964 894 3031 καί
908 2958 1130 3047 Μαδότον,’
1112 2946 1193 3046 ακτή

198 3062 315 3146 τρηχέα
331 3062 363 3137 ές
379 3059 555 3127 θάλασσαν
565 3061 753 3147 κατήκουσα
764 3058 892 3150 ’Λβόδην
907 3064 1093 3140 καταντίον,
1109 3061 1192 3124 ἔνθα

199 3153 278 3241 μετά
296 3161 415 3239 ταῦτα,
438 3156 546 3245 χρόνῳ
561 3155 703 3243 ῦστερον
722 3184 764 3225 ου
752 3156 906 3246 ’πολλῷ,
928 3159 980 3224 ἐπὶ
992 3159 1105 3233 Ξανθί
1102 3178 1193 3222 ππου

197 3259 257 3320 τοῦ
267 3248 461 3336 ’Λρίφρονος
470 3262 653 3340 στρατηγοῦ
664 3252 862 3341 Ἀθηναίων,
873 3251 1076 3339 Ἀρταΰκτην
1087 3250 1193 3333 ἀνδρα

145 3412 149 3416 .
198 3350 333 3433 Πέρσην
347 3346 504 3433 λαβόντες
518 3358 653 3437 Σηστοῦ
671 3351 821 3439 ὕπαρχον
839 3350 963 3432 ζῶοντα
977 3345 1062 3436 πρὸς
1075 3350 1194 3415 σανίδα

199 3444 500 3525 διεπασσάλευσαν,
515 3444 552 3525 63
562 3452 617 3517 καὶ
628 3452 661 3527 ἐς
671 3458 732 3517 τοῦ
746 3455 960 3535 Πρωτεσίλεω
974 3441 1010 3513 τό
1026 3440 1102 3529 ίρδν
1111 3443 1149 3513 τό
1162 3447 1194 3522 ἐς
