2606 3930
210 216 273 288 874
585 228 836 290 HERODOTI

211 385 266 456 καὶ
286 385 482 479 κυκλοτερὲς
495 389 629 481 πάντη,
650 386 786 477 ύιγηλδν
806 388 952 462 δδούτω
972 394 1015 484 δή
1034 422 1066 465 τι
1080 394 1208 484 λέγεται
1289 390 1290 457 ί

213 485 257 570 ὥς
269 484 330 570 τάς
348 487 502 578 κορυφάς
522 488 629 560 αὐτοῦ
645 487 709 560 σύιι
723 486 778 561 οἷά
794 515 830 559 τε
846 488 931 563 είναι
946 495 1096 565 ίδέσδαι.
1110 492 1208 567 ούδέ-

209 614 289 659 κοτε
301 585 368 678 γάρ
381 587 485 673 αὐτάς
499 587 691 661 ἀπολείπειν
704 593 809 678 νέφεα
823 588 902 663 ούτε
914 595 1035 682 θέρεος
1047 591 1125 666 οὔτε
1141 619 1211 683 χει·

211 696 339 776 μῶνος·
373 694 496 761 τοῦτον
513 695 612 761 κίονα
632 695 695 761 τοῦ
717 690 869 781 ούρανοῦ
893 692 1031 778 λέγουσι
1042 695 1078 763 ὀί
1089 692 1211 780 ἐπιχύ-

211 813 279 877 ριοι
301 786 395 859 εἶναι.
428 793 481 861 έκλ
500 791 623 863 τούτου
639 795 701 859 τοῦ
720 786 840 879 οὔρεος
860 794 895 859 οί
915 788 1093 880 ἅνθρωποι
1114 784 1211 863 οὗτοι

211 886 382 976 έπάνυμοι
397 891 568 977 ἐγένοντο·
589 892 764 961 καλέονται
777 886 843 978 γάρ
858 887 1131 978 δηΐλτλαντες.
1154 893 1211 961 λέ-

210 1013 327 1074 γονται
348 991 385 1059 δέ
405 988 483 1060 οὔτε
500 997 649 1081 ἔμψυχον
666 988 768 1062 οὐδέν
784 994 952 1061 σιτέεσθαι
965 989 1046 1061 ούτε
1066 993 1210 1063 ἐνύπνια

147 1109 195 1167 185
211 1082 305 1175 δρᾶν.
350 1090 460 1178 Μέχρι
485 1093 547 1178 μέν
571 1089 613 1181 δὴ
633 1099 702 1160 τῶν
720 1090 908 1161 Ἀτλάντων
926 1093 1058 1161 τούτων
1080 1098 1144 1181 ἔχω
1168 1091 1209 1163 τά

212 1186 383 1276 οὐνόματα
403 1198 472 1259 τῶν
488 1195 526 1261 έν
554 1200 591 1274 τῦ
615 1190 730 1283 ὀφρύη
752 1192 1001 1280 κατοικημένων
1024 1195 1209 1284 καταλέξαι,
1290 1262 1291 1265 ,

210 1283 249 1355 τό
264 1283 296 1355 δ’
319 1283 383 1357 άπὸ
400 1289 530 1359 τούτων
550 1288 670 1360 οὐκέτι.
693 1290 800 1379 διήκει
820 1288 853 1359 δ’
875 1283 924 1360 οἷν
944 1288 965 1380 ἡ
986 1288 1099 1382 ὀφρύη
1115 1296 1207 1381 μέχρι

129 1438 132 1443 -
206 1384 398 1475 Ἡρακλέων
411 1392 559 1478 στηλέων
572 1393 629 1459 καὶ
642 1387 679 1459 τό
697 1393 759 1471 έξω
776 1389 914 1460 τούτων.
943 1397 1013 1462 ἔστι
1026 1393 1063 1461 δέ
1078 1389 1158 1472 ἁλός
1173 1416 1210 1461 τε

211 1488 374 1571 μέταλλον
387 1490 425 1556 έν
438 1486 523 1579 αὐτῇ
536 1486 593 1559 διά
608 1490 688 1559 δέκα
699 1486 853 1576 ἡμερέων
867 1486 952 1561 ὁδοῦ
965 1492 1021 1561 καί
1031 1488 1209 1580 άνδρωκοι

210 1583 388 1665 οἰκέοντες.
405 1583 446 1655 τά
461 1588 497 1656 δέ
512 1590 600 1658 οίκία
611 1588 760 1657 τούτοισι
770 1594 852 1658 πάσι
862 1591 899 1659 έκ
909 1596 978 1659 τάν
987 1586 1115 1660 άλίνων
1129 1589 1206 1678 γόν·

211 1688 303 1773 δρων
318 1688 557 1775 οἰκοδομέαται.
580 1692 685 1756 ταῦτα
695 1684 762 1777 ’γάρ
773 1685 837 1776 ἤδη
847 1694 906 1776 τῆς
914 1687 1044 1779 Λιβύης
1054 1686 1207 1778 άνομβρά

211 1786 294 1852 ἐστι·
316 1780 359 1853 ού
375 1782 440 1875 γάρ
455 1780 499 1854 άν
524 1781 682 1856 ἐδυνέατο
702 1788 817 1877 μένειν
833 1791 868 1857 οί
885 1802 989 1876 τοιχοι
1007 1786 1120 1871 ἐόντες
1133 1788 1210 1861 άλι·

210 1910 281 1971 υοι,
304 1887 336 1953 εί
349 1876 398 1956 δε.
422 1882 493 1955 ὁδε
511 1881 573 1967 άλς
592 1883 716 1957 αύτόδι
736 1888 792 1958 καὶ
805 1883 925 1968 λευκδς
944 1889 1000 1959 καί
1015 1879 1210 1979 πορφύρεος

209 1979 247 2052 τό
264 1980 350 2066 εἶδος
363 1981 550 2076 ὀρύσσεται.
573 1984 659 2076 ὑπέρ
672 1987 709 2057 δέ
718 1993 776 2075 τῆς
786 1982 916 2076 ὀφρύης
926 1986 1064 2076 ταύτης,
1075 1984 1115 2058 ιδ
1124 1985 1209 2076 πρὸς

211 2083 314 2153 νότον
328 2087 384 2156 καί
404 2086 588 2175 μεσόγαιαν
606 2093 665 2176 τῆς
680 2085 825 2175 Λιβύης,
845 2087 968 2175 ἐφῆμος
987 2089 1045 2159 καί
1062 2084 1209 2177 ἄνυδρος

210 2189 266 2256 καί
279 2184 409 2275 άδηρος
427 2191 485 2259 καὶ
496 2186 667 2280 ἄνομβρος
686 2188 741 2257 καί
761 2184 882 2269 άξυλός
900 2187 971 2255 έστι
988 2181 1132 2275 ἡγάρη,
1148 2187 1206 2256 ’καί

209 2286 348 2374 ἰκμάδος
362 2289 430 2356 ἐστὶ
444 2290 482 2358 έν
496 2285 580 2378 αὐτῇ
596 2286 707 2360 οὐδέν.

143 2406 195 2464 186
295 2384 395 2454 Οὕτω
409 2385 472 2472 μέν
491 2388 585 2473 μέχρι
598 2394 657 2474 τῆς
673 2391 872 2475 Τριτωνίδος
891 2392 1009 2474 λίμνης
1020 2380 1081 2454 ἆτ’
1099 2383 1209 2473 Ἀίγύ-

210 2509 297 2555 πτου
311 2483 455 2572 νομάδες
475 2485 537 2555 είσδ
552 2486 737 2575 κρεοφάγοι
757 2512 794 2557 τε
813 2488 869 2557 καί
889 2483 1134 2573 γαλακτοπόται
1145 2489 1209 2554 Λί-

210 2590 306 2671 βυες,
327 2586 383 2653 καί
400 2584 537 2672 θηλέων
558 2610 595 2653 τε
614 2590 707 2674 βοοῖν
726 2582 801 2656 ούτι
832 2583 1024 2673 γευόμενα,
1058 2580 1208 2668 διότιπερ

210 2679 296 2751 οὐδὲ.
309 2681 505 2773 Αἰγύπτιοι,
525 2685 582 2755 καί
602 2676 645 2765 ὗς
664 2681 707 2755 ού
728 2687 916 2774 τρέφοντες.
947 2689 1040 2772 βοάν
1059 2684 1122 2770 μέν
1141 2706 1208 2750 νυν

209 2781 346 2868 θηλέων
360 2781 435 2854 ούδ’
457 2789 495 2854 αί
508 2790 714 2874 Κυρηναίων
734 2799 891 2875 γυναῖκες
911 2787 1076 2854 δικαιεῦσι
1089 2779 1207 2851 πατέε-

210 2889 292 2948 σδαι
306 2879 362 2951 διά
376 2879 439 2971 τὴν
454 2885 492 2952 ἐν
505 2878 768 2976 ΑίγύπτφἾσιν,
782 2879 868 2953 άλλά
883 2883 939 2952 καὶ
951 2887 1110 2970 νηστηίας
1123 2876 1207 2970 αὐτῇ

208 2981 264 3048 καί
284 2975 384 3065 ὁρτάς
404 2981 625 3072 ἐπιτελέουσι,
653 2989 690 3053 αί
710 2985 747 3054 δέ
766 2990 835 3053 τάν
852 2988 1032 3071 Βαρκαίων
1051 2993 1208 3069 γυναίκες

142 3090 190 3150 187
208 3072 288 3148 οὐδέ
301 3074 373 3148 ὑῶν
390 3077 473 3170 πρὸς
486 3090 561 3174 τῇσι
577 3086 676 3174 βουσί
688 3084 855 3170 γεύονται.
877 3086 982 3150 ταῦτα
993 3081 1055 3167 μέν
1066 3076 1107 3167 δὴ
1118 3075 1207 3146 οὕτω

208 3185 290 3267 ἔχει,
311 3174 349 3248 τό
366 3176 404 3249 δέ
416 3177 502 3269 πρὸς
515 3183 655 3272 έσπέρης
673 3188 731 3270 τῆς
748 3181 950 3268 Τριτωνίδος
966 3184 1083 3266 λίμνης
1096 3172 1204 3245 ούκέτι

207 3275 351 3366 νομάδες
370 3281 433 3348 είσλ
445 3285 585 3370 Λίβυες,
607 3277 686 3351 οὐδὲ
702 3279 837 3369 νόμοισι
859 3292 945 3351 τοίσι
961 3272 1091 3346 αύτοισι
1109 3271 1207 3361 χρεό-

207 3400 319 3463 μενοι,
348 3372 427 3446 ούδέ
448 3376 532 3448 κατά
556 3375 598 3449 τά
623 3383 739 3449 παιδία
763 3386 937 3458 ποιεῦντες
958 3370 1033 3449 σίόν
1049 3401 1085 3445 τι
1104 3373 1209 3444 καλοί

208 3472 351 3557 νομάδες
373 3474 497 3548 έάθασι
522 3481 658 3553 ποιέειν.
696 3485 731 3550 οί
748 3476 815 3571 γάρ
836 3476 877 3569 δὴ
898 3482 968 3549 τάν
986 3472 1129 3566 Λιβύων
1148 3496 1206 3542 νο·
