2606 3920
339 205 424 262 Llss.
472 205 543 260 vm.
578 205 676 262 οτι).
708 211 850 264 38-44.
1047 199 1104 263 ΞΠ

98 373 206 457 λακον
222 369 279 449 τῆς
294 359 495 448 ἀκροπόλιος
515 363 745 430 ἐνδιαιτᾶσθαι
760 363 856 453 ἐντῷ
871 366 941 454 ίρῷ.
970 364 1114 449 λέγουσί
1195 353 1203 361 ’

97 489 135 531 τε
151 468 254 530 ταῦτα
270 463 325 531 καί
340 459 380 548 δή
395 463 450 528 καὶ
465 458 509 538 ὦς
523 460 612 527 ἐόντι
627 459 784 546 ἐπιμήνια
801 461 1003 528 ἐπιτελέουσι
1022 485 1104 548 προ-

95 561 264 638 τιθέντες·
286 557 371 627 τάδ’.
384 558 541 645 ἐπιμηνια
552 555 748 644 μελιτοεσσα
757 532 1024 679 ἐστβάτηδΗ
1005 584 1026 646 η
1045 582 1104 643 με·

13 662 15 695 ff
96 657 253 728 λιτόεσσα
272 660 309 727 ἐν
328 684 374 750 τω
360 656 573 745 πρόσθεί
537 683 558 722 α
559 659 601 725 cel
619 658 730 774 χρήνρι
747 653 1010 746 ἀναισιμουμένη
1030 657 1103 726 τότε

13 828 14 833 1
94 749 142 845 ἦν
156 754 335 837 ἄψαυστος
358 753 552 843 σημηνάσης
568 755 604 822 δὲ
618 760 722 822 ταῦτα
736 760 794 840 τῆς
810 758 913 872 ίρείης
927 750 1059 841 μᾶλλόν
1072 780 1101 821 τι

13 860 15 935 g
95 857 132 920 οἱ
146 849 320 940 Ἀθηναῖοι
335 854 391 921 καί
410 851 670 938 προθυμότερον
692 848 893 931 ἐξέλιπον
857 877 919 937 την
934 851 1036 920 πόλιν
1059 849 1103 929 ὡς

93 956 152 1021 καί
173 960 231 1040 τῆς
244 961 331 1021 θεοῦ
351 950 609 1038 ἀπολελοιπυίης
625 949 688 1039 τήν
706 949 900 1037 ἀκρόπολιν.
925 947 969 1028 ὡς
987 951 1026 1018 δέ
1042 968 1101 1035 σφι

94 1056 206 1124 πάντα
221 1053 430 1142 ὑπεξεκέετο,
447 1059 577 1123 ἐπλωον
593 1057 626 1131 ἐς
642 1050 679 1121 τδ
694 1051 927 1140 στρατόπεδον.
958 1049 1044 1120 Ἐπεὶ
1065 1053 1100 1119 δὲ
1118 1082 1153 1138 ηη

93 1161 130 1225 οί
143 1152 201 1223 ἀπ’
215 1152 421 1244 Ἀρτεμισίου
436 1157 469 1234 ἐς
480 1162 656 1240 Σαλαμῖνα
671 1154 830 1238 κατέσχον
843 1148 901 1230 τάς
911 1153 998 1237 νέας,
1013 1169 1099 1218 συν-

13 1326 16 1333 ,
93 1257 188 1341 έρρεε
201 1256 257 1322 καλ
271 1250 289 1322 δ
305 1251 421 1333 λοιπδς
436 1253 698 1338 πυνθανόμενος
713 1248 731 1319 6
747 1256 815 1318 τῶν
829 1247 998 1336 Ἑλλήνων
1011 1275 1098 1316 vav·

13 1378 15 1433 ξ
91 1349 185 1430 τικδς
197 1350 336 1438 στρατδς
351 1356 388 1421 ἐκ
405 1358 598 1439 Τροιζῆνος·
620 1353 653 1428 ἐς
668 1347 733 1435 γάρ
749 1348 904 1435 Πάρωνα
917 1346 977 1417 τδυ
996 1358 1098 1434 Τροι-

13 1442 15 1473 ;
93 1454 216 1536 ζηνίων
227 1453 344 1537 λιμένα
358 1455 534 1538 προείρητο
546 1449 777 1533 συλλέγεσθαι
799 1446 1051 1534 συνελέχθησάν
1065 1470 1099 1512 τε

93 1546 134 1637 δή
147 1556 259 1641 πολλῷ
270 1557 411 1630 πλεῦνες
423 1544 530 1636 νέεςή
541 1544 593 1617 ἐπ’
609 1546 799 1637 Ἀρτεμισίῳ
810 1546 1027 1666 ἐναυμάχεον,
1044 1549 1099 1613 καλ

92 1643 158 1714 ἀπὸ
174 1653 301 1716 πολίων
315 1647 480 1716 πλεύνων.
502 1645 670 1732 ναύαρχος
680 1647 742 1730 μέν
756 1669 822 1711 νυν
836 1639 957 1730 ἐκεῖν’
936 1640 1042 1721 ωυτδς
1061 1640 1098 1720 ὅς

13 1756 14 1759 ’
91 1767 154 1830 περ
180 1742 233 1812 ἐπ’
264 1742 473 1836 Ἀρτεμισίῳ,
505 1739 721 1829 Εὐρυβιάδης
748 1736 919 1826 Εάρυκλεί
904 1738 1027 1808 ίδεω
1008 1763 1097 1825 ᾳνηρ

96 1840 320 1929 Σπαρτιήτης,
342 1838 384 1907 οά
406 1843 520 1927 μέντοι
539 1838 655 1925 μένεός
677 1844 798 1923 γετοῦ
819 1843 995 1924 βασιληλον
1017 1837 1095 1906 ἐάν

91 1938 170 2014 νέας
184 1936 221 2003 δέ
235 1944 347 2027 πολλῷ
361 1944 515 2015 πλείστας
529 1962 565 2003 τε
585 1931 679 2003 καλ”
655 1953 774 2022 αριστα
787 1934 965 2014 πλωοάσας
977 1940 1122 2035 παρεί-

13 2064 14 2091 1
90 2058 188 2122 χοντο
206 2004 388 2121 Ἀθηνάτοι.
423 2032 676 2121 Ἐστρατεύοντο
693 2031 729 2099 δὲ
743 2034 828 2099 οιδε
857 2032 893 2098 ἐκ
907 2030 969 2118 μέν
982 2040 1091 2100 Πελο-
1110 2048 1146 2105 43

13 2130 14 2133 ¹
90 2133 264 2231 ποννήσου
281 2133 541 2254 Λακεδαιμόνιοι
562 2134 736 2200 ἑκκαίδεκα
759 2130 836 2207 νέας
860 2130 1092 2251 παρεχόμενοι,

89 2238 269 2320 Κορίνθιοι
287 2228 376 2298 66
342 2256 379 2297 το
396 2227 477 2298 αάτδ
493 2229 656 2316 πλήρωμα
671 2226 892 2313 παρεχόμενοι
909 2224 946 2295 τδ
967 2230 1023 2296 καὶ
1038 2224 1089 2296 ἐπ’

85 2328 287 2446 Ἀρτεμισίω,
303 2329 489 2396 Σικυώνιοι
504 2326 539 2394 δέ
550 2328 786 2394 πεντεκαίδεκα
797 2332 992 2413 παρείχοντο
1004 2328 1090 2410 νέας,

85 2418 289 2515 Ἐπιδαύριοι
307 2428 343 2495 δὲ
358 2429 449 2513 δέκα,
469 2427 656 2516 Τροιζήνιοι
672 2425 708 2494 δὲ
723 2428 838 2513 πέντε,
853 2422 1040 2515 Ἑρμιονέες
1055 2424 1091 2493 δὲ

88 2540 184 2615 τρεῖς,
197 2518 360 2605 ἐοντες
317 2550 410 2594 ουτοι
422 2522 528 2612 πλήν
525 2523 887 2613 ΕρμιονέωνΔωρικόν
898 2550 933 2593 τε
944 2528 998 2594 καί
1010 2533 1090 2593 Μα-

13 2688 14 2713 ,
88 2621 210 2694 κεδνδν
224 2628 343 2708 ἔθνος,
361 2621 415 2704 ἐξ’
410 2629 556 2709 Πρινεοῦ
571 2648 606 2690 τε
621 2625 676 2691 καί
690 2628 821 2692 Πίνδου
835 2626 943 2692 καί
904 2651 961 2710 της
972 2635 1089 2711 Δρυο-

88 2725 182 2798 πίδος
192 2718 318 2788 ὕστατα
329 2716 543 2806 ὁρμηθέντες.
562 2724 596 2788 oc
605 2719 642 2787 δὲ
649 2716 836 2808 Ἑρμιονέες
848 2724 909 2789 είσὶ
919 2723 1088 2808 Δρύοπες,

13 2822 14 2841 *
87 2816 153 2887 ἀπὸ
163 2816 342 2905 Ἡρακλέος
358 2824 393 2885 τε
407 2819 462 2885 καλ
477 2819 637 2903 Μηλιέων
653 2819 689 2884 ἐκ
703 2822 761 2905 τῆς
775 2823 840 2885 νῦν
853 2825 1007 2905 Δωρίδος
1027 2847 1088 2889 κα-

13 2952 14 2955 *
87 2916 244 3002 λεομένης
257 2914 366 3001 χάρης
382 2915 627 2994 ἐξαναστάντες.
651 2906 746 2983 οὗτοι
760 2916 822 3004 μέν
837 2943 903 2986 νυν
913 2923 1087 2989 Πελοπον-

86 3019 212 3101 νησίων
226 3013 479 3098 ἐστρατεύοντο,
502 3016 535 3080 οί
550 3010 586 3080 δέ
606 3012 643 3080 ἐκ
659 3018 717 3099 τῆς
733 3015 794 3094 ἔξω
809 3011 965 3104 ήπείρου,
983 3013 1083 3104 Ἀθη-
1105 3022 1136 3079 λλ

13 3142 14 3147 ’
86 3125 172 3180 ναῖοι
192 3110 255 3197 μέν
275 3106 358 3193 πρὸς
379 3111 506 3190 πάντας
526 3109 605 3190 τοὺς
625 3108 748 3188 ἀλλους
768 3114 987 3197 παρεχόμενοι
1011 3117 1087 3193 νέας

13 3290 15 3303 7
86 3205 1085 3296 ἀηδάκοντακαδέαατδν,μοῦνοι·ἐνΣαλαμίνιγάροάσυνε-

13 3330 15 3369 ῑ
87 3307 302 3394 ναυμάχησαν
315 3310 495 3387 Πλαταιέες
512 3304 718 3395 Ἀθηναίοισι
736 3303 791 3374 διά
805 3306 936 3375 τοιόνδε
952 3334 983 3376 τι
999 3318 1085 3395 κρῆ·

86 3429 165 3494 ημα·
187 3401 492 3493 ἀπαλλασσομένων
508 3412 576 3474 τῶν
589 3403 759 3492 Ἑλλήνων
776 3402 841 3473 ἀπὸ
859 3410 920 3471 τοῦ
937 3401 1083 3492 Ἀρτεμι-

167 3513 264 3553 utnon.
287 3500 318 3554 ΙΙ.
914 3501 947 3556 16
