2622 3928
359 257 444 314 LIB.
475 255 512 311 V.
545 254 644 312 cAP.
677 259 852 314 106-111.
1067 248 1109 313 55

105 415 186 505 ύμῖν
205 415 366 505 ἐκβάντας
382 417 500 483 ἐκτῶν
516 417 605 480 νεάν
624 410 807 480 τάσσεσθαι
830 417 925 502 πεζῇ,
950 408 1052 499 ἡμέας
1072 410 1108 481 δέ

106 522 139 596 ές
152 514 211 596 τάς
224 516 302 594 νέας
313 516 483 602 ἐμβαίνειν
493 509 552 591 τάς
565 509 725 598 ὑμετέρας
735 514 865 592 Φοίνιξι
880 509 1108 599 ἀπομαντευ-

105 617 242 701 μένους·
265 619 296 681 εί
309 613 346 680 δὲ
357 610 527 680 Φοινίκων
540 616 669 698 μάλλον
678 610 846 698 βούλεσθε
858 615 1108 700 διαπειρᾶσθαι,

7 746 8 749 “
105 717 232 781 ποιέειν
247 709 355 798 χρεόν
377 712 444 778 ἐστι
459 706 578 795 ὑμέας,
600 705 740 794 ὁκότερα
757 706 801 777 ἀν
822 708 862 798 δὴ
879 712 1009 780 τούτων
1031 711 1109 794 ἕλη-

105 823 187 897 σθε,
202 808 289 889 όκως
302 807 339 877 τὸ
352 806 425 877 κατ’
437 806 541 896 ὑμέας
557 812 648 876 έσται
664 805 687 894 ἥ
700 834 735 876 τε
746 805 853 896 Ἰωνίη
865 812 922 879 καὶ
936 805 1109 897 ἡΚύπρος

105 911 277 998 ἐλευθέρη.
294 907 404 978 Εἶπαν
415 914 448 978 οί
456 906 569 988 Ἴωνες
579 905 792 996 πρὸςταῦτα·
808 906 929 995 Ἠμέας
935 906 1108 994 ἀπέπεμψε

105 1007 142 1078 τὸ
159 1005 276 1076 κοινὸν
291 1014 359 1076 τῶν
375 1006 498 1077 Ἰάνων
514 1006 724 1095 φυλάξοντας
736 1004 799 1092 τὴν
813 1007 1008 1092 θάλασσαν,
1031 1004 1105 1075 ἀλλ’

107 1104 169 1176 ούκ
184 1109 241 1174 ἵνα
256 1112 436 1195 Κυπρίοισι
456 1104 516 1187 τάς
535 1110 613 1185 νέας
626 1106 833 1194 παραδόντες
848 1103 943 1177 αὐτοὶ
958 1109 1108 1195 Πέρσησι

104 1211 184 1295 πεζῇ
197 1204 475 1293 προσφεροίμεθα.
504 1203 598 1297 ἡμεῖς
617 1206 680 1292 μέν
693 1231 761 1274 νυν
777 1204 830 1274 ἐπ’
848 1197 891 1274 ού
909 1207 1107 1293 ἐτάχθημεν,

105 1305 210 1391 ταύτη
230 1303 457 1391 πειρησόμεθα
473 1302 558 1373 εἶναι
572 1307 722 1392 χρηστοὶ,
744 1303 847 1391 ὑμέας
861 1306 898 1374 δὲ
916 1305 1024 1393 χρεόν
1038 1306 1108 1372 έστι

108 1398 397 1491 ἀναμνησθέντας,
425 1399 479 1473 οἷα
503 1403 658 1489 ἐπάσχετε
686 1402 904 1482 δουλεύοντες
929 1400 1014 1490 πρὸς
1039 1408 1107 1470 τάν

106 1502 254 1591 Μήδων,
269 1508 423 1588 γίνεσθαι
438 1501 564 1589 ἀνδρας
578 1498 738 1586 ἀγαθούς.
759 1497 874 1580 Ἴωνες
884 1502 947 1586 μὲν
959 1498 1107 1569 τούτοισι

106 1602 299 1692 ἀμείψαντο,
312 1602 393 1690 μετὰ
405 1604 441 1672 δὲ
451 1600 605 1689 ἡκόντων
617 1604 650 1680 ές
661 1598 698 1668 τὸ
712 1603 831 1670 πεδίον
839 1597 876 1667 τό
889 1603 1107 1686 Σαλαμινίων
1125 1613 1177 1668 110

106 1710 173 1770 τῶν
187 1703 348 1787 Περσέων
362 1704 537 1770 διέτασσον
552 1706 586 1770 oc
602 1702 752 1788 βασιλέες
765 1704 834 1767 τῶν
847 1705 1012 1787 Κυπρίων
1027 1694 1107 1776 τούς

8 1864 9 1867 ,
106 1802 167 1886 μέν
181 1797 303 1878 ἀλλους
313 1804 487 1887 Κυπρίους
500 1795 583 1868 κατά
598 1794 677 1876 τοὸς
693 1796 815 1876 ἀλλους
829 1798 1030 1883 στρατιώτας
1044 1793 1107 1865 άν-

7 1904 9 1951 i
105 1897 331 1983 τιτάσσοντες,
346 1904 564 1984 Σαλαμινίων
575 1897 612 1965 δέ
625 1898 680 1965 καὶ
690 1900 825 1964 Σολίων
835 1893 1054 1976 ἀπολέξαντες
1067 1890 1105 1962 τὸ

106 1998 244 2081 ἀριστον
258 1992 459 2064 ἀντέτασσον
468 1998 624 2086 Πέρσησι.
655 1993 816 2086 Ἀρτυβίῳ
826 1995 863 2063 δὲ
877 2001 924 2086 τῷ
935 2002 1106 2085 στρατηγῷ

105 2095 339 2180 τῶνΠερσέων
350 2093 526 2182 ἐθελοντὴς
537 2092 751 2163 ἀντετάσσετο
763 2089 941 2181 Ὀνήσιλος.
958 2090 1106 2162 Ἢλαυνε
1126 2106 1173 2161 111
1301 2140 1302 2143 =

106 2193 142 2261 δέ
157 2196 261 2261 ἵππον
282 2190 300 2261 ὁ
317 2190 488 2281 Ἀρτύβιος
508 2194 745 2279 δεδιδαγμένον
759 2188 845 2279 πρὸς
859 2187 998 2277 ὁπλίτην
1011 2193 1106 2257 ἵστα-

105 2303 187 2362 σθαι
202 2290 318 2380 όρθόν.
347 2293 542 2380 πυθόμενος
556 2285 605 2360 όν
621 2297 724 2360 ταῦτα
739 2288 757 2359 ὁ
775 2288 961 2379 Ὀνήσιλος,
982 2280 1027 2375 ἦν
1040 2286 1106 2373 γάρ

105 2397 139 2460 ολ
150 2388 358 2479 ὑπασπιστὴς
374 2391 471 2477 γένος
484 2389 547 2478 μὲν
557 2387 650 2477 Κάρ,
664 2386 705 2456 τά
720 2391 757 2456 δέ
771 2389 911 2473 πολέμια
925 2385 1031 2473 κάρτα
1045 2382 1106 2452 δό-
1139 2411 1140 2414 ’

104 2514 200 2574 κιμος
212 2491 268 2557 καὶ
279 2488 386 2567 άλλως
396 2489 540 2576 λήματος
550 2490 660 2574 πλέος,
675 2483 745 2555 είπε
756 2482 840 2572 πρὸς
849 2491 987 2553 τούτου·
1008 2490 1106 2551 Πυν-

104 2584 254 2670 θάνομαι
268 2584 330 2652 τὸν
340 2583 516 2673 Ἀρτυβίου
529 2589 635 2655 ἵππον
646 2584 825 2672 ἱστάμενον
839 2578 948 2668 ὀρθόν
962 2585 1017 2650 καὶ
1027 2583 1106 2650 ποσὶ

105 2684 161 2750 καὶ
181 2680 318 2767 στόματι
338 2683 598 2769 κατεργάζεσθαι
618 2680 702 2771 πρὸς
723 2679 785 2752 τόν
804 2678 848 2751 άυ
871 2684 1103 2770 προσενειχθῇ.

106 2773 149 2843 σύ
163 2768 210 2842 ἀν
221 2777 490 2863 βουλευσάμενος
500 2777 618 2848 αὐτίκα
629 2782 710 2866 είπδ,
718 2777 878 2866 ὁκότερον
888 2778 1024 2868 βούλεαι
1036 2801 1106 2862 φυ-

104 2872 206 2952 λάξας
217 2875 347 2959 πλῆξαι,
364 2882 427 2943 εἴτε
438 2871 499 2943 τόν
509 2877 614 2944 ἵππον
625 2885 689 2943 είτε
703 2873 808 2944 αύτὸν
820 2873 1003 2964 Ἀρτύβιον.
1021 2871 1105 2944 Εἷπε

7 3050 9 3061 Ι
104 2968 189 3060 πρός
198 2970 331 3042 ταῦταὸ
344 2971 454 3043 ὀπέων
465 2972 587 3044 αὐτοῦ·
604 2969 644 3044 Ὠ
656 2982 810 3064 βασιλεῦ,
826 2977 953 3063 ἑτοῖμος
967 2975 1029 3062 μὲν
1040 2971 1104 3060 έηύ

104 3078 169 3158 είμι
185 3073 311 3141 ποιέειν
322 3073 378 3140 καὶ
392 3070 565 3161 ἀμφότερα
575 3076 631 3144 καὶ
641 3072 678 3142 τὸ
689 3077 804 3162 έτερον
815 3073 937 3162 αὐτῶν,
951 3079 1006 3144 καί
1017 3074 1106 3141 πάν·

7 3226 8 3233 .
103 3198 167 3251 τως
182 3168 220 3240 τὸ
236 3167 281 3240 ἀν
298 3173 475 3263 έπιτάσσης
492 3175 552 3242 σύ·
573 3171 619 3253 ὡς
638 3177 752 3260 μέντοι
769 3179 881 3261 έμουμε
896 3177 1003 3242 δοκέει
1019 3169 1105 3239 εἶναι

7 3324 8 3331 .
103 3286 188 3340 τοῖσι
203 3285 289 3341 σοῖσι
303 3272 476 3360 πρήγμασι
488 3274 795 3361 προσφερέστερον,
815 3270 944 3360 φράσω.
967 3270 1104 3357 βασιλέα

104 3370 166 3455 μὲν
176 3371 231 3438 καλ
241 3368 429 3460 στρατηγόν
439 3368 548 3458 χρεόν
558 3370 647 3440 εἶναί
653 3395 739 3458 φημι
750 3373 881 3458 βασιλέϊ
888 3396 924 3438 τε
937 3370 992 3438 καί
1002 3386 1106 3451 στρα-

7 3558 8 3561 ,
103 3473 190 3557 τηγβ
204 3473 473 3559 προσφέρεσθαι·
494 3468 539 3558 ἥν
551 3496 588 3540 τε
601 3469 666 3558 γάρ
682 3473 821 3560 κατέλῃς
837 3468 946 3552 ἀνδρα
960 3487 1104 3553 στρατη·
