2562 3926
185 262 278 330 =244
594 265 847 327 HERODOTI

215 450 250 494 τε
265 421 325 493 τὸν
338 428 505 512 Σμέρδιος
519 425 672 497 θάνατον
688 421 733 503 ὡς
748 423 929 513 κρύπτοιτο
943 421 1140 511 γενόμενος,
1162 419 1217 489 καλ

217 523 262 605 ὡς
279 524 386 612 ὀλίγοι
412 521 500 615 ήσαυ
524 531 556 596 οί
575 526 787 611 ἐπιστάμενοι
811 520 917 591 αύτόν
935 524 1111 610 Περσέων,
1133 524 1167 589 oc
1181 519 1216 586 δὲ

218 628 334 694 πολλοὶ
351 627 527 712 περιεόντα
542 652 600 713 μιν
617 627 792 709 εἰδείησαν.
815 619 900 706 πρὸς
912 628 1017 690 ταῦτα
1033 618 1216 709 βουλεύσας

217 727 297 793 τάδε
313 727 500 812 ἐπεχείρησε
514 738 600 793 τοῖσι
616 729 834 811 βασιληίοισι·
854 717 898 809 ήν
914 725 947 790 οί
959 717 1138 808 άδελφεδς,
1158 714 1217 786 του

219 821 294 891 εἶπά
310 828 344 891 οί
355 831 662 912 συνεπαναστῆναι,
678 818 776 900 οίκοδς
790 820 932 908 μάλιστα
945 820 983 890 πδ
995 819 1081 900 είδος
1091 820 1217 907 Σμέρδι

217 929 264 1012 τῷ
285 922 420 1010 Κύρου,
451 921 512 992 τὸν
536 922 554 992 ὁ
576 920 759 1009 Καμβύσης
783 919 881 989 έύντα
904 921 1031 988 ἑωυτοῦ
1052 913 1218 1002 άδελφεόν

219 1016 400 1089 άπέκτεινε.
421 1014 466 1108 ήυ
479 1048 516 1091 τε
533 1020 573 1108 δή
589 1018 703 1106 ὁμοῖος
719 1016 805 1097 είδος
818 1025 864 1108 τῷ
878 1019 1021 1105 Σμέρδι,
1037 1019 1093 1084 καί
1108 1014 1148 1102 δη
1164 1017 1217 1083 καὶ

219 1115 350 1202 οὕνομα
361 1115 468 1187 τώυτὸ
485 1118 550 1204 εἶχε
559 1121 717 1206 Σμέρδιν.
741 1112 931 1185 τοῦτοντόν
941 1113 1049 1203 άνδρα
1063 1111 1218 1200 άναγνύ-

219 1234 279 1291 σας
294 1212 311 1281 ὁ
327 1215 433 1301 μάγος
446 1222 661 1303 Πατιζείθης,
684 1213 729 1295 ὥς
743 1220 778 1283 οί
796 1209 897 1293 αὐτὸς
910 1211 1020 1282 πάντα
1034 1215 1217 1300 διαπρήξει,

219 1307 286 1380 ελσε
300 1311 394 1398 άγων
410 1315 444 1392 ές
463 1312 524 1382 τὸν
538 1315 713 1401 βασιλήιον
728 1313 868 1400 θρόνον.
902 1310 1042 1400 ποιήσας
1063 1311 1100 1378 δέ
1119 1316 1216 1378 τοῦτο

219 1408 367 1494 κήρυκας
385 1418 426 1499 τῇ
445 1438 481 1479 τε
501 1409 586 1499 άλλη
610 1411 769 1495 διέπεμπε
789 1414 845 1477 καὶ
861 1408 901 1497 δή
922 1413 977 1479 καὶ
997 1412 1031 1490 ές
1044 1419 1217 1497 Αἴγυπτον

220 1512 424 1591 προερέοντα
439 1514 485 1599 τῷ
501 1514 645 1599 στρατῷ,
668 1505 713 1587 ὡς
726 1511 892 1594 Σμέρδιος
904 1512 965 1576 τοῦ
980 1506 1100 1596 Κύρου
1113 1502 1218 1574 οἷκον-

172 1621 207 1676 62
221 1606 297 1672 στέα
312 1613 363 1694 εἴη
378 1614 440 1676 τοῦ
453 1615 591 1696 λοιποῦ,
613 1605 687 1677 ἀλλ’
704 1605 747 1676 ού
761 1608 959 1695 Καμβύσεα.
1004 1611 1050 1677 Οἳ
1061 1631 1097 1675 τε
1111 1605 1152 1694 δή
1169 1598 1218 1675 δν

219 1700 314 1771 ἄλλοι
336 1705 480 1792 κήρυκες
499 1706 734 1794 προηγόρευον
754 1713 874 1792 ταῦτα,
901 1708 957 1774 καὶ
981 1702 1022 1793 δή
1047 1706 1103 1773 καὶ
1122 1701 1141 1773 ὁ
1162 1700 1215 1772 ἐπ’

217 1808 392 1886 Αἴγυπτον
402 1807 551 1892 ταχθεὶς,
564 1803 698 1892 εὕρισκε
708 1801 774 1890 γάρ
786 1804 972 1891 Καμβύσην
980 1806 1036 1873 καὶ
1045 1801 1106 1872 τὸν
1116 1822 1217 1891 στρα-

217 1896 278 1967 τόν
288 1898 387 1970 δύντα
399 1910 457 1991 τῆς
467 1912 595 1992 Συρίης
605 1906 643 1972 έν
655 1900 903 1989 Ἀγβατάνοισι,
917 1901 1125 1992 προηγόρευε
1138 1898 1217 1982 στάς

218 2002 252 2079 ές
265 2003 369 2087 μέσον
387 2000 429 2070 τά
448 2006 665 2091 ἐντεταλμένα
687 2006 723 2071 ἐκ
738 2007 798 2070 τοῦ
818 2002 938 2089 μάγον.
982 2002 1166 2092 Καμβύσης
1180 2001 1217 2071 δέ

218 2094 365 2180 ἀκούσας
384 2109 489 2169 ταῦτα
505 2104 542 2170 έκ
561 2109 623 2170 τού
640 2101 787 2189 κήρυκος
806 2103 862 2168 καὶ
881 2102 1015 2181 ἐλπίσας
1034 2127 1093 2189 μιν
1107 2101 1218 2188 λέγειν

218 2194 346 2284 ἀληθέα
370 2196 470 2276 αύτός
494 2224 530 2267 τε
554 2199 783 2286 προδεδόσθαι
812 2200 848 2266 έκ
871 2199 1089 2283 Πρηξάσπεος
1117 2205 1219 2286 (πεμ-

218 2304 349 2385 φθέντα
364 2297 429 2384 γάρ
449 2296 554 2367 αὐτὸν
572 2297 616 2378 ὡς
637 2297 879 2368 ἀποκτενέοντα
894 2301 1044 2387 Σμέρδιν
1060 2295 1102 2366 ού
1117 2304 1218 2384 ποιή·

173 2472 176 2477 ,
211 2416 272 2465 ’σαι
288 2402 417 2481 ταῦτα),
432 2401 556 2485 βλέψας
570 2402 604 2478 ές
613 2397 675 2468 τδν
685 2400 887 2488 Πρηξάσπεα
899 2398 985 2469 εἷπε·
1006 2394 1217 2488 Πρήξασπες,

216 2491 305 2561 οὗτοι
321 2519 379 2580 μοι
398 2495 576 2581 διεπρήξαο
596 2496 637 2564 τό
655 2523 707 2565 τοι
729 2501 924 2585 προσέθηκα
940 2505 1092 2586 πρήγμας
1126 2495 1163 2566 ‘0
1180 2495 1219 2565 δὲ

216 2589 303 2660 εἷπε·
336 2585 376 2660 Ὦ
398 2597 558 2682 δέσποτα,
579 2591 642 2665 ούκ
659 2601 729 2665 ἔστι
746 2603 850 2665 ταῦτα
865 2594 1010 2683 ἀληθέα,
1030 2594 1117 2676 ὅκως
1140 2594 1222 2665 κοτέ

215 2708 269 2758 σοι
284 2693 431 2779 Σμέρδις
451 2688 613 2781 άδελιγεδς
632 2691 651 2762 ὀ
673 2692 733 2774 σός
752 2696 968 2783 ἐπανέστηκε,
990 2691 1069 2765 οὐδὲ
1084 2693 1172 2774 ὅκως
1185 2719 1219 2763 τι

214 2786 248 2864 έξ
262 2787 393 2875 ἐκείνου
412 2796 474 2857 τοῦ
488 2786 612 2876 ἀνδρὸς
636 2791 748 2871 νεῖκός
767 2818 819 2860 τοι
843 2798 933 2861 ἔσται
955 2787 977 2880 ή
993 2795 1077 2880 μέγα
1095 2789 1117 2880 ή
1139 2813 1220 2880 σμι-

211 2882 307 2967 κρόν.
338 2883 402 2971 ε’γοδ
416 2883 482 2974 γάρ
497 2884 598 2967 αύτδς
614 2889 756 2977 ποιήσας
769 2888 810 2958 τά
825 2895 870 2958 σύ
885 2915 926 2978 με
941 2892 1089 2971 ἐκέλευες
1102 2890 1219 2973 ἔθαψά

201 3007 259 3070 μιν
284 2980 379 3067 χερσὶ
402 2987 478 3071 τῇσι
502 2986 683 3072 έμεοιντού.
732 2993 765 3057 εί
792 2988 855 3075 μέν
885 3013 952 3056 νυν
974 2991 1012 3058 οδ
1037 2995 1226 3073 τεθνεῶτες
1268 3052 1269 3077 2

207 3077 379 3170 ἀνεστᾶσι,
409 3085 594 3172 προσδέκεό
622 3112 673 3156 τοι
702 3086 758 3155 καὶ
791 3083 976 3175 Ἀστυάγεα
1006 3088 1065 3159 τδν
1096 3096 1226 3180 Μήδου
1268 3118 1269 3149 ¹

208 3182 512 3270 ἐπαναστήσεσθαι·
540 3192 573 3256 εί
594 3184 628 3255 δ’
648 3193 717 3256 ἔστι
735 3186 846 3277 ὥσπερ
870 3187 936 3277 πρὸ
954 3195 1033 3278 τού,
1057 3187 1098 3260 ού
1123 3192 1174 3281 μή
1191 3198 1228 3262 τί
1268 3152 1269 3231 δ

205 3313 257 3356 τοι
273 3290 311 3354 ἔκ
333 3311 371 3370 γε
389 3286 520 3357 ἐκείνου
536 3286 701 3375 νεώτερον
717 3283 973 3379 άναβλαστήσει.
1007 3296 1075 3362 νύν
1099 3284 1150 3362 οἶν
1166 3320 1225 3383 μοι
1267 3346 1268 3355 ι

210 3384 318 3453 δοκέει
334 3382 599 3469 μεταδιώξαντας
617 3383 678 3456 τὸν
698 3387 830 3478 κήρυκα
854 3391 1014 3474 έξετάξειν
1037 3392 1216 3481 είρατέον-
1267 3398 1268 3425 ³

208 3506 285 3574 τας,
306 3476 388 3575 παρ’
405 3478 484 3553 ὅτευ
496 3477 591 3575 ήκυν
603 3488 826 3585 προαγορεύει
840 3484 921 3585 ἡμῖν
932 3490 1098 3587 Σμέρδιος
1111 3494 1217 3585 βασι-
