2606 3920
201 211 264 275 κιο
482 284 484 287 ,
580 216 831 274 ιιιιιιοοοει

201 373 260 445 τόν
278 381 412 462 πρῶτον
427 378 481 442 καὶ
495 371 556 441 τόν
570 373 729 460 δεύτερον
744 381 915 461 κρίνοντες
932 376 969 442 ἐκ
985 375 1137 464 πάντων,
1153 380 1208 446 ε’ν-

200 480 312 542 θαῦτα
325 479 390 550 πάς
404 497 453 550 τις
474 469 587 540 αὐτῶν
604 474 715 562 ἑωυτῷ
730 474 858 540 ἐτίθετο
873 469 936 556 την
950 479 1082 560 ψῆφον,
1105 473 1207 554 αὐτὸς

199 574 335 650 ἕκαστος
349 574 477 639 δοκέων
492 569 625 655 άριστος
638 573 816 656 γενέσθαι,
833 569 973 656 δεότερα
989 573 1025 636 δὲ
1040 574 1074 638 οί
1087 576 1205 641 πολλοὶ

166 672 439 750 ,συνεξέπιπτον
455 671 677 756 Θεμιστοκλέα
699 675 879 752 κρίνοντες.
916 674 951 736 οί
963 671 1025 755 μὲν
1045 668 1086 757 δη
1103 674 1204 757 ἐμου-
1266 672 1267 677 ’

78 822 82 827 -
198 777 332 856 νοῦντο,
341 772 582 855 Θεμιστοκλέης
593 769 852 855 δέδεντερείοισι
863 764 1109 853 ὑπερεβάλλετο
1121 780 1202 838 πολ·
1266 850 1267 857 ¹

135 870 182 938 λιι
198 868 268 937 λόν.
309 863 360 934 Οὐ
377 869 595 955 βουλομένων
617 865 653 932 δὲ
674 873 777 933 ταῦτα
794 871 924 952 κρίνειν
946 874 1015 936 τῶν
1030 866 1202 955 Ἑλλήνων

199 966 331 1056 φθόνῳ,
341 962 415 1033 ἀλλ’
425 963 674 1033 άποπλωόντων
686 965 834 1032 ἑκάστων
845 967 878 1043 ἐς
889 963 951 1053 την
963 967 1097 1034 ἑωυτῶν
1107 963 1204 1051 άκρί-

198 1091 283 1151 των,
304 1063 394 1150 ὅμως
409 1067 648 1151 Θεμιστοκλέης
669 1063 804 1149 ἐβιάσθη
821 1089 857 1131 τε
877 1065 933 1131 καὶ
953 1061 1103 1148 ἐδοξάθη
1118 1062 1203 1131 εἶναι

198 1159 284 1248 ἀνὴρ
302 1159 428 1230 πολλὸν
439 1160 607 1249 Ἑλλήνων
625 1160 816 1245 σοφώτατος
835 1157 900 1228 άνά
921 1167 1033 1230 πᾶσαν
1052 1159 1114 1248 τὴν
1129 1159 1202 1230 Ἑλ-

198 1258 292 1328 λάδα.
322 1255 374 1327 ὅτι
392 1260 428 1327 δὲ
442 1266 548 1328 νικῶν
564 1257 627 1327 οὐκ
642 1257 782 1344 ἐτιμήθη
799 1254 883 1344 πρὸς
896 1264 965 1325 τῶν
982 1261 1019 1327 ἐν
1033 1267 1202 1347 Σαλαμῖνι

200 1359 496 1445 ναυμαχησάντων,
508 1355 625 1426 αὐτίκα
636 1354 718 1442 μετά
728 1363 832 1423 ταῦτα
842 1358 875 1435 ές
881 1361 1114 1444 Λακεδαίμονα
1124 1357 1203 1427 άπί-

196 1481 271 1524 κετο
293 1458 422 1523 ἐθέλων
442 1462 634 1542 τιμηθῆναι.
664 1460 723 1521 καί
739 1481 798 1540 μιν
815 1457 1075 1542 Λακεδαιμόνιοι
1092 1464 1202 1534 καλῶς

196 1555 258 1638 μέν
271 1549 483 1639 ὑπεδέξαντο,
499 1552 650 1638 μεγάλως
662 1552 697 1618 δέ
709 1554 875 1637 ἐτίμησαν.
899 1551 1052 1642 άριστηϊα
1061 1560 1124 1642 μέν
1135 1581 1201 1622 νυν

197 1656 318 1720 έδοσαν
333 1648 531 1740 Εὐρυβιάδη
548 1653 657 1738 ἐλαίης
679 1655 864 1738 στέφανον,
886 1661 1005 1741 σοφίης
1020 1654 1056 1723 δέ
1070 1659 1127 1723 καὶ
1144 1659 1200 1723 δε-

197 1748 343 1834 ξιότητος
357 1750 587 1834 Θεμιστοκλέι,
604 1751 659 1816 καὶ
669 1748 776 1837 τοότφ
791 1753 959 1834 στέφανον
973 1755 1092 1837 ἐλαίης.
1114 1756 1200 1820 ἐδω·

197 1847 341 1934 ρησαντο
356 1851 397 1916 δέ
407 1875 466 1934 μιν
483 1847 548 1939 όχφ
563 1855 608 1937 τῷ
623 1851 660 1914 έν
670 1847 811 1935 Σπάρτη
826 1849 1084 1917 καλλιστεύοντα
1107 1853 1199 1918 αίνέ-

196 1965 313 2023 σαντες
324 1949 360 2012 δέ
371 1944 488 2033 πολλά,
501 1948 719 2032 προέπεμψαν
731 1943 873 2012 ἀπιόντα
884 1944 1067 2032 τριηκόσιοι
1079 1954 1198 2032 Σπαρ-

195 2047 334 2130 τιητέων
348 2044 503 2131 λογάδες,
526 2035 619 2111 οὗτοι
634 2046 669 2110 οἳ
687 2066 748 2126 περ
763 2046 876 2122 ίππέες
890 2047 1080 2130 καλέονται,
1102 2049 1198 2131 μέχρι

194 2139 307 2226 οόρων
321 2149 389 2209 τῶν
408 2148 624 2229 Τεγεητικῶν,
641 2148 770 2227 μοῦνον
786 2139 827 2227 δη
843 2148 963 2210 τοῦτον
979 2142 1117 2210 πάντων
1135 2140 1200 2210 άν-

128 2257 177 2309 125
192 2242 345 2329 θράπων
361 2247 429 2308 τῶν
443 2238 536 2326 ἡμεῖς
550 2244 647 2326 ίδμεν
660 2247 867 2326 Σπαρτιῆται
882 2243 1109 2328 προέπεμψαν.
1140 2239 1200 2320 Ὡς
1266 2328 1267 2331 ¹

195 2343 230 2408 δέ
241 2344 278 2409 ἐκ
289 2347 345 2425 τῆς
357 2343 604 2426 Λακεδαίμονος
616 2339 750 2408 άπίκετο
762 2342 794 2419 ἐς
805 2336 864 2418 τάς
875 2336 1030 2428 Ἀθήνας,
1046 2342 1200 2410 ἐνθαῦτα

197 2439 385 2524 Τιμόδημος
402 2436 607 2524 Ἀφιδναῖος,
629 2445 697 2505 τῶν
712 2441 846 2525 ἐχθροῖν
867 2438 929 2524 μέν
948 2446 1017 2508 τῶν
1034 2449 1200 2528 Θεμιστο-
1266 2456 1267 2505 7

192 2540 287 2616 κλέος
301 2534 376 2623 ἐόν,
394 2535 501 2618 άλλως
516 2532 610 2607 δέού
624 2532 692 2605 τῶν
704 2539 895 2623 ἐπιφανέων
909 2535 1055 2625 ἀνδρῶν,
1071 2540 1198 2630 φθόνῳ
1266 2534 1267 2611 ἶ

192 2640 431 2723 καταμαργέων
446 2641 568 2707 ἐνείκεε
582 2636 642 2705 τὸν
654 2640 894 2725 Θεμιστοκλέα,
908 2634 971 2723 τὴν
986 2638 1019 2715 ἐς
1030 2640 1199 2705 Λακεδαί-
1266 2622 1268 2657 ἐ

192 2762 279 2823 μονα
294 2735 407 2816 άπιξιν
424 2740 623 2824 προφέρων,
641 2733 685 2814 ὡς
702 2733 756 2803 διά
771 2732 830 2813 τάς
843 2732 987 2820 Ἀθήνας
1002 2739 1069 2819 ἐχοι
1083 2731 1123 2802 τά
1139 2738 1199 2820 γέ-

151 2862 155 2868 ·
192 2862 251 2920 ρεα
265 2832 306 2902 τά
321 2835 411 2922 παρά
424 2841 714 2923 Λακεδαιμονίων,
737 2832 810 2904 ἀλλ’
828 2833 870 2902 οὐ
885 2830 931 2903 δι’
949 2834 1085 2902 ἑωυτόν.
1110 2831 1128 2902 ὁ
1148 2834 1197 2920 δέ,

192 2937 316 3002 ἐπείτε
337 2932 401 3002 οὐκ
422 2935 563 3003 ἐπαύετο
585 2941 688 3002 ταῦτα
707 2938 815 3020 λέγων
836 2930 854 3000 ὁ
880 2932 1084 3018 Τιμόδημος,
1107 2929 1219 2999 εἶπε,
1266 2946 1267 3017 λ

191 3031 290 3101 Οὕτω
305 3039 370 3118 ἔχει
389 3057 457 3099 τοι·
485 3031 557 3101 οὔτ’
580 3029 624 3100 άν
641 3031 705 3120 ἐγω
726 3031 792 3100 ἐάν
814 3037 1007 3118 Βελβινίτης
1030 3030 1199 3118 ἐτιμήθην
1212 3014 1236 3111 ἐ
1266 3074 1268 3107 ι

189 3130 277 3199 οὕτω
299 3129 382 3214 πρὸς
398 3136 653 3218 Σπαρτιητέων,
676 3129 748 3199 οὔτ’
775 3127 818 3198 άν
840 3126 899 3215 σι),
923 3127 1106 3216 ὤνθρωπε,
1129 3127 1219 3196 ἐάν.Ι

184 3226 371 3315 Ἀθηναῖος.
1206 3170 1218 3337 ,ι

120 3348 171 3400 126
277 3333 388 3393 Ταῦτα
403 3331 465 3411 μέν
478 3355 544 3396 νυν
560 3333 593 3408 ἐς
605 3338 744 3398 τοσοῦτο
761 3330 903 3416 ἐγένετο,
916 3326 1112 3414 Ἀρτάβαζος
1124 3326 1196 3398 δέό
1229 3328 1231 3339 '

190 3422 382 3505 Φαρνάκεος
397 3422 483 3510 άνὴρ
499 3430 536 3495 έν
546 3428 694 3516 Πέρσησι
705 3430 842 3513 λόγιμος
853 3429 909 3495 καλ
920 3427 1052 3510 πρόσθε
1063 3426 1141 3514 ἐνδυ,
1158 3430 1196 3497 ἐκ
