2606 3920
208 203 269 267 188
585 204 834 262 HERODOTI

206 361 271 432 ὑπό
291 363 475 451 Σαβύλλου
495 359 619 446 ἀνδρός
640 360 793 452 Γελῴου,
815 363 965 430 ἐνθαῦτα
985 360 1220 453 ἀναλαμβάνει

206 459 267 548 τὴν
280 468 489 550 μουναρχίην
505 459 723 546 Ἱπποκράτης
736 457 935 546 Κλεάνδρου
953 457 1019 530 ἐόν
1039 458 1219 548 ἀδελφεός.

205 556 336 647 ἔχοντος
352 563 389 628 δέ
397 555 632 646 Ἱπποκράτεος
644 555 707 643 τὴν
717 561 900 642 τυραννίδα
911 554 930 625 ό
940 562 1056 629 Γέλων
1067 558 1133 629 έάν
1148 568 1220 646 Τη-
1283 562 1284 591 ³

204 664 305 726 λίνεω
321 665 383 725 τοῦ
403 657 593 744 ἱροφάντεω
607 654 775 742 ἀπόγονος
790 662 925 725 πολλῶν
943 657 1014 744 μετ’
1030 657 1144 729 ἀλλων
1161 661 1220 728 καλ
1283 732 1284 739 χ

205 758 438 846 Αἰνησιδήμου
451 763 513 826 τού
521 761 712 842 Παταίκου,
728 751 765 834 ὃς
777 747 823 841 ἦν
833 756 1025 844 δορυφόρος
1035 756 1219 846 Ἱπποκρά-
1283 770 1284 773 ’

204 881 278 934 τεος
411 851 492 941 μετὰ
511 856 549 923 δέ
566 851 608 922 ού
625 850 752 922 πολλόν
773 853 899 940 χρόνον
915 854 961 924 δι’
986 853 1109 944 ἀρετὴν
1131 853 1221 924 ἀπε-

206 956 309 1039 δέχθη
329 952 438 1038 πάσης
456 958 514 1038 τῆς
530 955 637 1018 ἵππου
652 948 738 1020 εἶναι
752 953 931 1039 ἵππαρχος·
960 955 1218 1041 πολιορκέοντος

204 1049 270 1138 γάρ
279 1049 784 1139 ἹπποκράτεοςΚαλλιπολιήτας
793 1075 829 1118 τε
842 1054 1051 1134 καλΝαξίους
1065 1056 1218 1141 καλΖαχ·

205 1160 343 1235 κλαιους
360 1177 396 1219 τε
411 1155 466 1221 καί
478 1157 681 1230 Λεοντίνους
697 1152 752 1221 καί
768 1148 853 1236 πρός
863 1159 1097 1241 Συρηκοσίους
1111 1156 1216 1224 τεκαὶ
1283 1202 1284 1247 ,

204 1256 273 1316 τῶν
287 1247 470 1337 βαρβάρων
484 1246 630 1334 συχνούς
645 1246 731 1335 ἀνὴρ
746 1250 901 1334 ἐφαίνετο
915 1252 953 1325 ἐν
966 1251 1113 1320 τούτοισι
1129 1266 1216 1321 τοδσι

205 1349 379 1435 πολέμοισι
393 1344 458 1416 ἐάν
474 1344 493 1416 ό
507 1350 623 1419 Γέλων
638 1348 877 1434 λαμπρότατος.
906 1357 975 1418 τόν
990 1353 1026 1421 δέ
1043 1350 1138 1421 εἷπον
1151 1375 1215 1421 πο-

205 1455 298 1531 λίων,
313 1446 444 1514 τούτων
454 1445 543 1533 πλὴν
552 1448 804 1535 Συρηκουσέων
815 1446 1231 1538 ούδεμίαπεφεύχεεδού·
1266 1514 1284 1539 ,χ

206 1544 356 1630 λοσύνην
373 1543 457 1631 πρός
471 1543 713 1633 Ἱπποκράτεος.
737 1555 970 1634 Συρηκοσίους
985 1547 1022 1618 δὲ
1035 1555 1218 1635 Κορίνθιοί
1283 1616 1284 1625 ,

204 1670 240 1711 τε
255 1646 311 1710 καὶ
327 1649 532 1730 Κερκυραῖοι
544 1645 731 1731 ἐρρύσαντο
749 1646 838 1734 μάχη
857 1649 1065 1727 ἐσσωθέντας
1085 1649 1139 1718 ἐπὶ
1152 1672 1214 1716 πο-
1282 1654 1284 1719 f

205 1749 297 1832 ταμῷ
313 1740 452 1833 Ἐλύρφ.
482 1744 667 1830 ἐρρύσαντο
688 1735 836 1813 δὲοῦτοι
855 1747 908 1813 έπλ
923 1750 1033 1815 τοῖσδε
1049 1746 1216 1817 καταλλά-

206 1844 330 1927 ξαντες,
345 1838 397 1909 ἐπ’
410 1833 1139 1932 ᾧτεἹπποκράτεδΚαμάρινανΣυρηκοσίους
1149 1867 1214 1913 πα·
1283 1836 1284 1839 “

140 1960 189 2014 155
206 1941 384 2021 ραδοῦνάι·
405 1944 629 2028 Συρηκοσίων
643 1940 680 2008 δὲ
690 1933 736 2027 ἦν
745 1939 925 2028 Καμάρινα
937 1939 975 2010 τό
991 1940 1138 2029 ἀρχαίου.
1156 1940 1215 2020 Ὡς
1283 1942 1284 1945 '

19 2060 20 2064 ¹
205 2035 242 2103 δέ
257 2038 309 2104 καί
323 2034 540 2125 Ἱπποκράτεα
553 2038 826 2126 τυραννεύσαντα
841 2047 896 2106 ίσα
913 2044 986 2107 ἔτεα
999 2047 1045 2131 τῷ
1061 2036 1214 2130 ἀδελφεῷ

204 2134 389 2226 Κλεάνδρῳ
403 2140 562 2224 κατέλαβε
579 2134 767 2205 ἀποθανεῖν
782 2133 866 2222 πρός
880 2135 959 2205 πόλι
970 2133 1089 2226 Ὑβλη,
1112 2155 1215 2222 στρα-

204 2233 413 2319 τευσάμενον
423 2235 476 2302 ἐπὶ
486 2231 566 2311 τούς
572 2230 747 2320 Σικελούς,
760 2232 848 2301 ούτω
859 2230 900 2319 δὴ
914 2230 931 2301 ό
945 2234 1114 2325 Γέλωντςό
1124 2233 1214 2325 λόχφ

204 2338 377 2421 τιμωρέων
391 2345 478 2402 τοῖσι
485 2332 718 2420 Ἱπποκράτεος
732 2337 826 2402 παισί
836 2331 1003 2422 Εύκλείδη
1014 2334 1115 2402 τεκαὶ
1126 2339 1213 2402 Κλε-

204 2433 318 2524 όνδρην
336 2431 378 2502 ού
394 2437 612 2521 βουλομένων
627 2441 696 2502 τῶν
712 2438 897 2522 πολιητέων
913 2434 1088 2521 κατηκόων
1103 2440 1153 2502 ότι
1167 2432 1214 2502 εἷ’
1231 2464 1237 2468 ·

204 2557 278 2617 ναι,
300 2537 346 2621 τῷ
361 2536 464 2622 έρχφ,
488 2528 532 2610 ἀς
546 2532 748 2620 ἐπεκράτησε
765 2534 854 2622 μάχη
869 2538 938 2600 τόν
951 2532 1112 2624 Γελῴων,
1133 2524 1213 2620 ἦρχε

190 2624 305 2708 ἀύτός
326 2625 555 2716 ἀποστερήσας
569 2628 649 2710 τούς
662 2629 896 2718 Ἱπποκράτεος
916 2634 1044 2711 παῖδας.
1073 2627 1155 2717 μετά
1177 2629 1213 2699 δέ

204 2732 303 2795 τοῦτο
318 2722 355 2794 τό
373 2723 502 2814 εύρημα
512 2725 592 2807 τούς
601 2729 772 2817 γαμόρους
783 2730 1007 2815 καλεομένους
1016 2737 1084 2799 τόν
1095 2737 1213 2815 Συρη-

205 2830 329 2892 κοσίων
343 2825 544 2905 ἐκπεσόντας
557 2824 625 2895 ύπό
640 2833 750 2895 τετοῦ
766 2827 875 2913 δήμου
887 2829 1024 2895 καλιάν
1041 2828 1212 2913 σφετέρων

205 2931 348 3010 δουλων,
364 2932 576 3013 καλεομένων
587 2931 625 2996 δέ
635 2933 848 3015 Κυλλυρίων,
860 2924 879 2996 ό
889 2931 1005 2998 Γέλων
1014 2924 1212 3014 καταχανάν
1232 2928 1234 2932 ’

204 3020 344 3101 τούτους
358 3024 395 3092 ἐκ
405 3028 582 3111 Κασμένης
596 3025 712 3105 πόλιος
722 3028 756 3104 ές
765 3022 825 3104 τάς
835 3024 1059 3113 Συρηκούσας
1074 3030 1147 3112 έσχε
1157 3024 1212 3093 καί

203 3121 333 3199 ταύτας.
357 3118 375 3190 ὁ
389 3118 456 3206 γάρ
472 3126 575 3209 δῆμος
589 3120 607 3191 ὁ
622 3131 690 3193 τῶν
704 3131 928 3212 Συρηκοσίων
942 3123 1070 3195 έπιόντι
1083 3126 1209 3194 Γέλωνι

140 3244 187 3297 156
202 3223 382 3308 παραδιδοῖ
395 3217 457 3305 τὴν
472 3218 572 3288 πόλιν
587 3225 642 3291 καλ
657 3223 792 3292 ἑωυτόν.
810 3219 847 3290 ‘0
862 3222 899 3290 δὲ
912 3225 986 3292 έπεί
996 3248 1032 3291 τε
1045 3225 1212 3307 παρέλαβε

201 3315 260 3396 κάς
274 3317 515 3404 Συρηκούσας,
538 3324 642 3407 Γέλης
662 3324 724 3408 μὲν
739 3324 943 3405 ἐπικρατέων
963 3321 1068 3408 λόχον
1081 3320 1212 3392 έλάσσυ

200 3413 362 3501 ἐποιέετο,
378 3417 556 3503 ἐπιτρέψας
565 3416 672 3506 αὐτὴν
681 3418 809 3508 Ἱέρωνι
819 3416 972 3509 ἀδελφεῷ
986 3421 1124 3506 ἐαυτοῦ,
1139 3414 1159 3487 ό
1173 3419 1211 3487 δύ
