2606 3920
207 435 222 487 l
241 413 440 493 ἐπελθόντες
448 415 500 483 ἐπὶ
510 410 588 491 τοὺς
599 411 949 500 ἐφόροτις·”Επεμιγαν
960 412 1062 501 ἡμέας
1073 412 1251 505 Ἀθηναλσι

240 520 409 605 λέγοντες,
424 513 476 584 ὅτι
486 511 567 602 ἡμῖν
577 511 764 602 βασιλεύςὸ
778 514 910 601 Μήδων
923 517 1098 601 τοῦτομὲν
1107 515 1178 604 τήν
1189 518 1250 603 χώ·

240 641 305 703 ρῃν
319 610 490 698 ἀποδιδοῖ,
506 617 605 680 τοῦτο
617 612 653 678 δέ
663 612 858 699 συμμάχους
873 614 982 681 ἐθέλει
998 609 1050 680 ἐπ’
1068 622 1129 701 ίσῃ
1147 616 1247 682 τεκαὶ

239 714 337 804 ὁμοίῃ
353 711 559 799 ποιήσασθαι
572 709 656 779 ἀνευ
670 737 706 779 τε
726 712 831 780 δόλου
847 713 903 779 καὶ
916 707 1058 795 ἀπάτης,
1083 711 1202 780 ἐθέλει
1216 710 1245 778 δὲ

239 816 294 881 καὶ
310 810 415 897 ἀλλην
428 809 541 896 χώρην
555 807 639 897 πρός
650 815 690 897 τῇ
699 806 843 898 ἡμετέρῃ
853 807 1002 894 διδόναι,
1019 804 1083 893 τήν
1094 803 1145 875 ἀν
1157 807 1245 878 αὑτοὶ

240 910 408 999 ἑλώμεθα·
431 904 524 994 ἡμεις
537 908 574 975 δέ
583 912 651 976 Δία
665 932 702 975 τε
710 904 885 994 Ἑλλήνιον
895 908 1107 984 αἰδεσθέντες
1119 910 1181 977 καὶ
1190 905 1246 994 τήν

234 1008 375 1077 Ἑλλάδα
390 1002 506 1073 δεινὸν
522 1004 715 1091 ποιεύμενοι
729 1008 916 1092 προδοῦναι
931 1001 973 1072 οὐ
989 1010 1245 1094 καταινέσαμεν,

239 1102 323 1173 ἀλλά
339 1101 564 1189 ἀπειπάμεθα,
581 1109 698 1189 καίπερ
710 1100 920 1190 ἀδικεόμενοι
931 1101 991 1171 ὑπ’
1005 1101 1179 1191 Ἑλλήνων
1196 1110 1246 1175 καὶ

239 1199 559 1288 καταπροδιδόμενοι
570 1202 784 1287 ἐπιστάμενοί
790 1228 826 1270 τε
836 1201 887 1270 ὁτι
897 1202 1171 1292 κερδαλεώτερόν
1179 1208 1245 1274 ἐστι

234 1299 432 1387 ,ὁμολογέειν
452 1304 498 1388 τῷ
517 1301 631 1385 Πέρσῃ
652 1306 780 1385 μᾶλλον
795 1297 879 1387 ήπερ
896 1306 1088 1388 πολεμέειν·
1121 1301 1168 1372 οὑ
1187 1305 1245 1390 μὲν

239 1400 318 1470 οὑδὲ
336 1398 588 1487 ὁμολογήσομεν
600 1401 732 1479 ἑκόντες
747 1398 840 1468 εἶναι.
865 1404 919 1468 καὶ
933 1398 970 1467 τό
981 1399 1044 1486 μέυ
1057 1398 1119 1468 ἀπ’
1133 1401 1243 1489 ἡμέων

206 1518 224 1569 τ
239 1497 328 1567 οὕτω
342 1496 525 1585 ἀκίβδηλον
539 1495 597 1565 ἐόν
613 1500 743 1584 νέμεται
755 1502 807 1566 ἐπὶ
816 1496 1070 1586 τοὺςἝλλῃνας.
1088 1498 1202 1588 Ὑμεῖς
1212 1502 1243 1569 δέ

239 1600 272 1675 ἐς
289 1603 400 1663 πᾶσαν
415 1593 586 1682 ἀρρωδίην
603 1596 677 1664 τότε
696 1594 895 1683 ἀπικόμενοι
913 1595 958 1684 μή
982 1594 1243 1689 ὁμολογήσωμεν

238 1700 284 1787 τῷ
299 1696 427 1782 Πέρσῃ,
449 1696 523 1762 ἐπεί
533 1719 569 1762 τε
585 1692 761 1780 ἐξεμάθετε
781 1691 818 1760 τὸ
833 1691 994 1780 ἡμέτερον
1008 1693 1171 1782 φρόνημα
1185 1717 1243 1764 σα-

239 1796 344 1882 φέως,
369 1791 420 1861 ὅτι
438 1789 569 1880 οὖδαμά
584 1791 805 1879 προδώσομεν
824 1790 887 1878 τήν
904 1789 1061 1877 Ἐλλάδα,
1087 1796 1146 1861 καὶ
1161 1792 1241 1862 διότι

238 1906 342 1979 τεῖχος
356 1888 438 1978 ὑμῖν
455 1889 510 1959 διά
528 1898 589 1958 τοῦ
606 1888 742 1976 Ἰσθμοῦ
757 1889 984 1976 ἐλαυνόμενον
1004 1892 1042 1958 ἐν
1054 1892 1148 1958 τέλέῖ
1166 1894 1239 1977 ἐστι,
1276 1912 1277 1959 ι

238 1994 293 2060 καὶ
304 1988 346 2078 δή
358 1990 461 2076 λόγον
472 1987 594 2059 οὑδένα
606 1996 674 2058 τών
684 1987 874 2076 Ἀθηναίων
885 1991 1056 2077 ποιέεσθε,
1072 1997 1239 2079 συνθέμε-

238 2094 295 2156 νοί
311 2113 346 2155 τε
365 2084 446 2176 ἡμῖν
467 2085 528 2155 τόν
546 2092 683 2174 Πέρσην
703 2085 928 2157 ἀντιώσεσθαι
945 2092 978 2167 ἐς
996 2087 1058 2177 τὴν
1078 2099 1243 2178 Βοιωτίην
1275 2086 1276 2147 ὁ

239 2185 487 2272 προδεδώκατε,
508 2188 690 2272 περιείδετέ
704 2211 739 2253 τε
755 2187 940 2273 ἐσβαλόντα
960 2190 993 2266 ἐς
1012 2185 1074 2274 τήν
1093 2185 1246 2276 Ἀττικὴν
1273 2156 1275 2221 ὁ

237 2287 298 2357 τόν
309 2285 493 2375 βάρβαρον.
516 2286 550 2363 ἐς
559 2285 622 2370 μέν
636 2309 702 2351 νυν
712 2281 749 2351 τό
761 2282 889 2371 παρεόν
899 2282 1070 2371 Ἀθηναιοι
1083 2283 1168 2373 ὑμῖν
1181 2315 1245 2374 μῃ-

238 2398 364 2459 νίουσι·
394 2382 514 2472 οὐγὰρ
536 2383 710 2470 ἐποιήσατε
725 2386 916 2472 ἐπιτηδέως·
945 2390 1011 2452 νῦν
1027 2385 1064 2452 δέ
1079 2382 1134 2453 ὅτι
1147 2387 1244 2474 τάχος

239 2479 397 2571 στρατιήν
418 2479 487 2568 ἅμα
507 2478 588 2568 ὑμῖν
602 2483 781 2549 ἐκέλευσαν
796 2480 899 2569 ὑμέας
915 2484 1111 2570 ἐκπέμπειν,
1138 2483 1185 2565 ὡς
1203 2482 1243 2554 ἀν

238 2581 299 2652 τόν
308 2580 481 2670 βάρβαρον
493 2580 670 2667 δεκώμεθα
681 2581 719 2648 έν
729 2587 769 2668 τῇ
779 2578 916 2669 Ἀττικῇ.
931 2578 1043 2668 ἐπειδή
1056 2578 1120 2668 γάρ
1133 2579 1243 2670 ἡμάρ-
1272 2618 1273 2635 2

238 2705 339 2767 τομεν
352 2685 409 2765 τῆς
419 2684 588 2764 Βοιωτίης,
603 2684 660 2764 τῆς
674 2702 712 2762 γε
727 2675 886 2765 ἡμετέρης
896 2679 1163 2765 ἐπιτηδεώτατόν
1177 2684 1243 2749 ἐστι

202 2801 221 2854 8
238 2785 485 2870 ἐμμαχέσασθαι
502 2776 539 2846 τὸ
555 2778 718 2866 Θριάσιον
733 2782 859 2847 πεδίου.
887 2776 945 2857 Ὡς
962 2779 998 2847 δέ
1012 2776 1077 2862 ἀρα
1091 2776 1242 2866 ἤκουσαν

239 2887 273 2950 οί
288 2887 404 2966 ἔφοροι
419 2886 539 2966 ταῦτα,
554 2877 779 2967 ἀνεβάλλοντο
792 2881 824 2959 ἐς
836 2877 898 2967 τὴν
909 2876 1088 2966 ὑστεραίην
1099 2877 1241 2966 ὑποκρί-

238 2988 380 3064 νασθαι,
396 2984 435 3067 τῇ
446 2980 482 3047 δέ
499 2976 658 3067 ὑστεραίῃ
673 2983 706 3058 ές
719 2976 781 3066 τήν
798 2980 922 3066 ἑτέρην.
951 2984 1050 3046 τοῦτο
1067 2978 1104 3045 δέ
1120 2982 1179 3047 καλ
1193 2980 1240 3046 ἐπὶ

238 3080 317 3147 δέκα
331 3075 454 3166 ἡμέρας
469 3079 616 3163 ἐποίεον,
634 3080 666 3157 ἐξ
682 3074 805 3164 ήμέρῃς
820 3077 852 3155 ἐς
867 3073 994 3163 ἡμέρην
1009 3072 1239 3162 ἀναβαλλόμε-

237 3204 301 3247 νοι.
332 3179 369 3244 έν
383 3177 419 3243 δέ
435 3174 542 3265 τοότρι
562 3181 608 3265 τῷ
622 3173 733 3264 χρόνῳ
749 3172 810 3242 τόν
827 3171 963 3261 Ἰσθμόν
978 3175 1120 3260 ἐτείχεον
1135 3194 1239 3242 σπου-

238 3272 301 3360 δήν
315 3278 443 3357 ἔχοντες
457 3270 585 3358 πολλήν
604 3273 726 3351 πάντες
740 3272 1024 3359 Πελοποννήσιοι,
1046 3278 1106 3340 καί
1116 3293 1182 3359 σφι
1202 3264 1241 3358 ἦν

236 3369 320 3456 πρὸς
334 3372 427 3437 τέλεϊ.
457 3364 532 3435 οὐδ’
550 3375 612 3455 ἐχω
628 3368 715 3438 εέπαι
730 3367 767 3437 τό
784 3380 907 3455 αλτιον,
932 3370 1018 3438 διότι
1033 3366 1242 3456 ἀπικομένου

236 3470 298 3553 μέν
309 3462 528 3552 Ἀλεξάνδρου
538 3476 599 3536 τοῦ
607 3470 806 3550 Μακεδόνος
818 3474 851 3549 ἐς
861 3469 1006 3556 Ἀθήνας
1017 3467 1174 3556 σπουδήν
1184 3495 1244 3556 με·

240 255 306 318 290
617 256 869 315 HERODOTI
