2618 3928
376 241 460 297 τεο.
492 240 551 294 vn.
584 240 684 296 ειν,
718 248 872 313 ε-ε,ο.
1069 238 1129 300 εεε

7 466 9 471 .
123 395 338 476 άπεστεότας.
362 397 502 476 τούτους
516 398 577 483 μέν
592 422 657 464 νυν
672 397 979 483 καταστρεψάμενος
994 401 1050 468 καὶ
1064 411 1128 473 Αί-

7 526 8 537 *
123 520 252 582 γυπτον
272 501 385 563 πάσαν
406 494 532 564 πολλόν
546 498 749 581 δουλοτέρην
764 499 919 584 ποιήσας,
942 493 964 584 ή
984 500 1036 566 ἐπὶ
1053 509 1127 569 Δα-

123 604 217 681 ρείου
237 589 298 684 ήν,
321 595 491 684 ἐπιτράπει
509 594 706 684 Ἀχαιμένεϊ,
733 593 884 689 ἀδελφεῷ
904 597 966 685 μέν
988 603 1125 686 ἑαυτοῦ,

7 722 9 771 ῑ
122 701 273 783 Δαρείου
287 696 323 762 δὲ
343 699 445 764 παιδί.
489 692 679 781 Ἀχαιμένεα
697 695 761 780 μέν
781 721 847 763 νυν
868 698 1127 785 ἐπιτροπεύοντα

122 793 299 879 Αἰγύπτου
313 792 423 882 χρόνῳ
437 795 625 877 μετέπειτεν
637 791 799 877 ἐφόνευσε
813 788 946 876 Ἰνάρως
958 791 976 862 δ
993 803 1127 881 Ψαμμι·

7 872 9 897 Ε
122 898 215 976 τίχου
231 885 316 977 άνήρ
327 896 441 976 Λίβυς.
464 891 586 977 Ξέρξης
603 888 640 958 δὲ
652 886 735 975 μετά
750 891 925 976 Αἰγύπτου
941 891 1069 962 ἅλωσιν
1085 890 1160 971 άςθ

124 995 239 1075 ἔμελλε
253 989 286 1065 ἐς
297 985 563 1073 χεῖραςάξεσθαι
575 984 619 1081 τόΧ
628 989 817 1076 στράτευμα
833 989 870 1058 τὸ
886 993 939 1063 ἐπὶ
952 990 1011 1072 τάς
1025 991 1127 1080 Ἀθή-

122 1115 199 1174 υας,
216 1087 384 1172 σύλλογον
397 1090 573 1174 ἐπίκλητον
586 1089 745 1174 Περσέων
759 1096 826 1159 τῶν
838 1087 985 1177 άρίστων
999 1096 1126 1163 ἐποιέε-

122 1213 171 1273 το,
188 1189 245 1253 ἵνα
258 1184 393 1273 γνώμας
403 1211 438 1253 τε
449 1185 599 1272 πύθηται
607 1187 723 1272 σφέων
734 1190 788 1257 καὶ
799 1186 900 1268 αύτδς
911 1193 948 1259 έν
957 1198 1038 1259 πᾶσι
1050 1202 1126 1280 είπη

121 1281 163 1352 τά
178 1289 281 1353 θέλει.
305 1280 364 1362 Ὡς
375 1285 410 1353 δέ
424 1286 684 1370 συνελέχθησαν,
701 1288 788 1365 ἔλεξε
798 1288 920 1374 Ξέρξης
931 1291 1025 1358 τάδε·
1045 1291 1154 1363 ’Ἂν-1

123 1388 200 1471 δρες
219 1385 361 1469 Πέρσαι,
383 1379 454 1451 οὔτ’
474 1378 574 1460 αὐτὸς
593 1382 819 1470 κατηγήσομαι
842 1385 949 1472 νόμον
970 1390 1068 1459 τόνδε
1088 1395 1126 1460 έν

122 1483 204 1571 ὑμῖν
218 1484 338 1569 τιθεὶς,
354 1480 625 1571 παραδεξάμενός
639 1506 675 1549 τε
689 1478 779 1573 αὐτῷ
798 1484 969 1572 χρήσομαι.
1000 1487 1044 1569 ὡς
1059 1487 1124 1578 γάρ

122 1581 187 1672 έγύ
201 1583 422 1669 πυνθάνομαι
436 1587 503 1649 τάν
518 1582 764 1667 πρεσβυτέρων,
781 1579 912 1668 ούδαμά
922 1611 970 1653 κα
981 1583 1126 1675 ἠτρεμή-

122 1705 244 1769 σαμεν,
259 1683 333 1750 έπεί
344 1707 379 1751 τε
396 1680 630 1767 παρελάβομεν
646 1676 708 1765 τήν
721 1677 904 1768 ἡγεμονίην
919 1683 1019 1772 τήνδε
1033 1684 1123 1774 παρά

122 1781 255 1867 Μήδων
262 1778 381 1865 Κύρου
392 1777 588 1855 κατελόντος
599 1773 779 1863 Ἀστυάγεα
789 1803 795 1816 ·
807 1775 891 1847 άλλά
900 1781 981 1860 θεός
990 1808 1026 1849 τε
1037 1783 1124 1851 οὕτω

7 1952 12 1981 ι
122 1879 195 1964 άγει
212 1878 267 1945 καὶ
281 1875 411 1944 αὐτοῖσι
424 1872 505 1963 ἡμῖν
519 1872 626 1944 πολλά
637 1877 797 1943 ἐπέπουσι
808 1880 1012 1965 συμφέρεται
1023 1879 1122 1948 ε’πδτδ

7 1990 9 2071 ζ
123 1975 271 2063 άμεινον.
305 1971 352 2041 Τὰ
368 1978 430 2060 μέν
444 2000 510 2041 νυν
527 1974 642 2060 Κῦρός
654 1999 689 2041 τε
704 1977 759 2043 καὶ
769 1976 953 2063 Καμβύσης
966 1979 1074 2067 πατήρ
1089 2005 1125 2047 τε

7 2078 9 2137 1
123 2074 140 2145 ὁ
157 2071 234 2163 έμός
245 2084 388 2160 Δαρεῖος
402 2073 649 2161 κατεργάσαντο
659 2075 715 2141 καὶ
728 2076 994 2162 προσεκτήσαντο
1010 2084 1123 2163 ἔθνεα,

7 2248 9 2267 ,
121 2174 367 2259 ἐπισταμένοισι
382 2165 421 2240 εύ
442 2169 505 2240 οὐκ
526 2169 569 2240 άν
583 2198 632 2252 τις
645 2174 746 2259 λέγοι.
770 2170 835 2260 έγά
849 2176 888 2243 δέ
904 2178 978 2246 ἐπεί
987 2205 1022 2246 τε
1037 2203 1124 2266 παρ-

121 2281 243 2364 έλαβον
256 2270 316 2341 τόν
330 2272 471 2361 θρόνον,
487 2280 586 2343 τοῦτο
598 2274 802 2361 ἐφρόντιζον,
819 2273 905 2355 ὅπως
914 2274 958 2364 μή
970 2285 1124 2364 λείψομαι

7 2370 9 2435 ἰ
121 2383 188 2444 τῶν
202 2370 368 2461 πρότερον
382 2375 576 2458 γενομένων
592 2379 669 2460 τιμή
688 2377 765 2460 τῇδε
779 2375 861 2459 μηδὲ
875 2374 1003 2443 ἐλάσσω
1018 2396 1124 2463 προσ-

7 2482 9 2485 ’
120 2473 281 2560 κτήσομαι
295 2470 443 2557 δύναμιν
455 2474 624 2561 Πέρσησι·
646 2477 832 2557 φροντίζων
844 2471 881 2540 δὲ
896 2469 1039 2563 εὑρίσκω
1054 2471 1122 2561 άμα

121 2572 183 2657 μὲν
198 2572 299 2646 κῦδος
314 2554 679 2674 ἡμίύῇίτροσγινόμενον
695 2569 807 2654 χάρην
821 2595 856 2636 τε
871 2578 928 2657 τῆς
943 2579 1008 2639 νῦν
1025 2573 1122 2659 ἐκτή-

120 2677 210 2756 μεθα
225 2661 288 2732 ούκ
309 2665 472 2733 ἐλάσσονα
488 2665 567 2734 οὐδὲ
584 2670 832 2753 φλαυροτέρην,
855 2675 1123 2769 παμμρρωτέρην

18 2830 25 2843 ,
121 2768 175 2850 δὲ,
193 2762 261 2849 ἅμα
279 2762 315 2829 δέ
328 2769 491 2848 τιμωρίην
506 2788 541 2830 τε
557 2766 610 2831 καὶ
627 2771 714 2831 τίσιν
733 2767 923 2852 γινομένην.
954 2765 1005 2837 διό
1021 2766 1124 2855 ὑμέας

121 2868 187 2928 νῦν
207 2856 270 2945 έγώ
286 2861 463 2946 συνέλεξα,
486 2865 542 2927 ἴνα
562 2858 600 2928 τό
619 2863 703 2928 νοέω
723 2863 887 2948 πρήσσειν
907 2862 1124 2954 ὑπερθέωμαι

120 2960 210 3047 ὑμίν.
227 2960 352 3028 Μέλλω
368 2960 480 3039 ζεύξας
493 2957 554 3027 τόν
562 2957 806 3046 Ἑλλήσποντον
816 2964 898 3039 έλάν
911 2964 1053 3050 στρατὸν
1069 2964 1156 3038 διάκ

7 3104 11 3153 f
51 3138 58 3149 .
120 3066 177 3146 τής
192 3054 361 3161 ΕὐρύτηςΙ
373 3059 426 3126 ἐπὶ
442 3055 670 3144 τὴνἙλλάδα,
692 3061 748 3126 ἵνα
761 3056 959 3146 Ἀθηναίους
976 3063 1123 3150 τιμωρή·

118 3178 244 3244 σωμαι,
272 3152 343 3223 ὅσα.
357 3153 397 3245 δή
419 3157 619 3244 πεποιήκασι
633 3160 765 3241 Πέρσας
786 3183 821 3225 τε
842 3160 896 3226 καὶ
919 3162 1043 3244 πατέρα
1063 3159 1123 3227 τόν

117 3255 216 3341 έμόν,
232 3251 339 3339 ὡρᾶτε
353 3256 414 3339 μέν
425 3279 491 3321 νυν
501 3257 557 3322 καί
570 3265 717 3339 Δαρεῖον
729 3254 872 3324 ἰθύοντα
882 3257 1122 3342 στρατεύεσθαι

120 3357 172 3422 ἐπὶ
184 3351 262 3431 τούς
275 3351 400 3441 ἄνδρας
411 3354 562 3434 τούτους.
577 3350 651 3422 ἀλλ’
668 3350 761 3436 ὁμὲν
771 3354 982 3444 τετελεύτηκε
995 3357 1049 3421 καὶ
1060 3353 1122 3422 οὐκ

116 3449 284 3536 ἐξεγένετό
299 3455 333 3520 οί
343 3453 614 3541 τιμωρήσασθαι,
633 3451 697 3541 ἐγώ
714 3455 749 3522 δέ
764 3453 849 3535 ὑπέρ
866 3477 900 3518 τε
917 3455 1047 3518 ἐκείνου
1066 3455 1121 3519 καλ
