2536 3934
305 249 393 307 LIB.
425 250 444 305 Ι.
479 247 577 307 GAP.
610 255 786 310 126-130.
1024 245 1063 311 71

97 408 120 473 οί
126 409 177 493 μέν
189 437 274 490 τινες
284 406 398 479 αὐτόν
413 405 588 496 ἐμάχοντο,
610 405 685 477 ὅσοι
704 405 749 496 μή
768 415 830 478 τοῦ
850 406 955 495 λόγου
968 406 1065 494 μετέ-

93 522 169 594 σχον,
188 513 220 578 σί
231 507 268 576 δὲ
285 504 492 594 αὐτομόλεον
506 503 590 593 πρός
604 503 685 586 τούς
697 508 846 595 Πέρσας,
869 511 903 576 οί
920 508 957 576 δέ
970 514 1065 575 πλεῖ·

91 622 146 671 στοι
163 604 380 676 έδελοκάκεόν
393 630 429 673 τε
444 607 499 673 καί
512 610 667 691 ἔφευγον.
704 608 938 685 Λιαλυθέντος
951 607 988 673 δέ
1002 609 1063 673 τού
1082 613 1132 667 1λ8

90 704 225 787 Μηδικοῦ
244 701 489 793 στρατεύματος
508 709 666 790 αίσχρώς,
696 699 741 783 ὡς
761 703 906 773 έπύδετο
928 703 1064 789 τάχιστα

89 795 300 892 όὶίστνάγης,
321 809 386 892 ἔφη
400 800 563 872 ἀπειλέων
576 810 622 895 τῷ
637 803 757 890 Κύρῳ·
777 801 860 874 Ἀλλ’
873 798 950 870 οὐδ’
964 797 1009 882 ώς
1021 798 1063 885 [ὁ]

88 901 184 989 Κῦρός
203 928 242 988 γε
265 902 425 992 χαιρήσει.
472 908 626 970 Τοσαῦτα
647 911 741 981 ελπας
763 908 898 990 πρώτον
918 901 981 986 μὲν
996 900 1064 966 τῶν

89 999 276 1086 μάγωντούς
296 999 551 1089 ὀνειροπόλους,
572 1003 606 1067 οῖ
624 1027 683 1087 μιν
703 998 898 1089 ἀνέγνωσαν
917 1013 1064 1087 μετεῖναι

88 1094 135 1165 τόν
146 1106 267 1189 Κόρου,
281 1100 422 1180 τούτους
435 1098 687 1190 ἀνεσκολόπισε,
702 1098 784 1188 μετά
799 1101 835 1170 δδ
850 1099 973 1169 ώπλισε
986 1094 1065 1175 τούς

32 1236 33 1247 2
88 1193 335 1286 ὑπολειφθέντας
353 1204 422 1266 ’τών
436 1198 570 1285 Μήδων
590 1200 627 1266 έν
647 1205 693 1289 τῷ
713 1196 821 1286 ἀστελ,
842 1199 941 1278 νέους
960 1198 1065 1265 τεκαὶ

87 1296 253 1382 πρεσβύτας
276 1294 412 1381 ἀνδρας.
455 1294 627 1383 ἐξαγαγών
645 1297 682 1364 δὲ
701 1295 842 1375 τούτους
861 1298 916 1365 καί
933 1301 1065 1380 συμβα-

87 1390 142 1460 λδν
162 1408 243 1464 τοῖσι
270 1396 420 1483 Πέρσησι
444 1394 595 1482 ἑσσώθη,
624 1397 679 1463 καί
703 1393 804 1480 αύτός
826 1418 862 1463 τε
884 1391 1066 1480 Ἀστυάγης

87 1490 254 1583 ἐζωγρήθη,
289 1493 347 1562 καδ
376 1490 455 1573 τούς
485 1492 624 1581 ἐξήγαγε
653 1501 721 1562 τῶν
746 1493 879 1583 Μήδων
909 1490 1062 1581 ἀπέβαλε.

84 1584 169 1660 Ἐόντι
182 1595 216 1662 δὲ
229 1590 425 1684 αἰχμαλώτῳ
439 1599 485 1684 τῷ
501 1590 677 1679 Ἀστνάγελ
687 1591 853 1681 προσστὰς
866 1590 885 1663 ὁ
898 1592 1064 1681 ’Ἅρπαγος
1082 1601 1132 1654 129

86 1695 238 1785 κατέχαιρέ
247 1722 286 1765 τε
300 1696 356 1763 καδ
370 1693 624 1782 κατεκερτόμεε,
645 1698 701 1764 καί
722 1692 807 1763 ἀλλα
826 1696 935 1782 λέγων
954 1696 988 1774 ές
1002 1690 1066 1762 αύ-

86 1788 133 1858 τδν
144 1793 317 1881 θυμαλγέα
332 1797 422 1878 ἔπεα,
437 1794 492 1861 καὶ
506 1788 546 1878 δή
563 1793 619 1860 καί
634 1792 741 1878 είρετό
754 1819 814 1880 μιν
827 1789 910 1880 πρός
924 1788 963 1860 τό
979 1792 1066 1860 έων-

87 1897 133 1959 τού
154 1897 307 1980 δείπνου,
324 1889 364 1960 τό
378 1918 436 1977 μιν
450 1894 575 1970 ἐκεῖνος
586 1895 681 1980 σαρξί
690 1900 751 1960 τοῦ
765 1888 883 1972 παιδός
897 1894 1064 1979 έδοίνησε,

88 1985 136 2056 δτι
154 2001 200 2079 εἴη
219 1989 240 2080 ή
257 1994 391 2059 ἐκείνου
406 1990 597 2077 δουλοσύνη
613 1987 687 2058 ἀντὶ
700 1997 758 2077 τῆς
771 1998 951 2078 βασιληίης.
995 1988 1013 2060 ὁ
1029 1992 1068 2059 δέ

87 2109 131 2173 μιν
142 2085 310 2176 προσιδών
325 2084 510 2181 ἀντείρετο,
532 2093 563 2156 εί
582 2089 710 2154 έωντού
729 2090 874 2155 ποιέεται
893 2086 931 2156 τό
945 2086 1066 2174 Κύρου

88 2191 176 2274 ἔργον.
196 2189 366 2279 ’Ἅρπαγος
380 2188 418 2255 δέ
431 2192 512 2276 ἔφη,
529 2185 629 2267 αύτδς
642 2184 707 2274 γάρ
721 2186 865 2276 γράψαι,
879 2184 917 2255 τό
932 2194 1067 2275 πρῆγμα

86 2283 255 2372 δήέωυτοῦ
279 2290 414 2365 δικαίως
434 2284 528 2357 εἶναι.
570 2285 752 2374 Ἀστυάγης
773 2288 812 2356 δέ
829 2312 888 2374 μιν
902 2283 1067 2381 ἀπέφαινε

85 2385 221 2480 τῷλόγῳ
241 2383 442 2457 σκαιότατόν
461 2411 497 2454 τε
517 2388 574 2455 καί
596 2383 801 2455 ἀδικώτατον
817 2384 915 2456 έόντα
929 2385 1067 2456 πόντων

86 2476 279 2574 ἀνθρώπων,
305 2485 503 2555 σκαιότατον
516 2488 578 2573 μέν
591 2512 647 2574 γε,
676 2491 706 2556 εἰ
725 2483 852 2574 παρεὸν
866 2485 955 2579 αύτῷ
969 2495 1067 2576 βασι-

86 2582 130 2649 λέα
150 2587 325 2672 γενέσθαι,
351 2591 382 2653 εί
405 2582 445 2672 δή
468 2582 515 2654 δι’
538 2587 725 2671 έοιντοῦγε
741 2584 892 2674 ἐπρήχθη
905 2585 947 2654 τό
961 2611 1067 2675 παρε-

84 2676 167 2771 όντα,
190 2681 281 2776 ἀλλην
296 2686 477 2772 περιέθηκε
490 2680 528 2752 τό
549 2682 687 2771 κρότος,
713 2679 919 2775 ἀδικώτατον
933 2686 987 2772 δέ,
1014 2683 1067 2755 ότι

85 2785 133 2846 τοῦ
151 2785 289 2853 δείπνου
310 2783 439 2850 εἵνεκεν
451 2782 595 2870 Μήδους
615 2781 859 2850 κατεδούλωσε·
889 2786 920 2851 εί
937 2778 1003 2868 γάρ
1024 2777 1065 2870 δή

84 2878 142 2945 δεῖν
163 2881 296 2965 ράντως
319 2890 509 2966 περνδείναι
533 2878 622 2973 ἀλλην
645 2882 708 2973 πέμ
730 2877 792 2967 τήν
813 2886 990 2968 βασιληίην
1010 2881 1066 2948 καί
1149 2958 1152 2963 ,

84 2972 119 3061 μή
132 2975 230 3047 αάτδν
246 2984 351 3066 ἔχειν,
373 2976 582 3064 δικαιότερον
603 2975 689 3045 εἶναι
702 2976 834 3064 Μήδων
848 2979 910 3069 τέῳ
924 2983 1065 3065 περιβα-

84 3079 143 3142 λείν
154 3084 250 3146 τοῦτο
265 3074 302 3145 τό
319 3072 453 3163 ἀγαθὸν
466 3073 488 3164 ή
502 3077 677 3165 Περσέων·
715 3083 781 3145 νῦν
796 3080 832 3145 δὲ
846 3076 989 3164 Μήδους
1003 3077 1065 3163 μὲν

85 3167 237 3256 ἀναιτίους
250 3175 374 3245 τούτου
388 3175 503 3255 έόντας
516 3174 660 3256 δούλους
680 3173 754 3249 ἀντὶ
767 3178 954 3244 δεσποτέων
966 3196 1066 3263 γεγο-
1111 3168 1115 3175 “

84 3271 180 3361 νέυαι,
200 3277 332 3364 Πέρσας
352 3279 389 3343 δὲ
413 3276 557 3354 δούλους
576 3273 693 3355 έόντας
706 3273 742 3344 τό
758 3276 839 3362 πρὶν
853 3275 986 3365 Μήδων
1000 3280 1065 3339 νῦν

84 3375 242 3455 γεγονέναι
267 3373 437 3454 δεσπότας.
483 3372 665 3463 Ἀστυάγης
690 3378 752 3462 μέν
777 3401 843 3443 νυν
859 3369 1066 3462 ’βασιλεύσας
1084 3379 1132 3432 130
1235 3466 1236 3469 Ἴ

86 3465 128 3536 δι’
142 3474 213 3542 {rea
230 3476 330 3547 πέντε
343 3477 399 3546 καί
414 3475 592 3568 τριήκοντα
607 3474 696 3546 ούτω
709 3481 768 3564 τῆς
782 3477 954 3562 βασιληίης
968 3490 1065 3535 κατε-
