2588 3926
305 299 389 353 ιιε.
420 297 467 353 lx,
500 297 600 354 οΑΡ.
635 303 774 360 ιο-τι.
982 298 1045 363 323

11 474 14 501 ἰ
37 479 147 522 νουτο.
171 454 402 539 Καλλικράτης
416 451 480 539 γάρ
496 460 557 533 ἐξω
568 458 625 541 της
639 456 744 542 μάχης
751 459 916 544 άπέθανε,
931 460 1042 529 ἐλθάν

12 594 13 603 ¹
35 550 125 641 άνηρ
141 551 315 628 κάλλιστος
335 553 368 629 ἐς
387 549 424 617 τὸ
446 550 671 638 στρατόπεδον
692 560 760 620 τῶν
774 554 848 621 τότε
863 552 1043 642 Ἑλλήνων,

11 672 15 709 1
35 653 80 723 ού
97 661 227 741 μοῦνον
244 649 357 720 αύτεόν
371 656 656 739 Λακεδαιμονίων,
673 651 756 722 άλλά
772 658 827 721 καὶ
844 663 912 722 τῶν
929 653 1043 724 άλλων

11 751 218 837 ίἘλλήνων,
234 747 287 836 δς,
304 748 417 834 ἐπειδη
434 750 648 836 ἐσφαγιάζετο
660 751 876 839 Παυσανίης,
899 754 1043 840 κατημε-

11 882 12 907 1
32 876 95 927 νος
112 853 149 916 ἐν
161 855 200 937 τη
210 848 282 929 τάξι
294 852 523 936 ἐτρωματίσθη
535 848 709 934 τοξεύματι
720 848 760 918 τά
773 855 910 937 πλευρά.
934 850 1041 938 καίδη

11 994 13 1005 ι
34 953 104 1033 ομί
105 946 143 1013 ἓν
154 945 332 1032 ἐμάχοντο,
348 944 411 1015 ὁδ’
426 932 693 1032 ἐξενηνειγμεδιος
705 951 933 1020 ἐδυσθανάτεέ
940 978 976 1019 τε
986 956 1042 1020 καὶ

11 1070 12 1105 ³
33 1054 129 1131 έλεγε
149 1043 233 1130 πρὸς
253 1043 490 1167 Ἀρίμνηστον,
516 1043 623 1129 άνδρα
638 1051 806 1117 Πλαταιέα
822 1077 864 1117 ον
853 1047 1043 1135 μέλειν
1010 1076 1028 1116 ο

33 1147 88 1215 ὅτι
103 1142 167 1232 πρδ
183 1151 240 1232 τῆς
249 1143 408 1239 Ελλάδος
416 1144 636 1264 ἀποθνήσκει,
652 1144 792 1216 ἀλλ’ὅτι
807 1147 870 1218 ούκ
881 1151 1048 1243 ἐχρήσατο

32 1270 76 1333 τη
62 1245 176 1329 χειρὶ
186 1241 277 1310 κάλ’
257 1268 308 1311 οτι
319 1241 420 1313 οὐδέν
435 1245 553 1312 ἐστίοί
538 1239 832 1330 ίάποδεδεγμένον
843 1252 972 1334 ἔργον
955 1274 1040 1318 scev-

32 1371 96 1413 του
82 1342 208 1422 άξιον
229 1346 514 1430 προθυμευμένου
529 1340 763 1424 ἀποδέξασθαι.
797 1344 985 1434 Ἀθηναίων
1000 1349 1038 1417 δέ
1054 1371 1088 1428 73

33 1446 164 1530 λέγεται
180 1439 395 1530 εὐδοκιμῆσαι
409 1444 581 1529 Σωφάνης
598 1441 835 1530 ὁΕύτυχίδεω,
850 1447 960 1534 δήμου
970 1458 1039 1517 Δε-

33 1549 227 1632 κελειηθεν,
248 1547 423 1612 Δεκελέων
448 1544 484 1612 δὲ
505 1549 574 1611 τῶν
592 1545 668 1611 κοτὲ
687 1545 923 1628 ἐργασαμένων
938 1552 1037 1632 ἔργον

31 1643 197 1733 χρήσιμον
210 1644 243 1720 ἐς
263 1640 324 1709 τὸν
340 1643 450 1710 πάντα
464 1642 605 1730 χρόνον,
628 1639 672 1720 ὡς
686 1638 780 1708 αύτολ
797 1638 968 1729 Ἀθηνασοι
982 1651 1037 1715 λέ-

11 1752 12 1757 ’
32 1759 140 1829 γουσι.
166 1737 210 1818 ὡς
222 1738 287 1825 γάρ
309 1738 350 1826 δη
368 1739 404 1807 τὸ
428 1741 531 1807 πάλαι
546 1736 629 1806 κατά
640 1736 772 1824 Ἑλένης
789 1739 930 1826 κομιδὴν
947 1750 1037 1809 Τυν-

33 1842 167 1923 δαρίδαι
182 1841 339 1924 ἐσέβαλον
354 1840 387 1915 ές
400 1845 465 1924 γῆν
478 1835 541 1923 την
551 1834 700 1923 Ἀττικὴν
716 1834 781 1904 σύν
796 1844 940 1923 στρατοῦ
952 1839 1036 1925 πλη-

31 1947 93 2004 θει·
105 1936 159 2001 καὶ
175 1932 357 2002 άνίστασαν
370 1935 449 2013 τούς
466 1935 609 2021 δήμους,
631 1931 694 2002 ούκ
708 1935 830 2014 εἰδότες
845 1940 902 2004 ἵνα
917 1934 1037 2016 ὑπεξε-

32 2036 126 2103 κέετο
140 2028 302 2119 ἡἘλένη,
320 2033 545 2120 τάτενλέγονσι
555 2031 634 2112 τούς
644 2036 819 2120 Δεκελέας,
836 2039 870 2102 οί
882 2037 918 2103 δὲ
932 2031 1036 2102 αὐτὸν

31 2133 182 2200 Δέκελον
198 2127 389 2216 άχθόμενύν
406 2156 443 2200 τε
457 2139 497 2221 τῇ
512 2133 637 2218 Θησέος
658 2130 738 2219 ύβρι
754 2134 809 2199 καὶ
823 2136 1036 2217 δειμαίνοντα

31 2232 109 2314 περὶ
123 2227 213 2318 πάση
224 2236 263 2317 τῇ
273 2226 461 2316 Ἀθηναίων
471 2231 573 2319 χάρη,
586 2229 833 2317 ἐξηγησάμενόν
844 2251 906 2316 σφι
918 2229 955 2299 τὰ
968 2238 1036 2300 πᾶν

31 2334 169 2413 πρῆγμα
183 2328 435 2414 κατηγήσασθαι
450 2331 503 2398 έπί
516 2326 574 2406 τάς
584 2325 757 2413 Ἀφίδνας,
772 2326 830 2409 τάς
842 2328 882 2416 δη
898 2327 1037 2408 Τιτακὸς

31 2423 99 2496 ε’άιν
114 2422 292 2511 αὐτόχθων
306 2431 546 2548 καταπραδιδοῖ
561 2431 795 2515 Τυνδαρίδῃσι.
818 2441 903 2496 τοίσι
920 2429 957 2495 δὲ
967 2437 1038 2497 Δε-

31 2532 165 2593 κελεῦσι
181 2527 218 2592 έν
233 2523 407 2615 Σπάρτη’
389 2524 454 2593 απὸ
469 2525 592 2593 τούτου
604 2551 665 2592 του
650 2531 777 2611 ἔργον
791 2522 920 2594 άτέλειά
934 2528 1036 2595 τεκαὶ

11 2642 13 2677 ι
11 2627 192 2748 Ιπροεδρίη
207 2626 364 2715 διατελέει
377 2628 410 2703 ές
402 2624 498 2692 τόδε
513 2626 575 2692 αίεὶ
587 2629 634 2692 έτι
646 2626 764 2709 ἐοῦσα,
781 2624 870 2692 οὕτω
884 2623 968 2693 ὥστε
981 2627 1037 2693 καί

11 2742 13 2813 ξ
31 2726 65 2800 ἐς
76 2719 136 2788 τὸν
147 2711 338 2808 πόλεμον
304 2750 364 2791 τον
375 2722 519 2807 ὕστερον
533 2732 685 2792 πολλοῖσι
697 2729 781 2791 ἔτεσι
796 2724 925 2792 τούτων
935 2723 1036 2842 γενά-

31 2845 137 2907 μενον
146 2817 288 2907 Ἀθηναί
286 2831 354 2892 οισί
360 2851 395 2892 τε
406 2826 768 2911 καλΠελοποννησίοισι
777 2822 1007 2910 σινομένων
972 2850 1034 2909 την

31 2916 138 3004 άλλην
151 2913 301 3004 Ἀττικην
314 2925 607 3008 Λακεδαιμονίων,
622 2928 764 2990 Δεκελεί
761 2949 800 3008 ης
816 2919 1031 3009 ἀποσχέσθαι.

12 3058 13 3065 1
35 3015 167 3082 Τούτου
181 3023 242 3083 τοῦ
258 3018 365 3104 δήμου
379 3017 445 3087 έάν
459 3018 477 3087 ὁ
493 3022 663 3108 Σωφάνης
680 3023 733 3088 καὶ
749 3019 945 3106 ἀριστεύσας
960 3021 1034 3089 τότε
1049 3031 1083 3087 74

27 3112 234 3198 Ἀθηναίων,
255 3114 366 3194 διξοὺς
382 3117 504 3204 λόγους
519 3121 720 3206 λεγομένους
735 3126 816 3206 ἔχει,
832 3118 892 3187 τὸν
909 3122 971 3206 μὲν
989 3118 1034 3198 ὡς

30 3216 68 3279 έκ
83 3219 143 3279 τοῦ
160 3218 322 3299 ζωστῆρος
338 3220 399 3280 τού
419 3215 575 3307 θύρηκος
592 3218 711 3303 ἐφόρεε
724 3219 845 3305 χαλκέη
859 3215 958 3286 ἁλύσι
977 3221 1033 3284 δε-

30 3310 174 3394 δεμένην
189 3308 341 3396 άγκυραν
352 3315 519 3399 σιδηρέην,
537 3310 599 3400 την
610 3312 697 3393 ὅκως
708 3316 861 3383 πελάσειε
874 3313 1034 3382 ἀπικνεύ-

30 3431 131 3491 μενος
145 3414 229 3476 τοῖσι
246 3415 433 3497 πολεμίοισι
447 3414 663 3499 βαλλέσκετο,
679 3416 736 3480 ἵνα
752 3412 794 3500 δή
809 3439 868 3498 μιν
885 3417 919 3479 ολ
933 3416 1033 3480 πολέ-

29 3530 101 3591 μιοι
113 3507 323 3588 ἐκπίπτοντες
339 3512 375 3579 ἐκ
386 3518 443 3598 της
453 3512 563 3592 τάξιος
573 3519 788 3599 μετακινῆσαι
799 3509 842 3596 μὴ
856 3517 1030 3579 δυναίατο·

784 3616 790 3624 ’
835 3612 864 3661 21
883 3608 894 3635 *
