2626 3932
362 231 445 289 1:113.
476 232 512 286 V.
544 231 643 288 GAP.
675 237 865 293 {me-94.
1072 232 1111 295 47

109 390 334 479 συμβόλαιον,
350 386 388 468 ὃς
404 395 512 479 νεκρῷ
528 389 631 475 ἐοόση
641 395 795 480 Μελίσσῃ
809 392 937 478 ἐμίγη),
954 397 1054 474 ἰθέως
1069 395 1110 483 δή

108 487 190 578 μετὰ
205 485 268 574 τήν
283 485 441 574 ἀγγελίην
455 486 610 573 κήρυγμα
624 486 802 573 ἐποιήσατο
815 489 848 568 ἐς
861 486 899 557 τὸ
910 486 1047 579 Ἡραῖον
1058 495 1111 573 ἐξ·

78 584 84 591 ’
108 593 194 657 ιέναι
207 586 317 664 πάσας
335 581 394 664 τάς
408 591 604 667 Κορινθίων
623 598 794 671 γυναῖκας.
823 591 860 655 αί
876 585 939 674 μὲν
953 584 995 674 δή
1016 584 1061 668 ὑς
1076 592 1108 668 ἐς

107 681 211 770 ὁρτήν
225 679 325 769 ήλσαν
346 681 461 774 κόσμφ
483 688 529 775 τῷ
546 689 709 774 καλλίστῳ
725 683 917 775 χρεόμενοι,
938 684 956 756 ὁ
973 684 1005 755 δ’
1022 685 1108 755 ὑπο-

108 782 229 871 στήσας
246 780 326 861 τοὺς
346 780 560 868 δορυφόρους
579 777 727 851 άπέδυσέ
737 801 842 869 σφεας
854 785 962 864 πάσας
975 782 1107 871 ὁμοίως,

108 883 165 965 τάς
182 878 212 949 τ’
229 882 409 964 ἐλευθέρας
419 875 543 958 καλιάς
553 876 783 967 άμφιπόλονς,
798 882 1017 971 συμφορήσας
1027 880 1063 950 δὲ
1074 884 1110 961 ἐς

108 982 239 1070 ὄρυγμα
246 986 400 1069 Μελίσση
409 978 629 1064 ἐπευχόμενος
639 981 799 1049 κατέκαιε.
812 988 915 1049 ταῦτα
926 984 965 1049 δέ
969 986 1004 1049 ολ
1008 981 1107 1066 ποιή-

107 1102 203 1153 σαντι
223 1081 279 1153 καί
292 1077 331 1149 τό
351 1080 510 1163 δεύτερον
527 1081 694 1165 πέμψαντι
708 1084 834 1167 ἔφρασε
854 1080 891 1149 τδ
907 1087 1048 1151 εἴδωλον
1067 1080 1103 1150 τὸ

108 1187 280 1266 Μελίσσης
293 1180 327 1260 ἐς
340 1176 401 1249 τὺν
414 1181 580 1265 κατέθηκε
592 1185 703 1266 χοῖρον
722 1186 783 1249 τοῦ
798 1183 909 1260 ξείνου
922 1178 984 1267 τήν
998 1205 1106 1264 παρα-

107 1280 311 1368 καταθήκην
359 1285 499 1349 Τοιοῦτο
513 1280 576 1365 μέν
590 1276 689 1346 ἐστι’
672 1291 752 1365 υμίν
765 1305 787 1365 η
773 1273 1020 1367 ’τυραννὶς,
993 1306 1020 1347 ει
1034 1288 1106 1349 Λα·

106 1377 331 1464 κεδαιμόνιοι,
346 1379 402 1449 καὶ
415 1401 579 1446 τοιουτου
589 1382 707 1462 ἐρμοιν
730 1372 880 1494 ήμέαςδὺ
889 1402 968 1456 τους
978 1385 1105 1464 Κοριν

108 1484 205 1556 θίους
219 1475 258 1544 τό
273 1501 309 1546 τε
321 1471 440 1547 αὐτίκα
452 1481 577 1562 θῶνμα
591 1472 718 1562 μέγα
689 1499 770 1560 ειχε,
785 1472 841 1543 ὅτε
854 1473 957 1562 ὑμέας
973 1481 1105 1562 είδομευ

109 1576 421 1663 μεταπεμπομένους
429 1570 577 1659 Ἱππίην,
592 1578 657 1641 νῦν
671 1597 707 1640 τε
721 1569 761 1660 δή
778 1576 833 1643 καί
852 1573 996 1659 μεζόνως
1009 1584 1105 1643 θωυ-

106 1671 151 1757 μά
153 1677 251 1758 ζομεν
267 1673 424 1757 λέγοντας
438 1677 559 1757 ταῦτα,
574 1670 870 1758 ἐπιμαρτυρόμεθά
882 1698 918 1742 τε
931 1672 1105 1744 ἐπικαλεό-

105 1795 200 1857 μενοι
220 1767 301 1856 ὑμῑν
321 1767 425 1849 θεοὺς
441 1766 522 1848 τοὺς
536 1766 743 1855 Ἑλληνίους,
770 1766 814 1856 μή
837 1771 1030 1839 κατιστάναι
1046 1796 1105 1837 τυ·

107 1873 266 1959 ραννίδας
285 1871 318 1950 ἐς
334 1865 392 1949 τάς
406 1868 511 1948 πόλις.
535 1865 598 1937 οὑκ
614 1860 664 1935 οἶν
676 1868 865 1955 παύσεσθε,
887 1865 970 1938 ἄλλά
988 1868 1105 1955 πειρή-

106 1980 208 2040 σεσθε
229 1967 319 2056 παρά
338 1967 376 2037 τδ
395 1974 527 2040 δίκαιον
548 1969 747 2055 κατάγοντες
761 1965 908 2055 Ἱππι’,ην
933 1977 1001 2036 ἐστε
1024 1965 1105 2127 ὑμῖν

109 2076 313 2158 Κορινθίους
327 2096 366 2157 με
380 2095 421 2139 ου
411 2067 680 2149 ’συναινέοντας

190 2164 430 2253 Σωσικλέηςέ
390 2192 414 2252 μ
431 2191 453 2233 ν
467 2162 534 2234 άπο
521 2161 722 2251 ΜΚορινθου
738 2160 1016 2249 πρεσβεύονξ
946 2166 1016 2242 ἐλεξ
1018 2164 1104 2230 ετιὶ-
1119 2171 1153 2226 93

105 2275 159 2358 δε,
177 2265 304 2353 Ἱππίης
325 2263 417 2334 δὲ’
375 2261 482 2335 αυτδν
501 2262 652 2353 ἀμείβετο
673 2259 752 2342 τοὺς
768 2258 891 2345 αὑτοὺς
911 2263 1104 2342 ἐπικαλέσας

104 2364 208 2446 θεοὺς
222 2368 348 2455 ἐκείνην,
361 2392 383 2452 η
370 2356 460 2451 μὲν
467 2366 673 2451 Κορινθίους
685 2358 827 2447 μάλιστα
839 2356 975 2427 πάντων
987 2360 1104 2429 ἐπιπο-

104 2464 226 2552 θήσειν
238 2458 573 2550 Πεισιστρατίδας,“
552 2484 634 2529 οταν
654 2478 715 2544 σφι
731 2454 841 2543 ήκωσι
852 2453 971 2544 ἡμέραν
992 2462 1028 2525 αλ
1041 2457 1103 2525 κό-

105 2557 418 2648 ριαιάνιάσθαιὺιά
428 2556 627 2647 Ἀθηναίων.
570 2552 1103 2642 οινἸππίηςμέντοότοισιάμεί-

105 2674 188 2740 ψατο
204 2651 259 2729 οἷά
274 2683 309 2725 τε
328 2654 407 2736 τοὺς
426 2651 596 2743 χρησμοὺς
615 2651 832 2739 ἀτρεκέστατα
846 2649 981 2736 ἀνδρῶν
996 2653 1104 2732 ἐξεπι-

7 2824 9 2827 ,
104 2757 276 2843 στάμενος,
294 2761 328 2824 οἱ
338 2755 375 2824 δὲ
390 2757 499 2824 λοιποὶ
513 2759 581 2822 τεόν
598 2751 780 2838 συμμάχων
793 2750 873 2827 τέεος
886 2750 948 2834 μὲν
963 2744 1081 2833 τάχυν’
1065 2773 1101 2814 εν

104 2854 204 2944 ήσυχί
201 2881 222 2943 η
236 2850 392 2940 σφέας’
351 2851 490 2939 αντοὺς,
506 2855 579 2922 ἐπεί
589 2876 624 2919 τε
639 2851 675 2919 δέ
687 2844 909 2927 Σωσικλέος”
888 2863 1038 2933 ηκουσαν
1054 2854 1101 2914 εί-

102 2977 226 3030 παντος
239 2949 474 3036 ἐλευθέροις,”
451 2977 537 3033 απας
548 2975 597 3029 τις
611 2946 722 3019 αὑτῶν
734 2943 853 3035 φωνήν
863 2946 963 3033 ῥήξας
973 2945 1099 3033 αίρέετο

101 3077 162 3119 του
148 3047 408 3134 Κορινθίου
374 3076 435 3137 την
446 3051 595 3137 γνώμην,
608 3051 901 3133 Λακεδαιμονίοισί
911 3071 945 3114 τε
957 3047 1101 3132 ἐπεμαρ-

101 3148 242 3236 τόροντο
254 3176 299 3236 μη
288 3145 438 3219 ποιέειυ
447 3148 553 3236 μηδὲν
570 3145 734 3228 νεότερον
751 3146 826 3230 περὶ
837 3142 940 3211 πόλιν
949 3139 1098 3210 Ἐλλάδα.

7 3250 8 3253 ’
102 3243 190 3313 οὑτω
204 3243 267 3332 μὲν
280 3251 384 3314 ταῦτα
399 3245 550 3330 ἐπαύθη,
562 3242 670 3332 Ἰππίη
685 3243 722 3311 δὲ
736 3245 895 3310 ἐνθεῦτεν
911 3235 1100 3307 άπελαυνο-
1114 3235 1149 3289 94

102 3345 190 3430 μένῳ
203 3346 316 3413 ἐδίδου
325 3343 388 3430 μὲν
367 3339 586 3429 νἈμὺντης“
572 3367 590 3408 ο
602 3337 772 3409 Μακεδοιν
782 3336 1083 3424 'Avaffeuofivwff
1033 3336 1100 3403 ἐδί

102 3442 207 3505 δοσαν
221 3438 257 3507 δέ
273 3444 436 3509 Θεσσαλοὶ
453 3438 595 3508 Ιωλκόυ.
627 3437 696 3506 ὁδέ
711 3437 840 3507 τούτων
861 3435 922 3521 μὲν
943 3429 1100 3513 οὐδέτερα
