2606 3920
358 264 445 322 ΗΒ.
477 267 548 322 vm.
581 266 679 324 CAP.
710 272 851 328 61-65.
1047 266 1111 331 249

133 392 176 478 s
177 420 263 510 Ἔφη
275 421 313 492 δέ
321 414 686 501 Δικαίοςὸθεοκόῦεος
697 419 783 510 ἀνὴρ
795 421 982 514 Ἀθηναῖος,
994 427 1106 516 φυγάς
1121 445 1158 501 65

102 545 137 587 τε
151 520 206 588 καὶ
221 517 312 603 παρά
325 520 475 607 Μήδοισι
486 519 624 607 λόγιμος
634 519 816 607 γενόμενος
825 528 947 590 τοῦτον
957 520 1017 590 τὸν
1027 525 1107 613 χρό-

15 656 17 663 ,
104 641 174 703 νον,
190 618 263 685 έπεί
271 642 306 684 τε
317 619 459 704 ἐκείρετο
470 614 492 705 ἡ
503 613 630 704 Ἀττικη
641 616 733 703 χάρη
744 616 811 686 ῦπὸ
822 625 883 687 τοῦ
894 626 994 701 πεζοῦ
1005 642 1106 711 στρα-

101 720 163 780 τοῦ
179 719 240 780 τοῦ
256 714 384 800 Ξέρξεω
405 715 507 782 έοῦσα
531 715 652 801 έρῆμος
668 704 875 800 Ἀθηναίων,
899 711 1011 801 τυχεῖν
1031 717 1106 784 τότε

102 809 168 879 έάν
189 809 258 896 ἅμα
278 810 469 900 Δημαρήτῳ
492 817 538 902 τῷ
558 804 812 898 Λακεδαιμονίῳ
835 814 873 881 έν
894 819 940 904 τῷ
957 822 1104 906 Θριασίῳ

20 904 25 957 ἶ
100 912 220 998 πεθίφ,
238 910 323 976 ίθετν
338 906 374 975 δέ
394 905 573 995 κονιορτόν
591 911 759 994 χωρέοντα
775 904 840 976 ἀπὸ
860 904 1044 987 Ἐλευσῖνος
1060 906 1114 987 ὡς

14 998 27 1071 ,ἶ
101 1006 237 1094 ἀνδρῶν
247 1005 389 1093 μάλιστά
400 1033 443 1096 κη
454 1014 671 1095 τρισμυρίων,
687 1005 946 1104 ἀποθρημάζειν
955 1008 993 1074 τέ
1000 1025 1105 1093 σφεας

14 1122 16 1133 ’
100 1101 161 1172 τόν
175 1100 353 1192 κονιορτόν
373 1100 479 1172 ὅτεοόν
499 1130 575 1173 κοτε
593 1114 643 1205 Q
658 1101 869 1191 ἀνθρώπων,
891 1106 946 1171 καὶ
960 1103 1105 1191 πρόκατε

101 1208 217 1289 φωνῆς
231 1199 386 1287 ἀκοάειν,
410 1210 469 1271 καί
479 1208 515 1271 οί
531 1191 715 1290 φαίνεάθαι
734 1200 797 1288 τὴν
811 1201 1029 1289 φωνην,εἶναι
1043 1200 1104 1270 τόν

101 1300 264 1390 μυστικόν
284 1312 409 1390 ίακχον.
445 1301 530 1372 εἶναι
546 1300 578 1371 δ’
600 1300 687 1388 ἀδαή
731 1328 775 1369 να
789 1308 858 1370 τῶν
876 1307 960 1387 ίρῶν
981 1308 1050 1370 τῦν
1066 1304 1103 1369 έν

14 1402 16 1419 ²
96 1400 257 1472 Ἐλευσῖνι
270 1404 459 1490 γινομένων
474 1398 536 1470 τόν
546 1400 762 1489 Δημάρητον,
780 1404 933 1484 είρεσθαί
940 1425 975 1466 τε
987 1395 1102 1485 αῦτόν,

99 1497 119 1566 ό
134 1525 165 1567 τι
179 1495 216 1568 τῦ
233 1499 472 1587 φθεγγόμενον
483 1507 538 1619 εἰη
552 1505 668 1566 τοῦτο·
691 1494 791 1575 αὐτὸς
806 1497 842 1564 δέ
857 1495 962 1564 εἶπαι·
981 1496 1102 1583 Δημά-

99 1622 194 1684 ρητε,
218 1593 282 1665 οῦκ
295 1602 365 1667 ἔστι
379 1596 465 1677 ὅκως
482 1623 524 1666 ον
538 1599 623 1684 μέγα
636 1622 668 1663 τι
675 1598 776 1673 σίνος
790 1601 881 1663 ἔσται
896 1603 937 1685 τῇ
950 1600 1103 1683 βασιλέος

13 1782 15 1791 .
101 1700 242 1783 στρατιῇ.
253 1695 348 1764 ιτάῦε
359 1693 425 1783 γάρ
437 1693 579 1782 ἀρίῦηλα
594 1693 719 1781 ἐρήμου
733 1692 853 1780 έοόσης
869 1700 927 1780 τῆς
945 1692 1101 1781 Ἀττικῆς,

97 1789 148 1860 ότι
162 1802 260 1863 θείον
272 1791 310 1860 τό
325 1793 579 1879 φθεγγόμενον,
600 1789 666 1859 ἀπὸ
684 1789 869 1871 Ἐλευσῖνος
883 1789 938 1860 ίόν
953 1795 986 1871 ές
999 1819 1102 1879 τιμω-

97 1893 174 1974 ρίην
188 1886 398 1975 Ἀθηναίοισί
409 1915 445 1957 τε
460 1894 515 1959 καὶ
528 1903 612 1957 τοῖσι
627 1888 836 1975 συμμάχοισι.
860 1893 915 1958 καὶ
928 1886 973 1976 ἦν
986 1894 1048 1976 μέν
1062 1918 1101 1976 γε

26 1982 29 1991 ’
96 1987 292 2076 κατασκήψῃ
306 1990 339 2067 ές
352 1986 414 2075 την
426 1990 700 2076 Πελοπόννησον,
716 1993 873 2069 κίνθννος
883 1988 974 2082 αῦτςῦ
987 2018 1023 2060 τε
1036 2001 1100 2080 βα-

12 2116 14 2177 γ
48 2144 58 2157 .
96 2085 183 2153 σιλέί
194 2085 249 2152 καί
262 2091 302 2174 τῇ
312 2094 448 2175 στρατιῇ
459 2094 499 2175 τῇ
512 2090 550 2155 έν
564 2084 737 2177 τῇήπείρμ
754 2084 921 2174 ἔσται,ἢν
931 2089 968 2157 δὲ
978 2092 1031 2158 aaz
1040 2088 1100 2167 τάς

95 2187 173 2265 νέας
191 2185 354 2273 τράπηται
369 2183 428 2265 τάς
443 2190 480 2255 έν
494 2194 679 2272 Σαλαμῖνι,
702 2182 762 2252 τὸν
781 2184 942 2255 ναυτικόν
956 2187 1099 2275 στρατὸν

95 2283 310 2353 κινόννεόσει
324 2282 481 2374 βασιλεῦς
502 2280 693 2373 ἀποβαλεῖν.
719 2281 782 2370 τὴν
802 2281 838 2351 δέ
853 2282 956 2372 ὁρτὴν
973 2284 1099 2369 ταύτην

12 2404 13 2407 ’
94 2381 214 2468 ἀγοοσι
224 2378 397 2470 Ἀθηναίοι
408 2379 474 2450 ἀνά
483 2382 593 2451 πάντα
603 2387 677 2449 ἔτεα
687 2387 727 2469 τῇ
735 2382 848 2467 Μητρὶ
857 2383 912 2450 καὶ
922 2382 1097 2471 τῇΚοῦρη,

94 2481 149 2546 καὶ
160 2475 273 2545 αῦτιῦν
286 2503 322 2546 τε
336 2476 354 2546 ὁ
369 2479 576 2566 βουλόμενος
587 2479 720 2546 καὶτῶν
730 2475 843 2546 ἀλλων
852 2476 1021 2566 Ἑλλήνων
1030 2505 1098 2565 μυ-

95 2589 177 2643 εῖται
199 2577 255 2643 καί
274 2572 337 2661 τὴν
363 2574 499 2663 φωνὴν,
527 2583 586 2663 τῆς
606 2573 756 2661 ἀκούεις,
779 2578 816 2643 έν
836 2577 940 2665 ταότη
956 2585 997 2666 τῇ
1016 2575 1097 2667 ὁρτῇ

94 2674 293 2761 ίακχάζονσι.
317 2670 408 2761 Πρός
420 2680 524 2749 ταῦτα
536 2679 640 2741 εἰπεῖν
651 2671 872 2759 Δημάρητον·
893 2681 981 2762 Σίγα
994 2679 1097 2751 τεκαὶ

93 2771 211 2860 μηθενὶ
224 2768 316 2863 ἀλλφ
329 2769 506 2857 τὸνλόγον
520 2777 641 2838 τοῦτον
655 2779 757 2859 είπης.
780 2766 825 2857 ἦν
840 2771 904 2859 γάρ
919 2799 970 2840 τοι
985 2775 1018 2853 ές
1032 2781 1096 2862 βα-

93 2871 186 2940 σιλέα
202 2868 382 2959 ἀνενειχθῇ
399 2867 441 2938 τά
457 2875 537 2939 έπεα
550 2876 671 2956 ταῦτα,
694 2867 891 2958 ἀποβαλέεις
908 2872 971 2961 τὴν
990 2901 1096 2962 κεφα·

91 2968 173 3057 λῆν,
197 2975 255 3038 καί
267 2988 305 3036 σε
325 2965 403 3038 οῦτε
424 2965 488 3056 έγῦ
510 2968 698 3056 δυνήσομαι
713 2968 884 3058 βιάσασθαι
904 2969 977 3040 οὔτ’
996 2971 1096 3053 ἀλλος

12 3144 14 3147 ,
91 3068 287 3158 ἀνθρώπων
301 3065 381 3138 οῦδὲ
401 3064 455 3148 είς.
478 3065 552 3138 ἀλλ’
575 3064 622 3155 ἔχ’
640 3066 778 3156 ἥσυχος,
799 3072 875 3157 περὶ
890 3069 927 3138 δὲ
941 3079 1096 3159 στρατιῆς

91 3172 190 3257 τῆσδε
203 3178 315 3237 θεοῖσι
328 3166 470 3256 μελήσει.
495 3166 564 3237 Τὸν
578 3168 641 3254 μέν
655 3167 695 3256 θη
712 3174 815 3237 ταῦτα
827 3173 1037 3259 παραινέειν,
1058 3174 1095 3239 έκ

92 3268 128 3335 δὲ
154 3272 215 3335 τοῦ
240 3274 418 3354 κονιορτοῦ
440 3269 574 3354 καὶτῆς
598 3273 719 3354 φωνῆςΙ
733 3270 893 3352 γενέσθαι
917 3272 1021 3354 νέφος
1040 3271 1096 3339 καὶ

91 3366 323 3454 μεταρσιωθὲν
338 3368 504 3453 φέρεσθαι
519 3369 572 3435 ἐπὶ
586 3375 778 3453 Σαλαμῖνος
791 3366 844 3435 ἐπὶ
860 3364 898 3435 τὸ
913 3367 1096 3451 στρατόπε-

92 3468 153 3532 δον
174 3462 211 3531 τὸ
232 3463 492 3552 τῶνἙλλήνων.
525 3462 614 3533 οὕτω
628 3465 666 3534 δέ
685 3461 809 3543 αῦτοῦς
828 3473 969 3549 μαθεῖν,
992 3461 1094 3531 ὅτιτὸ
