2606 3930
170 272 172 275 ·
204 242 267 314 378
582 243 834 309 HERODOTI
883 310 884 315 ,

203 413 553 498 τῆςΠιερικῆςπίσσης
564 403 705 495 ἀμείνω·
728 409 877 497 ἐσχέουσι
888 413 925 482 δέ
937 415 970 495 ές
981 413 1108 488 λάκκον
1118 411 1206 509 ἀρω-

203 508 372 598 ρυγμέυον
382 503 487 595 ἀχχού
493 512 550 594 τῆς
559 513 693 595 λίμνης·
710 504 812 576 έπεάν
824 509 860 577 δὲ
867 505 1054 601 ἀθροίσωσι
1065 514 1204 607 συχνὴν,

202 606 291 677 οὕτω
305 608 339 687 ἐς
352 603 431 686 τούς
445 602 616 695 ἀμφορέας
631 607 668 676 ἐκ
682 613 744 675 τοῦ
757 609 885 679 λάκκου
900 615 1105 703 καταχέουσι.
1138 616 1159 689 ὅ
1172 647 1205 689 τι

201 702 233 774 δ’
250 700 296 775 ἀν
313 706 436 794 ἐσπέση
450 706 484 783 ἐς
496 700 558 792 την
572 711 711 793 λίμνην,
734 703 801 776 ὑπό
821 715 887 796 γῆν
906 707 960 780 ίδν
981 710 1204 803 ἀναφαίνεται

201 806 239 872 ἐν
251 810 291 894 τῇ
306 802 478 894 θαλάσση,
498 799 520 891 ἡ
540 802 577 872 δέ
591 799 704 891 ἀπέχει
718 801 762 886 ὡς
776 807 915 896 τέσσερα
928 810 1047 881 στάδια
1063 811 1129 884 ἀπὸ
1144 822 1199 903 τῆς

201 909 327 990 λίμνης.
357 900 447 971 οὕτω
463 893 513 971 dv
528 905 585 971 καὶ
603 900 644 971 τά
659 900 725 973 ἀπὸ
742 910 800 992 τῆς
813 905 927 996 νήσου
949 917 1007 998 τῆς
1023 914 1076 982 ἐπὶ
1089 915 1201 1003 Λιβύη

136 1017 184 1073 196
200 1003 353 1091 κειμένης
376 1000 490 1070 οἰκότα
515 1003 582 1071 ἐστὶ
606 999 757 1090 ἀληθείη.
807 1006 953 1092 Λέγουσι
982 1012 1019 1079 δέ
1040 1013 1096 1081 καὶ
1121 1013 1199 1082 τόδε

198 1097 440 1188 Καρχηδόνιοι,
457 1097 542 1198 εἶναι
556 1107 613 1188 τῆς
623 1101 752 1190 Λιβύης
762 1103 873 1192 χῶρόν
883 1111 984 1179 τεκαὶ
995 1106 1199 1200 ἀνθρώπους

199 1206 261 1280 ἔξω
276 1198 469 1284 Ἡρακλέων
485 1200 633 1285 στηλέων
653 1204 929 1293 κατοικημένους,
951 1209 984 1287 ἐς
1003 1208 1083 1292 τούς
1096 1209 1198 1282 έπεάυ

198 1296 382 1369 ἀπίκωνται
396 1299 451 1366 καὶ
466 1299 640 1379 ἐξέλωνται
650 1297 691 1385 τά
705 1307 841 1390 φορτία,
856 1306 974 1387 θέντες
987 1304 1072 1377 αύτά
1084 1312 1198 1399 ἐπεξῆς
1295 1306 1296 1317 ’

197 1396 288 1487 παρὰ
297 1395 364 1487 τὴν
377 1404 597 1487 κυματωγήν,
611 1399 768 1490 έσβάντες
781 1404 816 1483 ἐς
829 1400 870 1472 τά
884 1413 984 1475 πλοῖα
998 1408 1119 1498 τύφειν
1134 1438 1190 1481 κα-
1295 1432 1296 1473 ὲ

196 1497 301 1567 πυόν·
318 1493 407 1575 ’τούς
427 1494 460 1564 δ’
478 1499 675 1585 ἐπιχωρίους
694 1502 870 1587 ἰδομένους
888 1500 949 1574 τόν
962 1505 1093 1579 καπνόν
1110 1512 1195 1581 ἰέναι

198 1598 250 1664 έπλ
264 1591 326 1682 τὴν
341 1593 536 1681 θάλασσαν,
556 1598 612 1664 καλ
632 1601 761 1667 έπειτεν
777 1595 851 1670 ἀντὶ
867 1609 935 1672 τῶν
950 1613 1099 1699 φορτίων
1112 1635 1187 1697 χρυ-

197 1691 259 1764 σδν
273 1692 405 1762 τιθέναι
419 1692 475 1762 καὶ
488 1695 727 1783 ἐξαναχωρέειν
741 1698 857 1788 πρόσω
872 1698 937 1772 ἀπό
953 1713 1021 1775 τόν
1035 1717 1191 1796 φορτίων.

195 1789 275 1872 τούς
290 1791 326 1860 δέ
340 1796 592 1880 Καρχηδονίους
606 1794 769 1884 ἐκβάντας
778 1800 998 1894 σκέπτεσθαι,
1013 1810 1068 1876 καὶ
1077 1801 1121 1894 ἢν
1132 1806 1192 1894 μὲν
1295 1842 1296 1861 ι

192 1886 357 1980 φαίνηταί
367 1907 429 1978 σφι
444 1888 536 1973 ἀξιος
556 1889 575 1960 ὁ
588 1891 713 1981 χρυσός
726 1902 795 1966 τόν
811 1906 976 1991 φορτίων,
998 1899 1192 1992 ἀνελόμενοι
1295 1978 1296 1995 ,

196 1990 483 2079 ἀπαλλάσσονται,
504 1986 549 2079 ἦν
564 1990 601 2061 δέ
615 1990 660 2080 μὴ
677 1992 782 2082 ἀξιος,
808 1997 964 2085 ἐσβόντες
980 1997 1086 2072 ὀπίσω
1101 2005 1133 2083 ἐς
1152 1989 1191 2071 τά

195 2099 295 2161 πλοία
321 2093 492 2179 κατέαται,
524 2093 560 2158 οί
580 2091 616 2159 δέ
642 2093 889 2180 προσελθόντες
912 2095 1015 2169 ἀλλον
1037 2098 1121 2189 πρὸς
1144 2093 1192 2171 ἀν

196 2195 325 2277 ἔθηκαν
339 2186 484 2277 χρυσὸν,
506 2191 540 2269 ές
554 2181 597 2257 οὗ
613 2185 657 2259 ἀν
672 2198 824 2263 πείθωσι.
847 2192 993 2269 ἀδικέειν
1009 2199 1045 2271 δὲ
1060 2198 1192 2270 ούδετέ-
1295 2252 1296 2283 ,

195 2314 292 2376 ρους·
324 2286 403 2357 ούτε
427 2285 492 2375 γὰρ
517 2286 640 2369 αὐτούς
663 2298 724 2360 τού
747 2303 876 2383 χρυσοῦ
899 2296 1080 2392 ἅπτεσθαι,
1113 2307 1192 2390 πρὶν

194 2386 237 2456 ἀν
260 2404 321 2473 σφι
343 2382 500 2475 ἀπισωθῇ
518 2393 559 2476 τῇ
579 2385 654 2478 ἀξίη
675 2398 743 2459 τῶν
760 2402 926 2484 φορτίων,
948 2396 1020 2469 οὔτ’
1044 2403 1192 2483 ἐκείνους

193 2492 261 2555 τόν
282 2488 430 2573 φορτίων
450 2481 616 2557 ἅπτεσθαι
632 2490 813 2582 πρότερον,
837 2493 863 2584 ἦ
880 2494 975 2570 αύτολ
994 2500 1032 2571 τό
1053 2510 1191 2594 χρυσίον

193 2583 330 2672 λάβωσι.
643 2646 647 2653 .
1295 2670 1296 2677 ,

129 2698 177 2755 197
278 2673 383 2753 Οὗτοι
399 2687 461 2771 μέν
476 2690 539 2758 τίσι
554 2683 633 2768 τούς
650 2684 740 2777 ἡμεῖς
755 2697 873 2782 έχμμεν
889 2696 1028 2788 Λιβύων
1042 2696 1191 2789 ούνομά-
1295 2752 1296 2795 ,

193 2802 265 2852 σαι·
294 2785 349 2853 καὶ
363 2784 494 2854 τούτων
506 2790 542 2855 οί
554 2790 671 2858 πολλοὶ
685 2795 839 2879 βασιλέος
849 2802 910 2864 τοῦ
921 2797 1054 2887 Μήδων
1068 2797 1145 2870 οὔτε
1159 2827 1190 2868 τι

193 2888 259 2949 νῦν
270 2879 348 2948 ούτε
357 2880 431 2951 τότε
443 2884 757 2971 έφρόντιζονουδέν.
764 2900 904 2963 τοσούτω
913 2895 950 2965 δέ
960 2902 1008 2967 έτι
1016 2905 1079 2988 ἔχω
1086 2903 1190 2969 εἰπεῖν

192 2980 340 3066 περὶτῆς
355 2978 464 3067 χόρης
477 2982 615 3071 ταύτης,
634 2983 685 3058 ὅτι
705 2991 843 3079 τέσσερα
864 2997 967 3063 ἐθνεα
981 2999 1113 3084 νέμεται
1127 2994 1186 3067 αύ·

191 3079 254 3170 τὴν
267 3080 323 3149 καὶ
338 3076 379 3161 οὐ
394 3083 483 3152 πλέω
498 3083 644 3174 τούτων,
666 3087 749 3160 ὅσον
760 3090 855 3180 ἡμεῖς
869 3098 982 3184 ίδμεν,
1004 3099 1060 3166 καὶ
1074 3094 1113 3165 τά
1128 3096 1190 3184 μέν

192 3181 254 3252 δύο
269 3176 460 3269 αύτόχθονα
473 3191 541 3253 τῶν
555 3187 704 3278 ἐθνέων,
725 3188 766 3261 τά
782 3193 818 3263 δὲ
833 3193 896 3265 δύο
912 3191 971 3284 οδ,
992 3201 1115 3283 Λίβυες
1128 3196 1190 3282 μὲν
1295 3272 1296 3275 ¹

151 3273 155 3280 ’
192 3281 247 3348 καὶ
257 3285 419 3361 Λίθίοπες
433 3279 655 3375 αὐτόχθονες,
670 3293 704 3358 οί
717 3292 780 3379 μέν
793 3290 834 3363 τά
849 3290 934 3383 πρὸς
947 3294 1074 3383 βορέω,
1107 3297 1141 3363 οἱ
1154 3295 1191 3362 δέ

191 3373 232 3444 τὰ
252 3374 337 3460 πρὸς
355 3376 459 3449 νότου
479 3388 537 3469 τῆς
551 3385 680 3474 Λιβύης
700 3393 882 3480 οἰκέοντες,
905 3400 1059 3474 Φοίνικες
1080 3394 1116 3462 δέ
1136 3395 1190 3463 καὶ

126 3469 338 3560 ιθεἝλληνες
352 3474 522 3567 ἐπήλυδες.
553 3485 676 3562 Δοκέει
691 3488 731 3559 δέ
742 3515 799 3581 μοι
815 3488 889 3567 οὐδ’
905 3486 1029 3579 ἀρετὴν
1042 3487 1131 3561 εἶναί
1141 3517 1191 3575 τις
