2606 3920
245 329 249 335 ¹
334 251 419 305 ιιε.
452 252 521 308 vffl.
555 250 653 307 οΑΡ.
687 257 861 313 ιοε-ιω.
1040 249 1103 313 σου

96 404 140 485 ὡς
157 412 187 475 εέ
200 406 342 476 λύσουσι
363 405 422 485 τὰς
442 411 588 492 σχεδίας,
608 405 701 474 τοῦτ’
722 404 767 477 α”ν
787 412 943 496 μέγιστον
964 398 1101 479 πάντων

95 517 190 589 σφεῖς
200 501 306 572 κακὸν
314 501 375 591 τήν
383 501 525 574 Ἐλλάδα
536 503 744 591 ἐργάσαιντο.
757 512 789 575 εἰ
795 505 859 592 γὰρ
870 506 1098 594 ἀναγκασθείη

95 598 328 688 ἀπολαμφθεὶς
347 599 365 670 ὁ
380 606 512 690 Πέρσης
526 605 641 693 μένειν
657 606 695 671 ἐν
709 611 749 693 τῇ
766 603 931 696 Εὐρώπη,
956 612 1098 694 πειρῷτο

94 696 139 781 ἄν
152 698 294 790 ἡσυχίην
309 699 354 789 μὴ
371 701 483 788 άγειν,
505 698 550 780 ὡς
564 699 680 788 άγοντι
693 705 754 788 μέν
770 706 804 771 ολ
817 701 959 791 ἡσυχίην
973 702 1051 772 οὔτε
1066 730 1098 771 τι

10 864 12 875 ,
94 803 298 886 προχωρέειν
308 794 428 868 οἷόντε
438 805 605 868 έσταιτών
615 801 820 887 πρηγμάτων
831 799 967 881 οὕτετις
977 800 1097 888 κομιδὴ

93 896 131 966 τὸ
147 895 253 966 ὀπίσω
264 899 465 988 φανήσεται,
480 905 565 990 λιμῷ
578 903 617 968 τέ
623 902 657 967 ολ
665 895 686 986 ἡ
697 897 832 987 στρατιὴ
846 904 1096 987 διαφθαρέεται,

9 1050 12 1075 ,2
94 1002 308 1085 ἐπιχειρέοντι
323 1000 359 1067 δὲ
379 997 538 1088 αὐτῷκαὶ
554 1002 656 1084 έργου
670 999 814 1090 έχομένφ
828 999 938 1067 πάντα
958 996 998 1066 τά
1013 995 1096 1066 κατὰ

9 1090 11 1145 ῗ
93 1096 156 1186 τὴν
170 1097 340 1184 Εὐρώπην
354 1094 409 1166 οἶά
422 1124 457 1166 τε
471 1104 562 1166 ἔσται
575 1103 809 1185 προσχωρῆσαι
830 1094 914 1165 κατὰ
928 1094 1048 1175 πόλιάς
1061 1122 1097 1162 τε
1200 1108 1206 1117 ’

93 1195 243 1267 καὶκατὰ
255 1203 369 1283 ἔθνεα,
386 1192 459 1283 ἤτοι
470 1193 701 1282 ἁλισκομένων
714 1223 752 1283 γε
762 1192 784 1283 ἦ
794 1195 859 1285 πρὸ
875 1197 999 1266 τούτου
1014 1193 1097 1316 ὁμο·

92 1298 290 1385 λογεόντων
312 1295 443 1417 τροφήν
457 1321 492 1364 τε
508 1299 594 1377 ἕξειν
609 1294 761 1382 σφέας
727 1321 787 1364 τον
804 1300 936 1366 ἐπέτεου
950 1324 971 1363 α
972 1301 1013 1365 λεὶ
1027 1303 1096 1364 τῶν

8 1422 9 1427 ’
86 1394 256 1485 Ἑλλήνων
270 1396 411 1479 καρπόν.
435 1391 519 1464 ἀλλά
535 1397 664 1463 δοκέειν
680 1393 745 1481 γάρ
759 1400 994 1480 νικηθέντα
955 1422 995 1483 τη
1009 1420 1095 1461 ναυ-

8 1530 10 1591 }
92 1504 192 1586 μαχίη
205 1523 249 1565 ου
263 1502 395 1583 μενέειν
409 1497 447 1562 ἐν
462 1518 502 1582 τη
487 1490 900 1581 ΕὐρώπητόνΠέρσην,
917 1484 1073 1561 ἐατέον
1047 1519 1095 1559 ων

7 1648 9 1661 ,
92 1593 178 1662 εἶναι
192 1592 350 1680 φεύγειν,
365 1592 432 1672 ἐς
412 1620 430 1661 ο
448 1598 532 1680 ἔλθη
548 1591 686 1678 φεύγων
703 1591 785 1671 ές
749 1618 811 1680 την
826 1594 962 1661 ἑωυτοῦ
984 1619 1022 1661 το
1012 1591 1095 1662 ἐν·

7 1722 14 1779 s
90 1700 215 1762 θευτεν
236 1695 272 1760 δὲ
292 1695 369 1775 περὶ
389 1697 447 1777 τῆς
464 1692 594 1758 ἐκείνου
615 1695 789 1759 ποιέεσθαι
811 1689 875 1777 ἤδη
895 1690 956 1760 τόν
979 1690 1093 1777 ἀγῶνα

7 1832 9 1853 ;
91 1793 230 1859 ἐκέλευε.
254 1788 376 1873 ταύτης
391 1789 427 1855 σε
442 1796 568 1872 εἴχοντο
583 1795 640 1873 τῆς
653 1790 788 1874 γνώμης
808 1792 863 1857 καὶ
876 1799 1094 1877 Πελοποννη-

92 1894 175 1956 σίων
190 1894 259 1954 τῶν
274 1884 385 1954 ἄλλων
402 1889 437 1953 ολ
449 1892 634 1971 στρατηγοί.
654 1884 726 1972 ,Ὡς
738 1890 774 1954 δὲ
785 1893 891 1973 ἔμαθε
902 1887 953 1958 ὅτι
969 1888 1010 1957 οὐ
1021 1897 1095 1958 πεί·
1111 1901 1160 1957 109

6 1974 8 1989 ¹
91 2007 143 2054 σει
157 1984 236 2064 τούς
248 2011 288 2071 γε
301 1981 447 2061 Ιπολλοὺς
456 1982 582 2051 πλώειν
592 1986 626 2062 ἐς
635 1983 695 2052 τὸν
706 1982 950 2070 Ἑλλήσποντον
961 1983 978 2055 ὁ
991 1995 1094 2073 Θεμι-

91 2084 264 2168 στοκλέης,
282 2078 477 2168 μεταβαλών
491 2078 575 2161 πρὸς
590 2078 670 2160 τούς
683 2079 883 2168 Ἀθηναίους
904 2076 1013 2167 (οὗτοι
1027 2082 1092 2170 γάρ

90 2184 232 2270 μάλιστα
247 2180 506 2267 ἐκπεφευγότων
515 2185 763 2268 περιημέκτεον,
782 2178 931 2301 ὁρμέατό
940 2208 976 2250 τε
987 2181 1066 2263 ἐς
1032 2210 1093 2251 τον

84 2280 330 2368 Ἑλλήσποντον
346 2279 471 2348 πλώειν
485 2282 542 2347 καὶ
556 2281 608 2347 ἐπὶ
625 2282 739 2377 σφέων
754 2277 866 2346 αὐτῶν
879 2279 1091 2400 βαλλόμενοι,

90 2386 122 2450 εἰ
136 2373 236 2448 ώλλοι
252 2405 297 2465 μη
286 2375 507 2465 βουλοίατο)
528 2381 622 2464 ἐλεγέ
633 2397 694 2464 σφι
701 2366 803 2446 τάδε·
833 2373 957 2446 Καθ’
914 2375 1015 2457 αυτὸς
1028 2374 1092 2465 ηδη

91 2489 242 2549 πολλοῖσι
258 2477 509 2566 παρεγενόμην,
530 2480 586 2546 καὶ
600 2484 713 2568 πολλφ
733 2472 855 2544 πλέον’
836 2476 965 2562 ακήκοα
981 2475 1093 2543 τοιάδε

89 2580 266 2662 γενέσθαι,
280 2572 406 2662 ἄνδρας
416 2577 449 2656 ἐς
463 2573 650 2663 ἀναγκαίην
664 2572 1094 2662 άπειληθένταςνενικημέ-

90 2700 173 2754 νους
192 2670 425 2760 ἀναμάχεσθαί
440 2701 476 2744 τε
496 2679 551 2744 καλ
573 2672 824 2761 ἀναλαμβάνειν
843 2670 906 2759 τὴν
926 2673 1092 2792 προτέρην
1200 2745 1203 2751 ,

90 2771 265 2858 κακότητα
284 2769 380 2891 ημεές
392 2773 428 2840 δὲ
439 2771 582 2896 (ευρημα
594 2799 658 2860 γαρ
670 2768 859 2860 ευρήκαμεν
870 2767 972 2858 ἡμέας
982 2795 1017 2838 τε
1028 2768 1092 2838 αὖ·

89 2893 168 2946 τους
183 2866 293 2936 καὶ
256 2894 319 2990 την
334 2867 490 2958 Ἑλλάδα,
510 2875 614 2957 νέφος
630 2878 768 2940 τοσοῦτο
789 2866 1019 2957 άνθρώπων’
1000 2895 1091 2938 ανω·

89 2966 244 3055 σάμενοι)
256 2995 300 3056 μη
289 2965 487 3054 διώκωμεν
498 2969 623 3056 ἄνδρας
638 2958 833 3056 φεύγοντας.
857 2964 990 3037 τάδε
950 2994 1015 3054 γαρ
1027 2967 1091 3036 οὐκ

87 3064 181 3154 ημελς
196 3066 491 3155 κατεργασάμεθα,
506 3064 721 3137 άλλάθεοίτε
738 3065 958 3156 καὶηρωες,ο
959 3067 1092 3154 θέφθό-

87 3185 197 3253 νησαν
217 3162 360 3253 άνδρα”
340 3193 400 3234 ενα
415 3172 473 3255 τῆς
492 3193 528 3235 τε
545 3163 653 3254 Ἀσίης
668 3170 777 3236 καὶ
737 3194 795 3254 της
811 3164 979 3254 Εὐρώπης
994 3175 1094 3255 βασι·

88 3270 204 3333 λεῦσαι
220 3263 318 3335 ἐόντα
328 3262 468 3334 ἀνόσιόν
479 3291 514 3333 τε
528 3267 584 3334 καὶ
595 3261 798 3350 ἀτάσθαλον,
815 3262 852 3344 ὃς
861 3264 902 3333 τά
917 3262 973 3350 ἱρά
985 3266 1090 3332 καὶτὰ

89 3366 158 3429 ἴδια
170 3365 207 3431 έν
222 3361 325 3454 δμοίφ
337 3366 482 3433 ἐποιέετο
498 3362 664 3449 ἐμπιπράς
677 3388 712 3430 τε
725 3365 780 3430 καὶ
793 3361 1013 3450 καταβάλλων
1023 3367 1092 3429 τών

88 3466 182 3528 θεῶν
195 3459 236 3528 τά
252 3458 440 3548 άγάλματα,
459 3456 496 3539 ὃς
506 3462 561 3528 καὶ
575 3458 637 3547 τὴν
650 3458 828 3530 θάλασσαν
841 3456 1091 3545 άπεμαστηιωσε
