2566 3934
212 198 275 266 166
591 199 842 260 HERODOTI

212 360 313 445 αύτός
328 366 364 434 A}
379 372 494 434 είκασα
508 366 603 453 τῇδε,
619 361 674 431 καί
689 359 740 430 ὅτι
753 357 955 451 μελύγχροές
971 366 1034 431 εἰσι
1047 362 1102 431 καί
1117 358 1220 431 ούλό·

212 489 327 553 τριηες.
351 464 405 533 καί
419 469 517 532 τούτο
531 462 594 550 μὲν
608 463 641 542 ἐς
652 455 753 530 οὐδὲν
767 456 901 548 ἀνήκει·
923 462 986 530 εἰσί
1000 458 1065 550 γὰρ
1078 466 1134 532 καί
1147 465 1219 531 ἕτε·

212 587 266 650 ροι
280 570 436 640 τοιοῦτοι.
459 559 544 632 ύλλίι
556 570 643 631 τοισί
629 565 679 631 ίίε
693 561 749 629 καί
765 566 911 648 μᾶλλον,
926 559 978 631 ὅτι
994 569 1115 648 μοῦνοι
1129 562 1218 631 πύν·

211 687 279 730 των
307 657 503 750 ἀνθρώπων
527 660 653 746 Κόλχοι
680 661 736 727 καὶ
761 658 941 744 Αἰγύπτιοι
974 664 1031 729 καὶ
1054 666 1218 742 Αἰθίοπες

211 763 477 885 περιτάμνονται
496 758 556 830 ἀπ’
583 758 685 848 ἀρχῆς
709 756 749 827 τὰ
770 763 889 828 αἰδοία.
934 767 1090 841 Φοίνικες
1110 762 1146 831 δί
1163 766 1219 833 καὶ

211 860 322 951 Σύροι
336 866 371 931 οί
387 864 425 932 ἐν
438 885 478 950 τη
463 866 657 929 Παλαιστί
656 885 699 947 νη
643 861 774 928 ίκαί
788 854 883 927 αύτοί
899 855 1118 946 ὁμολογέουσι
1134 859 1215 950 παρ’

210 964 406 1047 Αἰγυπτίων
418 960 663 1048 μεμαθηκέναι,
677 958 802 1044 Σύριοι
812 957 849 1027 δὲ
862 962 895 1027 oc
862 961 982 1047 οπερί
994 961 1218 1048 Θερμώδοντα
1278 1034 1279 1043 η

136 1118 139 1119 ⁷
212 1061 266 1129 καί
277 1062 473 1148 Παρθένιον
484 1083 635 1146 ποταμόν
646 1060 701 1127 καί
711 1056 902 1143 Μακρωνες
912 1063 947 1128 οἰ
954 1059 1102 1131 τουτοισι
1114 1059 1218 1132 αστυ·
1277 1076 1279 1103 ÷

212 1163 357 1245 γείτονες
373 1154 517 1238 ἑόντες’
497 1153 564 1227 απὸ
580 1155 720 1244 Κόλχων
733 1159 815 1280 ρασί
831 1159 950 1227 νεωστί
968 1166 1216 1250 μεμαθηκέναι

213 1248 308 1325 οὗτοι
332 1255 397 1343 γύρ
419 1263 482 1327 εἰσι
507 1261 542 1327 οί
564 1256 845 1345 περιταμνόμενοι
869 1255 1064 1346 ἀνθρώπων
1082 1270 1216 1352 μοῦνοι,

213 1347 327 1423 καὶ*
283 1379 378 1424 ουτοι
393 1360 606 1444 Αἰγυπτίοισι
621 1362 799 1443 φαίνονται
814 1360 988 1438 ποιεῦντες
1000 1383 1083 1427 κατα
1098 1357 1214 1426 ταύτό.
1277 1356 1279 1359 ’

212 1451 324 1524 αὐτῶν
338 1454 436 1525 &Mt
389 1462 585 1544 Αἰγυπτίων
599 1457 656 1524 καί
669 1452 849 1525 Αἰθιόπων
862 1453 926 1524 ούκ
941 1461 1003 1544 ἔχω
1018 1454 1149 1527 εἰπεῖν
1135 1454 1213 1528 οκύ-
1278 1532 1279 1549 ρ

211 1580 301 1641 τεροι
322 1554 412 1644 παρὰ
430 1563 499 1625 τῶν
520 1559 643 1646 ἑτέρων
662 1557 843 1645 ἐξέμαθον·
869 1554 1008 1645 ἀρχαῖον
1032 1554 1096 1646 γὰρ
1121 1556 1163 1647 ἰή
1184 1584 1216 1627 τι
1278 1574 1279 1663 ρ

212 1660 365 1742 φαίνεται
379 1651 446 1724 ἐόν.
482 1652 526 1734 ὦς
547 1652 579 1723 δ’
595 1653 846 1743 ἐπιμισγόμενοι
860 1662 906 1724 Αἰ
904 1656 1020 1750 γύπτω
1041 1659 1216 1745 ἐξέμαθον,

211 1755 294 1842 μέγα
308 1777 365 1842 μοι
380 1757 436 1824 καί
453 1752 531 1824 τόδε
544 1753 726 1843 τεκμήριον
739 1760 882 1842 γίνεται·
916 1752 1115 1825 Φοινίκων’
1100 1754 1216 1825 οκόσοι
1278 1802 1279 1865 ,

211 1862 251 1945 τῇ
269 1853 402 1926 Ἐλλύίι
417 1858 663 1946 ἐπιμίσγονται,
692 1854 850 1927 ούκέτιΑ
817 1861 1023 1943 Αἰγυπτίους
1043 1860 1217 1946 μιμέονται
1278 1836 1279 1931 ἰ

211 1982 294 2025 κατα
305 1981 346 2023 τα
334 1952 476 2043 αἰδοῖα,
494 1953 578 2025 ἄλλα
591 1963 659 2024 τόν
670 1955 962 2045 έπιγινομένων’
923 1983 966 2026 ου
975 1953 1216 2046 περιτέμνουσι

147 2074 195 2128 105
211 2081 250 2124 τα
238 2051 383 2125 αἰδοία.
429 2056 515 2145 Φέρε
530 2081 597 2123 νυν
617 2058 672 2124 καί
687 2054 768 2126 αλλο
783 2065 865 2126 είπω
884 2057 961 2143 περὶ
980 2062 1049 2125 τῶν
1062 2056 1216 2143 Κόλχων,

215 2150 260 2235 ὥς
274 2159 488 2242 Αἰγυπτίοισι
502 2157 707 2243 προσφερέες
722 2160 793 2224 εἰσί.
819 2162 915 2224 λίνον
935 2161 1057 2244 μοῦνοι
1070 2148 1167 2226 ούτοί
1181 2183 1218 2225 τε
1277 2166 1278 2223 ἶ

212 2255 268 2324 καί
281 2254 460 2340 Αἰγύπτιοι
480 2254 675 2344 ἐργάζονται
694 2251 777 2323 κατὰ
798 2246 918 2341 ταύτὰ,
941 2254 996 2322 καί
1013 2249 1035 2341 ἡ
1053 2252 1109 2341 ζόη
1124 2261 1216 2322 πᾶσα
1277 2248 1278 2309 ἰ

212 2353 267 2420 καί
281 2348 302 2438 ἡ
317 2358 451 2438 γλῶσσα
465 2352 611 2443 ἐμφερής
626 2355 694 2423 ἐστι
710 2349 892 2441 ἀλλήλοισι.
915 2359 1012 2423 λίνον
1032 2353 1068 2422 Ab
1094 2350 1130 2422 τό
1153 2355 1217 2441 μέν
1277 2362 1278 2417 3

211 2448 379 2539 Κολχικὸν
393 2449 638 2541 ύπόἙλλήνων
651 2447 869 2539 Σαρδωνικὸν
896 2455 1066 2542 κέκληται,
1081 2450 1117 2521 τό
1133 2456 1218 2541 μέν·
1257 2527 1262 2537 ,

209 2577 262 2620 τοι
287 2545 345 2617 ἀπ’
371 2551 547 2638 Αἰγύπτου
571 2550 821 2641 ἀπικνεύμενον
845 2556 995 2622 καλέεται
1016 2551 1215 2639 Αίγύπτιον

149 2661 194 2717 106
214 2646 281 2728 Τίις
306 2650 342 2718 δέ
362 2649 484 2738 στήλας
508 2677 568 2730 τας
587 2654 664 2721 ιστα
686 2679 770 2721 κατα
790 2678 850 2730 τας
871 2677 980 2738 χωρας
999 2676 1016 2718 ο
1039 2648 1217 2737 Αἰγύπτου

210 2745 368 2837 βασιλεύς
382 2750 591 2837 Σέσωστρις,
613 2778 646 2820 αι
639 2751 731 2838 μέν
747 2756 890 2828 πλεῦνες
906 2745 1017 2818 οὐκέτι
1036 2755 1218 2836 φαίνονται
1276 2760 1277 2831 λ

136 2870 142 2880 ’
210 2852 419 2935 περιεοῦσαι,
443 2849 480 2916 ἐν
502 2847 544 2916 δὲ
562 2872 602 2938 τη
621 2855 827 2938 Παλαιστίνη
846 2853 958 2936 Συρίη
981 2843 1081 2927 αὐτὸς
1107 2844 1217 2931 όόρεου
1276 2858 1277 2899 ³

210 2943 330 3025 ἐούσας
351 2945 462 3016 καί
425 2974 466 3016 τα
485 2948 665 3039 γράμματα
688 2977 729 3019 τα
744 2951 902 3039 εἰρημένα
922 2947 1060 3017 έυεόντα
1076 2949 1132 3017 καί
1151 2973 1218 3035 γυ-

210 3040 326 3124 ναικὸς
342 3051 378 3115 αί
364 3048 460 3115 ίίολα.
484 3054 514 3118 ε
500 3050 546 3118 σί
560 3047 598 3119 δὲ
613 3050 669 3118 καί
683 3052 758 3139 περὶ
768 3046 899 3135 Ἰωνίην
913 3047 975 3116 δύο
990 3046 1089 3116 τύποι
1104 3048 1142 3116 ἐν
1155 3047 1219 3114 πέ-

209 3163 306 3233 τρησι
322 3143 599 3235 ἐγκεκολαμμένοι
614 3149 738 3218 τούτου
758 3154 819 3218 τοῦ
833 3144 974 3235 ἀνδρὸς,
996 3153 1035 3237 τῇ
1054 3173 1090 3216 τε
1104 3149 1141 3216 ἐκ
1158 3152 1219 3232 τῆς

206 3241 358 3333 Ἐφεσίης
378 3245 411 3323 ές
432 3244 593 3316 Φώκαιαν
618 3251 787 3337 ἔρχονται,
809 3250 864 3318 καί
888 3254 928 3337 τῇ
950 3249 986 3316 ἐκ
1001 3249 1159 3336 Σαρδίων
1182 3247 1219 3326 ές

208 3339 384 3432 Σμύρνην.
425 3345 609 3434 ἑκατέρωθι
635 3348 673 3418 Ab
705 3345 791 3438 ἀνὴρ
826 3350 1044 3437 ἐγγέγλυπται
1067 3347 1219 3435 μέγαθος
1275 3340 1276 3401 ἰ

207 3447 356 3537 πέμπτης
370 3451 556 3535 σπιθαμῆς,
576 3453 617 3538 τῇ
632 3447 696 3536 μέν
711 3453 800 3541 δεξιῇ
813 3450 897 3539 ηειρί
912 3453 997 3536 ἔχων
1015 3442 1154 3538 αἰχμὴν,
1176 3454 1220 3540 τῇ
