2562 3926
212 211 274 313 196
476 314 479 320 Ι
599 220 854 283 Ηωαοοοτι

209 388 300 471 μεθα
319 373 489 469 ἀτρεκέως
521 387 647 473 πρῶτοι
672 380 737 473 γάρ
762 375 856 455 οὗτοι
881 388 978 456 ἐνΑί
931 386 1093 482 Αίγόπτφ
1114 384 1218 462 ἄλλό-

206 484 357 571 γλωσσοι
372 485 644 571 κατοικίσθησαν.
664 483 761 551 έκ
714 509 782 552 των
794 485 831 553 δέ
846 486 1066 574 ἐξανέστησαν
1084 485 1217 577 χόρων,

211 582 250 649 ἐν
263 576 411 647 τοότοισι
428 575 469 703 δη
485 582 520 650 οἵ
531 605 566 650 τε
582 575 675 650 δλκοί
688 587 757 650 τῶν
775 589 864 651 νεῶν
880 583 989 654 καίτοι
1006 588 1133 675 ἐρείπια
1147 592 1217 654 τῶν

211 676 402 766 οἰκημάτων
424 678 462 749 τό
488 683 582 770 μέχρι
607 671 733 781 έμεδ
709 699 806 769 ησαν.
843 683 1060 774 Ψαμμήτιχος
1073 685 1136 774 μέν
1150 710 1217 754 νυν

211 774 301 849 οὕτω
318 777 441 866 ἔσχε
405 805 468 868 την
481 787 665 868 Αἴγυπτον.

146 896 195 951 155
296 884 365 947 Τοῦ
380 880 417 949 δέ
430 885 632 1002 χρηστηρίου
646 905 708 948 τον
692 882 806 948 ἐνΑ
773 881 934 975 Αίγότττφ
948 880 1056 953 πολλά
1071 882 1216 971 ἐπεμνή-

211 989 302 1066 σθην
323 974 404 1067 ἤδη,
426 981 482 1047 καί
505 974 546 1067 δὴ
569 976 671 1067 λόγον
686 981 763 1065 περὶ
784 976 890 1049 αὐτοῦ
915 978 959 1062 69
982 979 1078 1063 ἀξίου
1103 983 1218 1063 ἐόντος

210 1079 407 1173 ποιήσομαι
428 1104 466 1148 το
455 1076 547 1201 χδρ
558 1081 760 1170 χρηστήριον
769 1086 868 1150 τοῦτο
880 1109 917 1151 το
906 1080 1023 1152 ἐνί
976 1089 1023 1152 Al
1022 1082 1136 1177 γόπτφ
1149 1086 1217 1156 ἐστὶ

210 1183 274 1268 μὲν
295 1182 461 1267 Λητοῦςί
460 1176 539 1346 ρόδν,
564 1181 602 1248 ἐν
617 1179 704 1255 πόλι
725 1179 761 1248 δέ
781 1181 909 1269 μεγάλη
929 1183 1112 1269 ἱδρυμένον
1131 1179 1214 1250 κατά

210 1308 247 1350 το
234 1272 489 1402 Σεβενηντικδ
491 1304 513 1346 ν
533 1277 740 1365 καλεόμενον
759 1278 864 1367 στόμα
887 1304 949 1347 του
934 1278 1149 1368 Νείλον,’
1129 1307 1212 1348 ανα

210 1377 356 1451 πλόοντι
371 1373 437 1446 ἆπδ
453 1375 665 1465 θαλάσσης”
643 1403 723 1447 ανω.
751 1376 881 1467 οὔνομα
896 1380 933 1447 66
951 1403 992 1469 τη
977 1379 1085 1448 πόλι
1098 1380 1213 1501 ταύτης

209 1472 294 1547 όκον
307 1474 345 1544 τδ
361 1473 564 1571 χρηστήριον
591 1479 660 1546 έστι
678 1472 814 1566 Βουτδ,
836 1473 881 1558 69
902 1478 958 1546 καί
973 1477 1138 1566 πρότερον
1153 1476 1216 1545 06-

208 1570 376 1666 νόμασταί
384 1601 451 1664 μοι.
473 1565 550 1665 ίρδν
565 1574 605 1646 δέ
616 1577 685 1647 ἐστι
699 1578 738 1644 έν
747 1600 788 1696 τη
772 1529 924 1646 Βουτοί
934 1577 1037 1668 ταότη
1048 1574 1216 1646 Ἀπόλλω·
1273 1612 1274 1615 “

210 1703 270 1756 νος
284 1677 339 1744 καλ
352 1669 549 1764 Ἀρτέμιδος.
571 1673 662 1745 καί”
641 1702 659 1744 ο
674 1701 713 1764 γε
727 1672 809 1762 νηός
822 1682 880 1763 τῆς
894 1682 1041 1764 Λητοῦς,
1060 1679 1097 1746 έν
1111 1702 1156 1768 τφ
1142 1671 1213 1796 66
1273 1708 1274 1721 ν

210 1772 247 1845 τό
264 1771 467 1864 χρηστήριον
481 1779 546 1865 ένι,
570 1772 672 1855 αὐτός
685 1800 720 1844 τε
734 1774 891 1861 τυγχάνει
910 1773 977 1843 ἐνδυ
990 1778 1091 1865 μέγας
1105 1746 1211 1844 καί
1174 1801 1214 1842 τα
1273 1786 1274 1865 ᾖ

210 1874 403 1965 προπύλαια
417 1878 483 1961 ἔχει
504 1876 537 1956 ές
556 1869 644 1957 6609
664 1877 744 1943 δέκα
767 1869 941 1960 όργυιέων.
967 1872 1005 1942 τό
1022 1876 1062 1943 δέ
1073 1901 1129 1963 μοι
1146 1880 1215 1941 τῶν

211 1980 370 2067 φανερῶν
399 1966 442 2063 ἦν
479 1979 580 2064 θῶμα
619 1975 777 2062 μέγιστον
818 1971 1047 2065 παρεχόμενον
1083 1973 1212 2063 φράσω.

210 2085 279 2150 ἐστι
296 2078 333 2146 ἐν
346 2080 392 2168 τῷ
402 2074 533 2161 τεμένεϊ
545 2072 655 2165 τούτῳ
664 2079 795 2162 Λητοῦς
808 2072 890 2163 νηδς
900 2078 934 2156 ἐξ
949 2073 1024 2156 ένδς
1037 2082 1139 2144 λίθου
1153 2097 1205 2141 πε

209 2179 388 2267 ποιημένος
403 2179 437 2253 ές
452 2199 488 2242 τι
508 2170 595 2256 6609
611 2175 667 2241 καί
690 2176 725 2253 ές
744 2180 865 2262 μῆκος,
887 2177 943 2243 καί
957 2188 1063 2262 τοῖχος
1078 2177 1215 2251 ἕκαστος

208 2280 356 2350 τούτοισι
381 2285 467 2355 ἴσος·
499 2271 742 2363 τεσσεράκοντα
765 2276 897 2362 πηχέων
919 2274 1050 2344 τούτων
1072 2276 1214 2343 ἕκαστον

207 2376 293 2450 ἐστὶ·
320 2372 358 2444 τδ
377 2375 413 2444 δέ
432 2376 683 2462 καταστέγασμα
702 2378 761 2463 της
781 2372 909 2464 ὀροφῆς
932 2372 1032 2455 άλλος
1051 2378 1215 2445 ἐπικέεται

141 2492 192 2548 156
207 2482 304 2558 λίθος
329 2480 414 2563 έχων
434 2471 497 2563 τὴν
521 2476 744 2563 παρωροφίδα
766 2474 984 2562 τετράπηχυν.
1028 2472 1128 2542 Οὕτω
1151 2476 1215 2559 μέν

210 2603 274 2646 νυν
298 2568 317 2644 6
343 2570 425 2661 νηός
444 2580 513 2642 τόν
533 2580 694 2663 φανερῶν
710 2598 767 2661 μοι
787 2579 855 2641 τῶν
869 2575 946 2662 περί
964 2578 1063 2642 τοῦτο
1081 2570 1118 2642 τὸ
1135 2571 1214 2658 ίρόν
1272 2624 1273 2649 ι

207 2679 276 2746 ἐστι
313 2671 592 2762 θωμαστότατον,
615 2678 684 2741 τῶν
699 2672 736 2742 δέ
755 2672 923 2762 δευτέρων
936 2678 1038 2759 νῆσος
1052 2669 1073 2760 ἡ
1087 2673 1215 2760 Χέμμις

207 2777 404 2864 καλεομένη.
427 2777 495 2843 ἐστι
507 2772 570 2861 μέν
581 2774 619 2841 έν
628 2780 730 2864 λίμνη
742 2773 852 2864 βαθέη
869 2774 925 2843 καί
938 2774 1062 2863 πλατέη
1077 2776 1213 2861 κειμένη

206 2872 297 2965 παρὰ
308 2872 346 2943 τδ
358 2876 395 2943 ἐν
405 2882 532 2945 Βουτοῖ
538 2871 632 2963 ίρδν,
654 2877 783 2964 λέγεται
798 2874 833 2945 δέ
848 2872 907 2944 ὑπ’
920 2880 1116 2961 Αἰγυπτίων
1128 2872 1214 2944 εἶναι

206 2975 291 3065 αὕτη
311 2970 333 3062 6
350 2981 452 3063 νῆσος
472 2977 596 3065 πλωτή.
626 2972 727 3059 αότδς
741 2977 804 3065 μὲν
817 2980 921 3063 ἔγωγε
939 2972 1017 3044 οὔτε
1031 2973 1214 3044 πλόουσαν

206 3073 285 3144 οὔτε
308 3084 507 3163 κινηθεῖσαν
531 3073 638 3165 εἶδον,
666 3077 728 3145 τέθ
751 3100 798 3144 πα
818 3072 855 3144 δέ
876 3069 1029 3161 άκοόων,
1058 3077 1089 3142 εί
1111 3080 1214 3162 νῆσος

205 3171 359 3262 ἀληθέως
373 3176 440 3244 ἐστί
455 3174 578 3266 πλωτή.
604 3178 641 3245 έν
656 3174 696 3264 66
714 3202 762 3245 ων
777 3173 882 3265 ταότη
895 3171 977 3260 νηός
990 3197 1026 3240 τε
1042 3167 1214 3244 Ἀπόλλω-
1271 3210 1272 3223 ÷

205 3298 265 3354 νος
284 3274 386 3361 μέγας
408 3277 458 3342 ἔνι
478 3276 532 3344 καί
555 3275 663 3364 βωμοὶ
685 3274 857 3364 τριφάσιοι
878 3272 1087 3362 ἐνιδρύαται,
1110 3273 1213 3359 έμττε-
1271 3304 1272 3365 χ

206 3370 334 3459 φόκασι
348 3368 381 3438 δ’
400 3371 438 3439 έν
454 3368 539 3465 αὐτῇ
554 3378 703 3462 φοίνικές
716 3399 753 3444 τε
769 3374 886 3461 συχνοί
899 3373 955 3441 καί
972 3368 1056 3441 ἄλλα
1071 3372 1212 3458 δένδρεα
1271 3372 1272 3393 ’

204 3472 260 3541 καί
276 3472 478 3564 καρποφόρα
495 3477 550 3544 καί
570 3472 685 3569 άφορα
707 3476 824 3547 πολλά.
856 3471 960 3566 λόγον
974 3471 1011 3543 δέ
1024 3470 1125 3542 τόνδε
1137 3473 1208 3543 έαι-
