2622 3928
192 206 234 272 74
565 210 821 268 HERODOTI

190 373 316 458 ἐσθῆτα
331 365 394 438 ούκ
415 371 577 456 ἐγχωρίην
593 374 727 454 ἔχοντας
743 370 798 437 καὶ
819 366 936 456 αἰχμάς
950 372 1200 461 προσεβώσατο,

190 475 249 537 καί
260 486 320 556 σφι
335 473 564 556 προσελθοῦσι
578 468 794 553 ἐπηγγείλατο
806 468 1006 558 καταγωγήν
1015 474 1071 541 καὶ
1081 477 1197 553 ξείνια.
1300 538 1301 541 ,

189 571 224 636 οί
233 565 451 653 δέδεξάμενοι
461 567 516 635 καί
524 567 746 646 ξεινισθέντες
756 562 931 635 ὑπἀὐτοῦ
941 569 1117 655 ἐξέφαινον
1128 576 1200 638 πᾶν
1300 574 1302 577 ’

190 671 224 735 οί
231 663 270 735 τό
281 666 456 754 μαντήϊον,
470 665 677 753 ἐκφήναντες
691 667 728 734 δέ
739 668 872 736 ἐδέοντο
882 665 988 736 αὐτοῦ
998 674 1045 759 τῷ
1055 674 1127 759 θεῷ
1137 694 1199 754 μιν

188 773 379 835 πείθεσθαι.
424 765 612 834 Μιλτιάδεα
627 764 663 833 δέ
676 762 869 833 ἀκούσαντα
883 772 1073 852 παραυτίκα
1088 770 1199 834 ἔπεισε

188 864 206 932 ὁ
223 865 322 952 λόγος
332 859 387 932 οἷα
398 861 590 951 ἀχθόμενόν
601 889 637 931 τε
647 869 688 952 τή
697 863 941 950 Πεισιστράτου
952 862 1036 951 άρχή
1046 865 1102 932 καὶ
1111 864 1198 950 βου-

187 963 333 1051 λόμενον
349 961 503 1032 ἐκποδών
523 962 617 1033 εἶναι.
647 961 766 1032 αὐτίκα
789 965 826 1032 δέ
848 963 968 1050 ἐστάλη
989 966 1022 1043 ἐς
1036 963 1197 1050 Δελφούς

188 1062 446 1149 ἐπειρησόμενος
459 1060 495 1131 τό
507 1063 726 1151 χρηστήριον,
741 1068 773 1132 εί
784 1064 892 1133 ποιέοι
911 1062 952 1130 τά
962 1087 1025 1149 περ
1043 1060 1148 1131 αὐτοῦ
1164 1066 1199 1131 οί

138 1188 172 1242 ςς
188 1160 358 1246 Δόλογκοι
373 1161 604 1247 προσεδέοντο.
641 1160 856 1248 Κελευούσης
866 1162 902 1229 δέ
912 1163 968 1230 καὶ
980 1168 1038 1247 τῆς
1047 1166 1193 1246 Πυθίης,

188 1255 277 1325 οὕτω
292 1253 335 1344 δή
349 1257 538 1346 Μιλτιάδης
558 1257 576 1328 ὁ
593 1262 770 1347 Κυψέλου,
784 1255 947 1345 Ὀλύμπια
962 1256 1197 1347 ἀναραιρηκὼς

187 1356 353 1441 πρότερον
363 1356 494 1426 τούτων
504 1364 689 1450 τεθρίππῳ,
703 1356 778 1426 τότε
788 1356 994 1446 παραλαβών
1004 1356 1194 1444 Ἀθηναίων

187 1455 297 1523 πάντα
315 1451 377 1523 τόν
391 1455 602 1542 βουλόμενον
616 1458 765 1543 μετέχειν
785 1463 847 1524 τοῦ
862 1457 984 1527 στόλον
1004 1463 1111 1527 ἔπλωε
1125 1454 1194 1541 άμα

185 1566 272 1621 τοῖσι
284 1554 504 1639 Δολόγκοισι,
519 1558 576 1623 καὶ
586 1562 659 1642 ἐσχε
670 1554 734 1643 τήν
743 1556 867 1644 χάρην.
888 1564 948 1626 καί
955 1584 1015 1644 μιν
1026 1561 1062 1626 οδ
1069 1559 1194 1643 ἐπαγα-

185 1655 323 1740 γόμενοι
336 1652 507 1740 τύραννον
521 1655 775 1741 κατεστήσαντο.
796 1653 815 1726 δ
830 1658 867 1725 δέ
881 1663 1016 1743 πρῶτον
1032 1657 1095 1744 μέν
1109 1654 1193 1724 άπε-

184 1758 304 1839 τείχισε
320 1747 381 1821 τόν
398 1751 525 1840 ίσθμόν
546 1761 605 1842 τής
622 1755 840 1845 Χερσονήσου
857 1759 893 1826 ἐκ
914 1761 1062 1849 Καρδίης
1076 1759 1193 1835 πόλιος

185 1858 218 1934 ἐς
231 1852 409 1939 Πακτύην,
427 1851 538 1941 ἵναμή
552 1858 659 1942 έχοιέν
671 1876 776 1942 σφεας
787 1861 821 1925 οί
829 1853 997 1937 Ἀψίνθιοι
1013 1859 1191 1942 δηλέεσθαι

185 1955 402 2042 ἐσβάλλοντες
413 1957 446 2033 ἐς
456 1951 518 2043 τήν
531 1954 654 2043 χώρην.
676 1958 738 2025 είσὶ
753 1955 789 2025 δέ
800 1947 895 2024 οὗτοι
905 1954 1034 2023 στάδιοι
1046 1956 1080 2034 ἐξ
1091 1980 1126 2022 τε
1137 1957 1192 2021 καὶ

184 2052 362 2139 τριήκοντα
376 2058 437 2120 τοῦ
448 2058 592 2140 ίσθμού
607 2051 673 2122 άπό
684 2055 721 2122 δέ
732 2060 793 2121 τοῦ
804 2058 931 2139 ἰσθμοῦ
942 2053 1064 2122 τούτου
1074 2049 1095 2140 ή
1104 2060 1192 2136 Χερ-

184 2148 328 2235 σόνησος
341 2154 406 2216 ἔσω
421 2148 512 2216 πᾶσά
529 2151 598 2217 ἐστι
614 2153 759 2218 σταδίων
780 2158 886 2218 είκοσι
899 2153 955 2217 καί
969 2155 1191 2238 τετρακοσίων

137 2267 168 2324 37
185 2244 222 2313 τδ
240 2232 612 2339 μήκοςήἌποτειχίσας
627 2240 676 2313 άν
689 2244 749 2314 τὸν
764 2244 888 2333 αὐχένα
902 2252 959 2334 τῆς
972 2245 1191 2337 Χερσονήσου

158 2339 203 2415 ,ίὸ
219 2343 408 2430 Μιλτιάδης
420 2344 477 2411 καὶ
489 2341 568 2423 τούς
578 2341 774 2425 Ἀψινθίους
784 2344 897 2436 τρόπμ
907 2344 1048 2435 τοιούτῳ
1059 2342 1181 2429 άσάμε·

184 2467 243 2519 νος
256 2447 325 2531 τήν
339 2448 468 2508 λοιπῶν
478 2442 640 2528 πράτοισι
655 2445 837 2532 ἐπολέμησε
846 2451 1111 2531 Λαμψακηιωῑρκ
1134 2471 1190 2514 και

182 2564 241 2623 μιν
252 2542 286 2606 οί
293 2541 516 2645 Λαμψακηνοί
529 2541 729 2629 λοχήσαντες
744 2544 893 2631 αίρίουσι
903 2547 1037 2639 ζωγρίη.
1060 2534 1105 2628 ήν
1122 2539 1188 2610 δέὸ

183 2639 372 2726 Μιλτιάδης
380 2647 516 2735 Ιίροίσμ
532 2638 578 2735 τῷ
588 2648 690 2736 Λυδῷ
705 2634 743 2713 ἐν
755 2644 873 2732 γνάμη
889 2643 1053 2730 γεγονός·
1074 2646 1188 2713 πυθό-

181 2763 281 2823 μενος
303 2728 352 2806 άν
373 2736 391 2806 ὁ
414 2744 559 2826 Κροῖσος
579 2749 684 2811 ταῦτα
707 2744 847 2829 πέμπων
868 2741 1078 2831 προηγόρευε
1102 2756 1188 2811 τοῖσι

181 2842 439 2921 Λαμψακηνοῖσι
454 2844 600 2925 μετιέναι
615 2839 819 2926 Μιλτιάδεα,
838 2845 868 2908 εί
881 2841 918 2907 δέ
931 2837 994 2927 μή,
1012 2844 1116 2927 σφέας
1131 2848 1188 2911 πί-

179 2956 259 3010 τυος
268 2932 533 3021 τρόπονήπείλεε
543 2942 720 3027 ἐκτρίψειν.
734 2940 964 3024 πλανωμένων
975 2939 1188 3027 δέτῶνΛαμ·

179 3039 341 3120 ψακηνῶν
362 3036 399 3103 ἐν
413 3049 499 3105 τοίσι
516 3040 667 3127 λόγοισι,
683 3042 848 3117 τίέθέλει
869 3037 906 3106 τό
924 3046 1004 3120 ἐπος
1024 3038 1127 3129 εἶναι,
1148 3042 1185 3110 τό
1298 3104 1299 3119 ,

120 3217 123 3232 ⁸
178 3151 239 3218 σφι
249 3125 429 3219 ήπείλησεν
440 3130 620 3224 ὁΚροίσος,
633 3143 750 3216 πίτυος
760 3135 887 3225 τρόπον
898 3139 1077 3226 ἐκτρίψειν,
1089 3139 1187 3227 μόγις

177 3225 253 3295 κοτέ
267 3226 390 3313 μαθάν
404 3238 472 3298 τῶν
485 3259 535 3313 τις
548 3238 786 3322 πρεσβυτέρων
801 3233 872 3304 εἶπε
885 3232 925 3305 τό
937 3233 1005 3323 έδν,
1022 3234 1074 3307 ὅτι
1088 3244 1185 3317 πίτυς

176 3324 287 3411 μούνη
300 3328 467 3412 δενδρέων
477 3326 614 3400 πάντων
625 3335 802 3401 ἐκκοπεῖσα
812 3330 958 3420 βλαστὸν
970 3330 1094 3405 ούδένα
1106 3361 1185 3422 μετ-

176 3432 235 3505 ίιι,
269 3417 353 3490 άλλδ
380 3426 600 3514 πανώλεθρος
620 3431 848 3509 ἐξαπόλλυται.
889 3436 1058 3510 δείσαντες
1080 3424 1131 3502 άν
1151 3437 1186 3500 οί
