2622 3928
391 188 477 244 ΗΒ.
512 188 547 243 V.
581 184 851 249 emim-61.
1080 186 1120 250 δέ

108 344 180 416 οὐκ
199 346 297 416 ἐόντα
318 347 400 432 πρὶν
413 342 565 434 Ἕλλησι,
588 343 633 426 ὡς
656 348 726 434 ἐμοὶ
754 349 900 435 δοκέειν,
921 355 1036 433 πρῶτα
1056 348 1119 435 μὲν

109 460 202 516 τοῖσι
222 445 276 512 καὶ
296 441 441 523 ἅπαντας
459 447 613 532 χρέονται
635 452 808 532 Φοίνικος,
830 444 912 532 μετά
936 448 973 516 δὲ
992 447 1119 533 χρόνον

110 551 358 633 προβαίνοντος
372 540 441 628 ἅμα
461 548 502 632 τῇ
515 549 614 632 φωνῇ
632 545 815 631 μετέβαλον
835 545 889 612 καὶ
903 540 965 612 τόν
982 541 1119 632 ῥυθμόν

110 653 183 714 τῶν
198 643 411 732 γραμμάτων.
433 650 625 732 περιοίκεον
635 645 675 713 δέ
686 662 791 730 σφεας
800 639 840 713 τά
855 640 962 712 πολλά
974 649 1042 711 τόν
1051 643 1118 729 χιό·

112 768 186 829 ρων
199 749 322 811 τοῦτον
335 738 397 811 τόν
409 740 535 829 χρόνον
543 738 848 830 ἙλλήνωνἼωνες,
859 739 1117 828 ολπαραλαβόν-

111 867 167 921 τες
180 845 299 930 διδαχῇ
307 836 398 929 παρά
409 846 478 908 τῶν
489 847 659 909 Φοινίκων
669 838 709 910 τά
721 839 913 928 γράμματα,
924 847 1118 927 μεταρρυθ-

110 940 268 1029 μίσαντές
282 960 396 1028 σφεων
407 937 503 1027 ὀλίγα
517 942 687 1028 ἐχρέοντο,
701 941 876 1028 χρεόμενοι
890 939 926 1009 δὲ
942 937 1116 1026 ἐφάτισαν,

111 1039 226 1126 όίσπερ
242 1042 298 1108 καὶ
318 1035 356 1108 τό
378 1044 510 1107 δίκαιον
530 1045 629 1127 ἔφερε
649 1036 884 1125 ἐσαγαγόντων
897 1042 1067 1109 Φοινίκων
1083 1037 1117 1114 ἐς

110 1137 175 1225 τὴν
184 1135 326 1207 Ἐλλάδα
340 1136 518 1227 Φοινικήια
533 1144 726 1225 κεκλῆσθαι.
755 1140 811 1206 καὶ
827 1135 886 1217 τάς
905 1143 1042 1226 βίβλους
1062 1141 1116 1205 δι·

111 1239 245 1321 φθέρας
263 1238 419 1305 καλέουσι
437 1233 504 1304 άπό·
526 1242 587 1304 τοῦ
607 1243 752 1305 παλαιοῦ
772 1233 944 1324 οίἼωνες,
966 1235 1017 1306 ὅτι
1038 1237 1114 1305 κοτὲ

111 1339 151 1405 ἐν
176 1335 279 1404 σπάνι
304 1341 431 1424 βίβλων
460 1339 612 1424 ἐχρέοντο
636 1338 817 1424 διφθέρῃσι
842 1339 973 1425 αίγέησί
998 1360 1034 1404 τε
1059 1338 1114 1403 καὶ

110 1435 232 1524 οίέησι·
254 1439 301 1502 ἐτι
316 1435 353 1504 δέ
366 1438 421 1505 καὶ
434 1433 472 1504 τό
488 1432 562 1505 κατ’
579 1435 636 1521 ἐμὲ
655 1436 772 1504 πολλοὶ
789 1440 858 1502 τῶν
878 1433 1060 1522 βαρβάρων
1079 1435 1113 1512 ἐς

109 1532 265 1630 τοιαύτας
281 1536 446 1624 διφθέρας
459 1535 638 1629 γράφουσι.
671 1531 775 1603 Εἶδον
788 1532 825 1600 δέ
838 1535 893 1601 καί
908 1528 1008 1611 αὐτὸς
1018 1534 1111 1601 Καδ-
1126 1542 1161 1598 59

109 1631 192 1720 μήλα
207 1631 385 1720 γράμματα
402 1636 439 1702 ἐν
452 1640 499 1725 τῷ
509 1637 571 1725 ἱρῷ
584 1638 646 1700 τοῦ
657 1629 865 1710 ’Λπόλλωνος
874 1634 935 1698 τοῦ
946 1627 1112 1716 Ἰσμηνίου

110 1735 148 1800 έν
162 1732 291 1820 Θήβησι
312 1739 387 1821 τῇσι
401 1738 559 1802 Βοιωτῶν
578 1733 631 1800 έπδ
653 1736 784 1816 τρίποσι
805 1729 893 1816 τρισὶ
909 1730 1111 1813 ἐγκεκολαμ-

111 1833 213 1917 μένα,
234 1829 275 1899 τά
289 1828 395 1901 πολλοὶ
413 1828 512 1918 ὁμοία
526 1831 625 1900 ἐόντα
638 1844 723 1899 τοῖσι
739 1826 921 1897 Ἰωνικοῖσι.
946 1825 969 1893 »ὁ
990 1825 1051 1912 μὲν
1070 1823 1110 1911 δὴ

112 1925 159 2007 εἷς
172 1935 240 1997 τῶν
253 1928 421 2014 τριπόδων
437 1933 625 2018 ἐπίγραμμα
639 1935 704 2016 ἐχει
852 1985 854 1991 .

190 2023 403 2113 ’Λμφιτράων
416 2023 452 2113 μ’
468 2024 635 2115 ἀνέθηκεν
654 2025 715 2096 ίιόν
730 2023 796 2094 άπδ
818 2021 1026 2112 Τηλεβοάων.

111 2130 215 2193 ταῦτα
234 2120 367 2211 ἡλικίην
392 2120 437 2192 δν
457 2134 508 2211 τίη
531 2123 615 2194 κατά
633 2126 742 2195 Λάιον
765 2120 826 2192 τόν
846 2121 1029 2211 Λαβδάκου
1049 2127 1110 2191 τοῦ

109 2221 319 2309 Πολυδώρου
332 2229 393 2291 τοῦ
406 2225 557 2308 Κάδμου.
592 2221 725 2312 Ἕτερος
740 2221 776 2291 δὲ
791 2227 929 2309 τρίπους
942 2219 979 2287 ἐν
994 2217 1110 2303 έξαμέ-
1124 2224 1158 2282 60

110 2320 394 2412 τρφτόνφλέγει·
917 2338 920 2343 ’

190 2427 316 2498 Σκαῖος
329 2422 529 2507 πυγμαχέων
544 2445 585 2506 με
603 2418 751 2511 έκηβόλφ
761 2417 944 2489 ’Λπόλλωνι

191 2516 342 2602 Νικήσας
351 2514 498 2604 άνέθηκε
511 2524 582 2588 τεῒν
592 2519 787 2604 περικαλλές
801 2518 941 2605 άγαλμα.

110 2624 233 2692 Σκαῖος
246 2609 279 2680 δ’
295 2609 339 2680 δν
356 2623 405 2702 είη
421 2613 440 2684 ὁ
456 2615 714 2704 Ἱπποκόωντος,
736 2622 767 2685 εί
785 2614 826 2703 δὴ
841 2610 939 2696 οὗτός
957 2615 990 2701 γ’
1007 2619 1074 2686 ἐστὶ
1088 2613 1106 2684 ὁ

110 2709 247 2786 άνιιθελς
257 2711 313 2777 καὶ
323 2709 367 2797 μη
380 2710 480 2790 ἄλλος
489 2709 596 2781 τόντό
610 2713 739 2800 οὕνομα
752 2719 837 2801 έχων
850 2719 895 2804 τῷ
904 2711 1108 2782 Ἱπποκόων-

110 2833 179 2896 τος,
200 2804 334 2895 ἡλικίην
350 2807 434 2878 κατά
450 2814 614 2879 Οἰδίπουν
626 2809 813 2881 τδνΛαΐου.
848 2812 967 2898 ΙΤρίτος
980 2811 1017 2879 δέ
1033 2816 1104 2899 τρί·
1121 2813 1149 2867 5¹
1229 2853 1232 2860 ,

109 2932 192 2986 αους
205 2910 293 2995 λέγει
308 2910 363 2976 καὶ
379 2900 478 2989 οὗτος
493 2912 531 2978 έν
544 2910 722 3002 έξαμέτρφ·

189 3004 369 3093 Λαοδάμας
384 3007 515 3096 τρίποδ’
533 3006 634 3090 αὐτός
647 3009 800 3100 ἐν’σκόπφ
812 3006 994 3080 ’Λπόλλωνι

187 3105 421 3193 Μουναρχέων
434 3103 581 3196 ἀνέθηκε
595 3113 665 3178 τελυ
679 3109 875 3196 περικαλλές
889 3102 1034 3194 όίγαλμα.Ι

111 3202 160 3270 ἐπὶ
173 3201 297 3270 τούτου
307 3201 348 3291 δὴ
363 3212 424 3273 τοῦ
434 3208 675 3295 Λαοδάμαντος
686 3213 748 3276 τοῦ
759 3203 941 3286 Ἐτεοκλέος
954 3230 1106 3292 μουναρ-

110 3303 238 3386 χέοντος
247 3304 469 3384 ἐξανιστέαται
480 3312 641 3395 Καδμεῑοι
651 3302 710 3374 ὑπ’
725 3302 883 3393 ’Λργείων
893 3305 947 3373 καὶ
957 3304 1106 3392 τράπον-

109 3429 160 3470 w
180 3405 212 3482 δι’
227 3402 307 3483 τοὺς
322 3404 504 3496 Ἕνγχέλεας,
532 3414 567 3478 oc
583 3409 620 3478 δέ
633 3416 819 3493 Γεφνραίοι
843 3401 1106 3487 ὑπολειφθέντες
