2560 3938
209 262 250 329 12
295 321 296 324 γ
582 225 837 331 monor

204 431 379 507 τέοντοςδὲ
391 434 453 496 τοῦ
467 427 576 514 νόμου
587 430 685 517 ῥῖψαί
690 454 749 514 μιν
763 429 797 504 ἐς
806 422 868 511 τήν
878 425 1056 493 θάλασσαν
1067 419 1206 508 ἑαυτὸν,

207 526 253 608 ὦς
274 527 354 615 εἶχε,
377 525 442 595 σὺν
460 534 500 617 τῇ
521 534 625 615 σκευή
640 527 739 614 πάση.
772 525 827 592 καί
840 520 920 602 τούς
936 525 997 609 μὲν
1012 520 1208 589 άποπλάειυ

206 629 240 706 ἐς
253 627 447 713 Κόρινθον,
470 623 531 693 τὸν
553 627 589 693 δὲ
606 630 746 711 δελφῖνα
760 627 894 709 λέγουσι
908 620 1122 710 ὑπολαβόντα
1137 621 1208 699 ἐξε-

205 739 314 794 νεῖκαι
334 726 386 793 ἐπὶ
411 731 586 811 Ταίναρον.
626 721 799 811 ἀποβάντα
826 723 862 791 δέ
887 719 991 790 αὐτὸν
1015 726 1153 809 χωρέειν
1175 722 1208 797 ἐς

205 823 382 912 Κόρινθον
403 820 468 891 σὺν
489 830 529 912 τῇ
552 828 673 912 σκευή,
696 826 750 890 καί
773 821 979 908 ἀπικόμενον
1000 820 1208 909 ἀπηγέεσθαι
1266 804 1267 835 ¹

150 912 156 931 ’
205 928 274 988 πᾶν
293 918 331 988 τὸ
354 920 502 1006 γεγονός.
533 925 745 1009 Περίανδρον
766 923 803 988 δὲ
822 918 897 988 ὑπὸ.
912 919 1064 1008 άπιστίης
1074 919 1207 1005 Ἀρίονα
1266 966 1267 1005 ,

206 1019 268 1105 μὲν
283 1020 320 1085 ἐν
335 1025 468 1106 φυλακή
485 1025 572 1105 ἐχειν
588 1017 720 1109 οὐδαμῇ
734 1010 902 1107 μετιέντα,
919 1017 1050 1099 ἀνακῶς
1066 1023 1103 1088 δέ
1119 1026 1207 1105 ἔχειν
1266 1022 1267 1091 ῗ

206 1126 274 1187 τῶν
291 1121 489 1205 πορθμέων·
513 1117 558 1197 ὡς
574 1122 610 1187 δὲ
623 1119 689 1202 άρα
703 1134 857 1206 παρεῖναι
871 1117 1005 1207 αὐτοὺς,
1022 1123 1209 1207 κληθέντας
1266 1140 1267 1171 ³

207 1220 434 1305 ἱστορέεσθαι,
461 1225 494 1284 εί
510 1244 542 1285 τι
562 1221 692 1304 λέγοιεν
713 1219 788 1300 περὶ
801 1215 957 1301 Ἀρίονος.
996 1221 1157 1305 φαμένων
1172 1217 1207 1284 δέ
1266 1246 1267 1253 “

153 1356 155 1360 »
172 1334 178 1343 “
208 1319 363 1401 ἐκείνων,
385 1312 429 1393 ὡς
451 1324 500 1402 είη
521 1343 557 1384 τε
579 1323 645 1396 σῶς
661 1319 737 1400 περὶ
749 1313 889 1402 Ἰταλίην
902 1322 961 1406 καί
973 1343 1032 1403 μιν
1046 1309 1085 1384 εὖ
1100 1316 1208 1403 πρήσ-

102 1414 105 1419 ’
208 1435 311 1483 σοντα
324 1421 453 1484 λίποιεν
470 1418 508 1483 ἐν
524 1416 681 1502 Τάραντι,
699 1417 907 1500 ἐπιφανῆναί
918 1433 979 1500 σφι
993 1411 1053 1481 τόυ
1064 1411 1208 1500 Ἀρίονα,

210 1512 321 1602 ὥσπερ
337 1519 421 1600 ἔχων
436 1515 631 1601 ἐξεπήδησε·
649 1511 797 1590 καὶτοὺς
813 1514 1034 1597 ἐκπλαγέντας
1048 1508 1111 1579 οὐκ
1122 1517 1209 1597 ἔχειν

209 1622 257 1684 ἔτι
271 1615 506 1700 ἐλεγχομένους
520 1611 710 1699 ἀρνέεσθαι.
742 1617 853 1678 Ταῦτα
869 1613 932 1696 μέν
948 1634 1016 1677 νυν
1030 1615 1208 1697 Κορίνθιοι

207 1741 244 1782 τε
277 1716 333 1782 καί
358 1716 495 1800 Λέσβιοι
519 1716 672 1799 λέγουσι,
703 1712 759 1778 καί
788 1707 936 1794 ’Λρίονός
959 1711 1028 1776 έστι
1049 1704 1209 1793 άνάθημα
1266 1738 1267 1781 ι

208 1815 350 1901 χάλκεον
365 1807 407 1878 οὐ
421 1814 504 1897 μέγα
521 1813 574 1879 ἐπὶ
592 1808 765 1899 Ταινάρφ,
788 1809 840 1875 ἐπὶ
854 1810 1010 1891 δελφῖνος
1026 1802 1133 1874 ἐπεάν
1147 1803 1207 1871 άν-
1266 1784 1267 1841 ¹

208 1922 355 2000 θρωπος.

164 2019 200 2072 25
288 2008 466 2096 Ἀλυάττης
480 2005 551 2077 ὃδὸ
566 2007 679 2086 Λυδὸς
693 2002 755 2074 τόν
765 2002 849 2091 πρὸς
860 2012 1048 2091 Μιλησίους
1062 2003 1211 2088 πόλεμον

209 2115 372 2189 διενείκας
385 2112 574 2197 μετέπειτεν
588 2112 735 2194 τελευτᾷ,
750 2101 951 2193 βασιλεύσας
968 2108 1041 2170 έτεα
1058 2098 1139 2169 ἑπτὰ
1153 2104 1211 2168 καὶ

208 2207 424 2295 πεντήκοντα.
452 2203 598 2291 άνέθηκε
613 2208 649 2271 δὲ
664 2207 823 2288 ε’κφυγιιν
836 2198 899 2288 τήν
912 2207 1039 2268 νοῦσον
1054 2200 1212 2283 δεύτερος

209 2297 308 2383 οὗτος
329 2310 387 2390 τής
406 2309 511 2389 οίκίης
527 2302 650 2386 ταύτης
670 2300 703 2378 ἐς
717 2298 877 2386 Δελφοὺς
890 2300 1038 2388 κρητῆρά
1051 2325 1087 2366 τε
1102 2296 1212 2385 άργύ-

210 2428 289 2488 ρεον
318 2407 424 2490 μέγαν
452 2406 507 2470 καί
538 2398 823 2488 ὑποκρητηρίδιον
850 2399 1007 2486 σιδήρεον
1035 2402 1211 2485 κολλητόν,

208 2506 292 2588 θέης
313 2500 407 2580 άξιον
428 2498 484 2567 διά
499 2500 637 2567 πάντων
653 2506 721 2566 τῶν
738 2502 776 2567 ἐν
790 2507 955 2584 Δελφοῖσι
970 2495 1211 2582 άναθημάτων,

209 2597 368 2668 Γλαάκου
382 2604 443 2665 τοῦ
455 2603 542 2666 Χίου
561 2604 703 2684 ποίημα,
729 2594 766 2676 δς
786 2602 912 2685 μοῦνος
933 2593 973 2683 δή
995 2596 1133 2663 πάντων
1148 2592 1212 2661 άν-

103 2751 121 2786 ι,
208 2698 361 2786 θράπων
376 2696 517 2783 σιδήρου
534 2697 695 2782 κόλλησιν
711 2698 832 2781 ἐξεῦρε.

164 2811 198 2865 26
296 2796 562 2885 Τελευτήσαντος
582 2801 619 2865 δέ
635 2794 820 2865 Ἀλυάττεω
844 2799 1008 2877 ἐξεδέξατο
1029 2792 1093 2882 τήν
1111 2803 1212 2882 βασι-

208 2899 308 2980 ληίην
327 2899 472 2977 Κροῖσος
493 2892 511 2962 ὃ
531 2891 733 2981 Ἀλυάττεω,
756 2897 856 2963 έτέωυ
878 2891 944 2964 έώυ
964 2891 1098 2982 ἡλικίην
1111 2895 1213 2960 πέντε

208 2993 264 3058 καὶ
290 2989 485 3078 τριήκοντα,
517 2990 553 3071 ὃς
581 2990 622 3080 δή
643 2991 815 3084 Ἑλλήνων
835 2993 996 3080 πρώτοισι
1023 2990 1212 3113 ἐπεθήκατο

205 3085 393 3173 Ἐφεσίοισι
420 3095 506 3157 ἔνθα
521 3088 612 3176 δήοί
620 3090 766 3177 Ἐφέσιοι
779 3087 1088 3180 πολιορκεύμενοι’
1069 3087 1129 3157 υπ’
1147 3116 1213 3157 αυ-

208 3212 270 3256 του
255 3184 502 3256 Ηάνέθεσαν
466 3217 529 3316 την
545 3191 646 3259 πόλιν
659 3217 699 3280 τη
684 3188 885 3278 Ἀρτέμιδι,
903 3191 1082 3272 ἐξάψαντες
1097 3192 1134 3257 ἐκ
1148 3194 1212 3256 τοῦ

208 3296 295 3378 νηοῦ
315 3292 502 3376 σγοινίον’
485 3316 517 3369 ες
537 3288 574 3358 τὸ
596 3305 709 3377 τεῖχος
742 3297 811 3359 ἐστι
834 3291 870 3358 δέ
883 3287 1059 3377 μεταξυ
1019 3315 1078 3374 της
1092 3312 1129 3354 τε
1145 3297 1215 3353 παὶ

209 3392 304 3471 λαιής
321 3385 493 3475 πόλιος,
478 3387 501 3474 ή
520 3390 595 3457 τότε
611 3391 856 3477 ἐπολιορκέετο,
879 3390 934 3455 καὶ
952 3393 1014 3455 τοῦ
1028 3411 1115 3507 νηρυ
1099 3380 1212 3452 ἑπτά

209 3486 347 3556 στάδιοι.
376 3486 538 3573 πράτοισι
557 3488 621 3578 μέν
643 3486 684 3579 δή
701 3490 848 3558 τουτοισι
868 3481 1084 3574 ἐπεχείρησε’
1069 3510 1087 3551 ο
1105 3490 1213 3568 Κροῖ-
