2562 3926
331 245 416 305 ιιε.
447 247 491 307 ιιι
526 247 623 307 w.
654 256 793 314 αο-εο.
997 244 1060 314 227

78 411 129 485 κδν
142 416 358 544 τετράγρννον,
377 422 433 491 ἐπὶ
456 421 493 492 δὲ
509 424 571 493 τού
588 421 698 494 νύτου
721 419 833 492 αδετόν
849 423 1059 512 εἰκασμένον,

81 517 111 584 ίν
125 517 211 588 δέ
145 547 210 611 τη
227 517 313 643 ούρῇ
329 521 389 604 τάς
406 529 520 612 τρίχας
538 520 738 611 διπλόας,’
716 548 785 595 οπο
774 520 901 593 ἱ’δδ
857 550 899 614 τη
923 523 1059 616 γλάσση

78 606 238 709 κάνθαρον.
270 617 380 704 Ὡςδδ
402 622 531 713 ἤγαγον
547 624 608 695 τὸν
621 613 718 696 Απιν
735 629 770 695 οί
793 625 898 733 ίρέες,
923 623 1059 713 ὁΚαμ-
1039 637 1105 693 -29

76 718 181 809 δύτης,
197 717 251 792 οἷα
271 723 374 794 666‘·
352 725 641 816 νπομαργότερος,
665 724 878 814 σπασάμενος
894 752 932 794 το
922 722 1060 814 έγχει

75 824 177 910 ριδιον,
195 825 324 894 ἐθέλων
337 824 438 906 τύυαι
454 825 515 914 τὴν
532 828 676 916 γαστέρα
692 831 753 896 τού
762 825 879 907 ”Amos
892 831 982 895 παίει
998 823 1059 895 τόν

72 921 178 1007 μηρόν·
198 925 339 1011 γελάσας
366 926 405 996 δὲ
431 924 503 997 εἶπε
529 926 614 1017 πρὸς
639 926 717 1009 τούς
744 928 849 1016 ίρέας·
890 917 932 996 Ὦ
960 926 1061 996 κακαὶ

73 1022 209 1109 κεφαλαὶ,
230 1030 377 1093 τοιοῦτοι
397 1027 473 1094 θεολ
492 1028 660 1111 γίνονται,
683 1028 816 1110 ἔναιμοί
834 1047 870 1091 τε
892 1026 947 1093 καί
966 1045 1050 1107 σαρ-

72 1115 175 1200 κάδεες
193 1124 247 1242 καί
267 1125 436 1203 ἐπαΐοντες
457 1127 635 1240 σιδηρέους
664 1118 808 1241 άξιρς
773 1147 836 1208 μιν
854 1131 887 1190 A
887 1128 1049 1209 δγυπτίων

71 1207 153 1297 ούτίς
161 1247 198 1305 γε
211 1217 230 1288 6
244 1218 343 1300 θεός·
364 1217 449 1307 άτάρ
463 1245 514 1289 τοι
525 1216 619 1305 ὑμεῖς
632 1245 671 1305 γε
684 1245 727 1288 ον
715 1216 910 1306 ’χαίροντες
923 1224 1049 1339 γέλωτα

71 1315 277 1406 έμὲθήσεσθε.
314 1325 424 1388 Ταῦτα
438 1317 1049 1407 είπαςένετειλατοτοιοιταύταπρήσ·

70 1433 150 1485 οουσι
163 1414 240 1498 τούς
248 1418 314 1506 μὲν
326 1413 446 1504 ίρέας’
427 1422 715 1503 απομαστιγωσαι,
730 1422 925 1504 Αἰγυπτίων
935 1416 1027 1486 δὲ
982 1443 1050 1485 ταν

69 1507 164 1582 ἄλλον
177 1511 237 1583 τδν
252 1511 299 1583 άν
313 1514 441 1602 λάβωσι
461 1510 641 1600 ὁρτάζοντα
655 1518 807 1582 κτείνειν.
840 1509 862 1603 ἡ
890 1510 970 1602 ὁρτὴ
987 1514 1050 1602 μὲν

68 1607 100 1696 δὴ
114 1615 276 1682 διελέλυτο
290 1618 520 1700 Αἰγυπτίοισι,
536 1615 570 1678 οί
582 1613 618 1679 δὲ
635 1614 721 1697 ίρέες
734 1613 958 1700 ἐδικαιεῦντο,
979 1611 997 1683 6
1013 1611 1050 1682 δέ

64 1701 141 1792 ’Δπις
157 1715 388 1801 πεπληγμένος
408 1708 469 1780 τδν
483 1706 593 1798 μηρδν
614 1716 736 1797 ἔφθινε
752 1712 790 1779 έν
809 1718 855 1804 τῷ
871 1716 933 1804 ίρῷ
948 1728 1050 1783 καταὲ

66 1815 207 1895 κείμενος.
236 1813 295 1879 καὶ
314 1807 375 1879 τὸν
395 1811 458 1897 μὲν
478 1808 720 1897 τελευτήσαντα
740 1810 778 1877 έκ
799 1815 861 1877 τοῦ
879 1810 1050 1898 τρώματος

64 1909 181 1992 ἔθαψαν
194 1915 229 1980 οί
240 1912 329 1996 ίρέες
342 1909 453 2000 λάθρη
469 1907 668 1999 Καμβύσεω.
751 1938 754 1941 ·

136 2007 321 2097 Καμβύσης
343 2009 396 2094 δὲ,
418 2005 463 2087 ὡς
483 2010 619 2094 λέγουσι
634 2002 830 2093 Αίγύπτιον,
852 2003 970 2075 αὐτίκα
993 2005 1096 2078 διάθθ

62 2108 146 2175 τοῦτο
159 2102 196 2175 τὸ
213 2103 360 2194 ἀδίκημα
374 2106 497 2194 έμάνη,
514 2101 581 2174 έύν
594 2101 673 2173 οὐδὲ
687 2103 852 2194 πρότερον
868 2104 1047 2194 φρενήρης.

61 2205 107 2272 καὶ
123 2215 235 2292 πρῶτα
258 2210 322 2295 μὲν
341 2214 410 2276 τῶν
435 2213 548 2276 κακῶν
574 2202 771 2291 ἐξεργάσατο
794 2201 855 2274 τὸν
881 2200 1048 2291 άδελφεδν

59 2305 194 2391 Σμέρδιν
208 2307 310 2376 έόυτα
324 2304 448 2393 πατρὸς
468 2307 523 2375 καί
537 2302 660 2393 μητρὸς
678 2310 737 2391 τῆς
750 2301 866 2393 αὐτῆς,
889 2302 950 2373 τὸν
965 2298 1050 2372 άπέ·

59 2415 153 2485 πεμψε
166 2407 199 2484 ές
209 2406 345 2488 Πέρσας
356 2403 477 2496 φθόνῳ
491 2402 721 2492 έξΑδγύπτου,
737 2400 787 2472 ὅτι
800 2400 837 2472 τὸ
848 2402 947 2484 τόξον
960 2407 1048 2490 μού·

58 2521 107 2577 νος
127 2503 290 2589 Περσέων
314 2499 398 2570 ὅσον
422 2526 457 2570 τε
482 2503 536 2570 έπλ
560 2500 622 2570 δύο
646 2499 831 2580 δακτύλους
851 2510 982 2587 εἴρυσε,
1007 2496 1045 2567 τὸ

57 2595 135 2682 παρὰ
148 2607 210 2669 τοῦ
225 2604 393 2679 Αἰθίοπος
408 2596 548 2687 ἤνεικαν
561 2604 595 2668 οί
603 2596 837 2689 Ἰχθυοφάγοι,
854 2606 923 2668 τῶν
935 2600 972 2668 δὲ
986 2596 1048 2666 άλ-

55 2698 116 2763 λλεν
126 2700 290 2782 Περσέων
306 2692 476 2779 οὐδεὶς
439 2697 509 2777 οιός
528 2724 563 2766 τε
585 2699 725 2784 ἐγένετο.
759 2689 1026 2785 ἀποιχομένου
999 2722 1049 2765 αν

55 2791 83 2868 δε
99 2795 228 2882 Πέρσας
248 2802 311 2863 τοῦ
331 2800 496 2883 Σμέρδιος
516 2795 596 2877 ὄψιν
619 2793 720 2864 εἶδε’
705 2821 724 2864 ο
741 2796 926 2884 Καμβύσης
945 2798 1043 2865 έν
1000 2823 1046 2888 τῳ

53 2885 140 2983 ὕπνῳ
160 2893 317 2981 τοιήνδε·
346 2898 440 2975 ἔδοξέ
452 2899 486 2963 οί
504 2892 648 2980 άγγελον
667 2891 813 2962 ἐλθόντα
832 2896 875 2962 ἐκ
887 2899 1047 2977 Περσέων

54 2961 274 3079 ἆγγέλλειυ,“
251 3018 297 3071 ως
309 2994 346 3060 ἐν
357 3019 403 3060 τα
387 2992 533 3115 θρόνῳ
547 3019 592 3085 τῳ
577 2998 763 3084 βασιληίη)
777 2991 925 3116 [ξάμενος
934 2998 1049 3084 Σμέρ·

52 3086 96 3165 δις
113 3095 153 3177 τῇ
176 3097 312 3178 κεφαλῇ
332 3097 393 3158 τοῦ
415 3088 566 3177 ούρανοῦ
589 3090 739 3173 ψαύσειε.
769 3087 854 3176 πρὸς
874 3083 923 3162 ύν
942 3099 1046 3162 ταῦτα

52 3185 152 3267 δείσας
167 3190 247 3273 περὶ
261 3191 400 3276 ἑαυτοῦ,
414 3188 461 3278 μή
471 3214 530 3275 μιν
539 3184 765 3267 άποκτείναςὸ
778 3185 972 3278 άδελφεδς”
949 3213 1043 3276 αργη,

50 3286 161 3358 πέμπει
175 3287 384 3373 Πρηξάσπεα
403 3288 436 3366 ές
448 3283 635 3374 Πέρσας,“
614 3312 652 3367 ος
666 3290 701 3354 οί
721 3311 766 3374 ην
785 3282 871 3406 άνηρ
885 3286 1042 3365 Περσίαν

48 3383 256 3497 πιστότατος,
277 3383 521 3454 ἀποκτενέοντά
541 3411 608 3472 μιν
638 3382 657 3453 6
678 3385 715 3453 δὲ
734 3380 862 3471 ἀναβάς
881 3383 914 3459 ές
928 3384 1045 3447 Σοῦσα

46 3469 216 3563 ἆπέκτεινε
238 3488 450 3578 Σμέρδιν,ο
432 3483 545 3575 οίμέν
564 3486 699 3577 λέγουσι
720 3479 773 3553 ἐπ’
799 3478 907 3628 ἄγρην
927 3478 1043 3560 ἐξαγα-
