2566 3934
336 205 424 264 LIB
456 206 475 262 1
508 204 603 264 661²
635 210 733 269 178—
696 216 806 271 -186
1025 209 1067 275 95

82 365 246 491 ἐκρὶτερον
250 370 311 432 τοῦ
327 367 479 446 ποταμοῦ
496 360 628 446 αίμασιὴ
646 370 799 432 πλίνθων
818 364 944 436 ὀπτέων
957 392 1066 456 παρα-

82 469 182 532 τείνει.
211 486 249 529 το
237 458 340 528 66''
318 479 402 526 αστυ
417 455 496 525 αύτδ
515 456 572 525 ἐὰν
588 466 709 545 πλήρες
724 465 854 531 οἰκιέων
866 466 1064 553 τριωρόφων

79 559 179 626 τεκαὶ
198 556 425 642 τετρωρόφων
442 557 674 641 κατατέτμηται
689 553 747 636 τάς
762 556 862 637 ὁδούς
878 564 986 646 δθέας,
1007 561 1065 639 τάς

76 683 110 724 τε
125 655 229 734 ἄλλας
244 651 350 722 καί
314 680 373 732 τας
387 652 625 741 ἐπικαρσίας
589 681 647 741 τας
662 654 761 723 ἐπὶ
728 682 787 724 του
803 655 953 745 ποταμόν
970 660 1059 744 ἐχού·

17 830 19 833 ,
76 774 143 833 669
165 781 249 823 κατα
237 746 354 870 66
329 778 377 820 ων
394 751 534 837 ἑκάστην
550 749 632 819 6666
652 755 690 821 ἐν
709 761 748 841 66
769 759 903 844 αἱμασιῇ
919 763 959 845 66
973 755 1061 844 παρά

74 849 134 920 τδν
147 848 300 967 6066666
313 851 447 925 πυλίδες
463 847 647 934 ἐπήσαυ,”
626 868 702 917 οσαι
719 876 780 935 περ
797 856 833 918 αί
847 859 985 938 λαῦραι,
1006 876 1062 919 το-

17 940 18 955 ³
76 954 196 1016 σαῦται
210 941 369 1068 άριθμόυ.
375 935 477 1063 6666
498 944 534 1009 δὲ
550 938 663 1010 καὶ
619 970 716 1015 αυται
729 947 879 1033 χάλκεαι,
901 951 1063 1070 φέρουσαι

17 1038 18 1067 ³
74 1047 128 1113 καὶ
144 1040 245 1110 αῦται
232 1039 346 1119 ἐς’
306 1039 409 1108 αυτδν
423 1038 482 1108 τὸν
496 1042 653 1127 ποταμόν.
692 1051 797 1111 Τοῦτο
810 1046 872 1130 μὲν
888 1045 976 1134 66
941 1072 978 1114 το
994 1054 1061 1116 τεί-
1080 1071 1125 1128 161

17 1138 19 1229 ξ
74 1165 129 1227 χος
144 1138 262 1226 θώρηξ
283 1139 408 1222 ἐστδ,”
387 1162 501 1225 ετερον
517 1138 553 1205 δὲ
574 1144 702 1206 ἔσωθεν
722 1154 824 1226 τεῖχος
847 1143 994 1228 περιθέει
1019 1143 1060 1210 06

17 1234 19 1281 ἕ
73 1244 187 1327 πολλῷ
199 1239 262 1324 τέῳ
277 1232 517 1321 ἀσθενέστερον
532 1242 593 1302 τοῦ
609 1237 722 1323 ἑτέρου
740 1244 875 1323 τείχεος,
896 1239 1060 1308 στεινότε-
1109 1320 1113 1324 .

74 1361 135 1421 606
149 1305 196 1403 δέ.
220 1304 257 1401 ἐῦ
272 1332 308 1401 66
324 1333 448 1420 φάρσεϊ
460 1333 601 1424 ἑκατέρω
618 1342 674 1421 τῆς
688 1335 802 1423 πόλιος
834 1342 1004 1422 τετείχιστο
1023 1340 1059 1404 ἐν

71 1436 178 1523 μέσῳ,
200 1434 238 1499 έν
252 1438 299 1521 τῷ
313 1431 352 1515 μὲ
353 1457 374 1497 υ
393 1427 434 1497 τά
448 1432 602 1546 βασιλήια
621 1432 786 1522 περιβόλῳ
800 1432 931 1523 μεγάλῳ
950 1459 985 1501 τε
1004 1437 1059 1503 καὶ

71 1534 214 1617 ἰσχυρῷ,
237 1529 273 1594 ἐν
294 1526 329 1593 δέ
344 1552 390 1617 τῳ
375 1522 502 1616 ἑτέρῳ
518 1524 602 1605 Διὸς
615 1529 727 1615 Βήλου
748 1526 823 1616 ίρόν
838 1530 1056 1617 χαλκόπυλον,

71 1631 125 1696 ιαδ
139 1630 175 1704 ἐς
196 1625 252 1710 ἐμὲ
272 1632 370 1692 τοῦτο
388 1630 436 1692 ἐτι
455 1623 529 1711 ἐόν,
551 1625 612 1693 δύο
626 1631 769 1694 σταδίων
787 1628 912 1748 πάντη,
932 1629 989 1698 ἐὸν
1003 1654 1058 1695 τε-

71 1723 255 1811 τράγωνον
278 1721 415 1810 ἐνμέσῳ
431 1722 467 1787 06
480 1745 540 1788 του
525 1725 630 1808 ίροῦ
644 1723 770 1843 πύργος
783 1724 913 1812 στερεός
927 1724 1057 1794 οίκοδο-

71 1846 188 1941 μηται,
203 1820 340 1884 σταδίου
351 1814 452 1883 καὶ
418 1841 455 1883 το
470 1824 572 1903 μήκος
582 1816 680 1885 666
645 1844 682 1885 το
694 1813 813 1985 εύρος,ὶ
816 1823 869 1887 καὶ
883 1824 935 1889 ἐπὶ
951 1822 1056 1913 τούτῳ

72 1929 116 2010 τῷ
137 1917 260 2039 πύργῳ
280 1913 378 1993 άλλος
402 1915 529 2040 πύργος
550 1919 738 2004 ἐπιβέβηκε,
759 1920 813 1985 666
838 1921 946 2002 ἕτερος
969 1891 1056 2003 μάλα

18 2096 19 2099 ¹
69 1990 120 2087 ἐπὶ
133 2016 261 2105 τούτῳ,
283 2008 433 2100 μέχρι
390 2039 431 2081 ον
448 2012 532 2083 6666
543 2017 691 2134 πύργων.
714 2015 929 2103 άνάβασιςδδ
947 2016 1034 2095 ές’
993 2044 1056 2085 αυ-

18 2116 19 2121 ’
68 2113 145 2192 τούς
160 2117 289 2190 ἔξωθεν
309 2111 421 2200 κύκλῳ
437 2114 512 2197 περὶ
532 2112 658 2191 πάντας
677 2111 756 2191 τοῦς
774 2112 923 2200 πόρνους
938 2119 1055 2198 ἐχουσα

66 2217 253 2295 πεποίηται.
276 2215 433 2294 μεσοῦντι
455 2212 495 2276 δέ
510 2235 573 2276 κου
593 2217 651 2297 τῆς
670 2209 886 2297 άναβάσιόςέ
886 2228 936 2278 στι
955 2236 1056 2277 κατα-

66 2306 159 2394 γωγή
180 2331 217 2372 τε
232 2306 287 2372 καὶ
301 2310 409 2373 θῦκοι
432 2301 691 2395 όμπαυστήριοι,
713 2309 750 2376 ἐν
768 2323 852 2377 τοῖσι
875 2315 1055 2388 κατίζοντες

65 2402 279 2491 ἀμπαύονται
294 2405 327 2469 οί
338 2398 596 2488 άναβαίυοντες,“
605 2407 642 2471 ἐν
652 2408 687 2472 δὲ
696 2413 741 2495 τῷ
754 2412 927 2496 τελευταίῳ
937 2407 1054 2498 πύργῳ

64 2500 145 2587 6669
167 2505 280 2567 ἔπεστι
296 2500 411 2583 μέγας·
439 2501 476 2565 ἐν
490 2499 526 2566 66
542 2506 588 2588 66
602 2507 672 2591 νηῷ
691 2508 786 2587 κλίνη
806 2501 930 2588 μεγάλη
947 2506 1052 2571 κέεται

64 2591 103 2665 εύ
114 2595 317 2682 ἐστρωμένη,
331 2600 389 2662 καί
396 2599 430 2663 οί
436 2596 578 2682 τράπεζα
589 2601 785 2684 παρακέεται
797 2601 927 2685 χρυσέη.
951 2596 1053 2683 6666-

63 2720 108 2780 μα
129 2696 167 2761 66
184 2689 249 2760 οῦκ
265 2696 316 2760 ἔνι
336 2689 436 2760 οῦδὲν
453 2692 574 2764 αύτόθι
598 2698 831 2784 ἐνιδρυμένον·
853 2693 930 2764 0666
949 2695 1053 2763 νύκτα
1079 2774 1082 2778 A

61 2786 174 2866 ούδεδς
192 2789 393 2869 ἐναυλίζεται
408 2787 617 2877 άνθράπων,
640 2791 690 2860 ὅτι
703 2789 748 2881 μή
765 2789 850 2879 γυνή
866 2791 972 2879 μούνη
985 2799 1052 2858 τάν

61 2887 269 2970 ἐπιχωρίων,
289 2881 352 2970 τήν
373 2881 417 2953 66
440 2883 458 2954 6
480 2884 560 2965 θεὸς
580 2891 691 2975 ἕληται
711 2891 746 2956 ἐκ
763 2885 954 2975 πασέων,
933 2914 976 2966 ως
998 2890 1051 2956 λέ-

59 3001 161 3066 γουσι
177 2984 213 3048 οί
223 2985 385 3051 Χαλδαῖοι
400 2983 512 3062 ἐόντες
527 2987 611 3070 ίρέες
625 2986 746 3054 τούτου
765 3009 825 3052 του
811 2990 931 3053 ’θεοῦ
968 2986 1051 3053 Φασὶ
1069 3004 1118 3060 182

58 3078 96 3145 66
120 3066 293 3196 66606
249 3101 378 3165 ουτοι,
394 3081 466 3165 ἐμοὶ
479 3077 593 3166 μέν’
553 3105 595 3147 ου
607 3079 704 3149 πιστά
721 3077 929 3165 λέγοντες,
895 3104 961 3147 του
966 3080 1051 3150 θεὸν

57 3170 166 3243 αύτδυ
187 3180 310 3259 φοιτᾶν
326 3199 363 3242 τε
378 3173 464 3254 ἐς
429 3202 490 3244 τον
508 3175 593 3264 6666
615 3181 669 3248 καὶ
691 3177 903 3264 ἀμπαύεσθαι
923 3180 976 3246 ἐπὶ
994 3186 1052 3299 669

57 3276 189 3359 κλίνης,
211 3271 298 3392 κῳτά
311 3296 376 3360 περ
391 3275 429 3341 ἐν
441 3275 570 3363 Θήβησι
590 3282 662 3369 τῇσι
676 3286 709 3344 A
709 3282 875 3365 ίγυπτίησι
889 3271 970 3344 κατά
990 3273 1051 3342 τδν

58 3363 161 3439 ἀύτδν
184 3366 332 3457 τρόπον,
367 3366 410 3450 69
435 3372 568 3459 λέγουσι
589 3377 674 3442 οίΑ
642 3371 818 3459 Αίγύπτιοι
842 3367 959 3455 (καὶ
920 3392 984 3455 γαρ
1006 3368 1047 3455 66
