2606 3930
348 153 820 223 LIB.1v.cAP.71·-73.
936 212 939 219 .
1019 162 1083 232 ³25
1172 104 1182 118 ἡ

74 313 233 401 παντες),
254 311 385 383 τούτων
406 307 455 384 ύν
474 322 543 387 τάν
566 317 735 407 διηκόνων
754 319 857 393 έπεάυ
876 318 1082 452 ἀποπνίξωσι

76 413 289 501 πεντήκοντα
317 418 414 486 καλ”
398 441 523 497 ιππονς
546 414 626 498 τούς
656 425 933 506 καλλιστεύουτας
959 430 1083 519 πεντή-

78 540 201 604 κοντα,
216 515 438 643 έξελόυτες’
395 524 509 587 αυτόν
521 515 584 607 τήν
596 527 727 608 κοιλίην
738 525 793 592 καὶ
803 523 1042 614 καθήραντες’
1023 556 1083 617 εμ-

79 616 718 708 πιμπλᾶσιάχύρωνκαὶσυρράπτουσι·
736 619 855 706 ἁψῖδος
868 620 1084 714 δὲήμισυέπλ

79 719 144 789 δύο
169 719 253 801 ξύλα
274 720 454 846 στήσαντες
477 718 601 789 ύπτιον
622 719 734 789 καὶ
699 748 740 793 το
764 724 879 809 ἕτερον
897 721 1002 814 ήμισυ
1025 733 1083 814 τής

79 819 201 902 άυϊδος
225 816 327 889 έπ’”
306 846 402 905 ετερα
427 820 508 908 δύο,
534 819 780 907 καταπήξαντες
804 822 917 916 τρόπω
940 824 1082 917 τοιούτῳ

79 919 189 991 πολλά
204 926 326 1008 ταῦτα,
349 926 478 991 ἔπειτεν
498 929 567 992 τῶν
581 925 694 992 ἵππων
713 922 797 994 κατά
813 920 854 995 τά
871 925 978 1017 μήκεα
998 928 1082 1010 ξύλα
1194 943 1197 947 “

79 1025 186 1110 παχέα
207 1022 418 1103 διελάσαντες
443 1022 539 1112 μέχρι
563 1028 632 1091 τῶν
650 1021 824 1112 τραχήλων
843 1023 1082 1116 ἀναβιβάζουσι

80 1119 206 1204 αύτούς
221 1124 275 1192 ἐπὶ
292 1120 351 1204 τάς
364 1119 502 1205 ἀψῖδας·
524 1129 593 1190 τάν
606 1121 643 1213 δὲ
664 1127 701 1192 αἱ
712 1125 775 1210 μὲν
790 1123 951 1211 πρότεραι
964 1123 1082 1208 ἀψῖδες

80 1222 244 1310 ὑπέχουσι
259 1218 339 1303 τούς
359 1220 472 1310 ύμους
491 1228 559 1290 τῶν
578 1223 707 1313 ἵππων,
730 1226 767 1290 αι’
786 1225 823 1292 δὲ
845 1220 967 1293 ὄπισθε
990 1222 1081 1311 παρά

81 1324 161 1407 τούς
180 1322 309 1414 μηρούς
328 1322 388 1406 τάς
406 1326 568 1414 γαστέρας
589 1321 884 1413 ὑπολαμβάνουσι·
905 1328 1023 1397 σκέλεα
1044 1328 1082 1397 δὲ

81 1426 256 1516 ἀμφότερα
269 1430 512 1519 κατακρέμαται
525 1430 691 1515 μετέωρα·
710 1425 869 1515 χαλινούς
883 1428 920 1497 δδ
933 1429 989 1498 καὶ
1002 1428 1082 1499 στό-

82 1525 387 1616 μιαέμβαλόντεςές
397 1523 476 1607 τούς
485 1528 610 1606 ἵππους
619 1527 891 1605 κατατείνουσιές
900 1523 938 1595 τὸ
950 1527 1082 1617 πρόσθε

83 1622 212 1712 αύτῶν,
228 1626 284 1694 καὶ
297 1630 426 1695 ἔπειτεν
436 1625 667 1707 έκπασσάλων
678 1627 800 1716 δέουσι.
823 1630 891 1694 τάν
902 1626 939 1695 δὲ
949 1624 990 1713 δή
1000 1651 1081 1713 νεη-

83 1732 209 1795 νίσκων
222 1729 291 1792 τῶν
305 1721 607 1812 ἀποπεπνιγμένων
621 1731 690 1793 τῶν
703 1723 911 1812 πεντήκοντα
927 1726 987 1794 ἕνα
1001 1727 1081 1794 ἔκα·

82 1844 162 1890 στου
184 1819 422 1911 ἀναβιβάζουσι
443 1824 497 1892 ἐπὶ
515 1820 577 1892 τόν
596 1827 702 1893 ἰ’ππον
722 1816 788 1894 ὦδε
806 1822 1079 1914 ἀναβιβάζοντες·

81 1920 184 1994 έπεάυ
198 1930 322 2014 νεκροῦ
336 1926 477 1995 ἑκάστου
491 1921 583 2014 παρά
598 1922 661 2013 τήν
677 1923 834 1995 ἀκανθαν
853 1924 956 2007 ξύλου
970 1919 1079 2011 ὀρθόν

76 2021 254 2091 διελάσωσι
275 2024 370 2110 μέχρι
385 2028 446 2092 τού
469 2022 655 2111 τραχήλου,
677 2020 831 2108 κάτωθεν
852 2019 1006 2109 ὑπερέχει
1020 2026 1082 2091 τού

76 2121 183 2205 ξύλου
213 2121 354 2208 τούτου,
384 2121 424 2191 τὸ
448 2125 481 2204 ές
509 2121 635 2211 τόρμον
664 2121 852 2215 πηγνύουσι
880 2127 939 2193 τοῦ
969 2122 1085 2211 ἑτέρου

81 2226 184 2309 ξύλου
205 2230 268 2293 τού
287 2219 343 2291 διά
365 2229 427 2292 τού
449 2226 565 2295 ἵππου.
599 2223 832 2312 ἐπιστήσαντες
852 2223 889 2292 δὲ
911 2219 1036 2313 κύκλῳ
1040 2215 1077 2289 τὸ

80 2334 168 2414 σῆμα
188 2326 308 2403 ιππέας
323 2324 497 2405 τοιούτους
516 2323 754 2395 ἀπελαύνουσι.
801 2320 901 2393 Ούτω
916 2322 980 2410 μέν
998 2315 1079 2399 τούς
1092 2334 1127 2391 73

80 2427 235 2516 βασιλέας
243 2423 431 2544 θάπτουσι,
441 2423 521 2505 τούς
532 2426 569 2494 δε
579 2424 702 2506 ἀλλους
711 2424 865 2511 Σκύθας,
879 2416 1013 2492 έπεάν’
993 2443 1081 2490 απο-

79 2524 231 2608 θάνωσι,
265 2523 464 2613 περιάγουσι
490 2529 525 2594 οι
551 2522 721 2613 ἀγχοτάτω
745 2521 970 2611 προσήκοντες
993 2514 1079 2616 κατά

80 2623 158 2705 τούς
161 2630 293 2711 φίλους
303 2627 341 2694 ἐν
351 2623 495 2716 ἀμάξῃσι
510 2628 702 2714 κειμένους,
715 2631 784 2694 τῶν
798 2624 865 2692 δέ”
845 2641 982 2700 εκαστος
991 2610 1080 2688 ὑπο-

81 2724 260 2811 δεκόμενος
273 2723 408 2813 εύωχέει
420 2723 501 2807 τούς
515 2727 715 2813 ἑπομένους,
734 2725 791 2793 καὶ
806 2728 853 2814 τῷ
867 2726 977 2809 νεκρῷ
990 2717 1080 2787 πάν-

80 2850 148 2892 των
160 2834 343 2911 παρατιθεῖ
355 2832 423 2894 τῶν
435 2827 491 2895 καὶ
506 2840 592 2895 τοῖσι
606 2823 754 2895 ἀλλοισι·
775 2820 900 2911 ἡμέρας
916 2820 953 2889 δὲ
965 2836 1080 2907 τεσσε-

80 2919 1077 3013 ράκουταούτωοιέδιωταιπεριάγονται,ἔπειτενθάπτονται

78 3024 341 3105 θάψαντεςδδολ
306 3020 978 3114 ολΣκύθαικαθαίρουταιτρόπωτοιωδε·
992 3038 1080 3105 σμη-

80 3120 219 3207 σάμενοι
232 3119 292 3202 τάς
305 3120 453 3208 κεφαλάς
466 3123 522 3191 καὶ
538 3119 784 3207 ἐκπλυνάμενοι
803 3124 936 3208 ποιεῦσι
949 3111 1074 3207 περὶ
1039 3139 1078 3182 το

79 3225 173 3305 σῶμα
186 3219 286 3289 τάδε
307 3217 410 3289 έπεάυ
425 3221 507 3302 ξύλα
524 3220 671 3309 στήσωσι
685 3223 761 3308 τρία
775 3220 809 3298 ἐς
825 3214 950 3303 ἄλληλα
965 3217 1079 3282 κεκλι-

80 3319 180 3403 μένα,
201 3318 279 3402 περὶ
291 3325 396 3388 ταῦτα
410 3326 528 3400 πίλους
544 3319 708 3406 εἰρινέους
727 3319 970 3405 περιτείνουσι,
990 3327 1068 3394 συμ

80 3413 268 3501 φρύξαντες
283 3420 320 3487 δὲ
341 3414 385 3496 ὡς
405 3417 547 3505 μάλιστα
567 3424 688 3496 λάθους
708 3415 745 3491 έκ
766 3409 875 3518 πυρός
897 3407 1079 3519 διαφανέας
1156 3473 1159 3479 ,
