2562 3926
227 226 289 295 216
622 232 876 292 HERODOTI

179 409 212 462 1⁰
305 390 360 464 Ἐν
374 391 411 464 δέ
424 400 470 486 τῷ
480 400 659 486 Πηλουσίῳ
672 392 863 486 καλεομένῳ
874 392 1012 479 στόματι
1025 394 1087 462 τοῦ
1096 396 1223 462 Νείλου

224 491 519 577 ἐστρατοπεδεύετο
537 491 808 579 Ψαμμήνιτος
830 488 1022 580 δἈμάσιος
1044 505 1122 571 παλς
1141 488 1223 559 δπο-

223 592 335 677 μένων
356 590 552 678 Καμβύσην.
589 587 734 675 ’Ἄμασιν
757 586 823 678 γάρ
848 586 890 658 ού
915 591 1075 680 κατέλαβε
1099 588 1222 671 ζάοντα

223 685 408 778 Καμβύσης
433 687 552 768 ἐλάσας
575 684 627 760 ἐπ’
650 694 843 777 Αἰγυπτον,
870 685 955 757 ἀλλά
980 688 1180 777 βασιλεύσας
1203 682 1221 755 ὁ

213 784 353 872 ’Ἄμασις
378 786 517 873 τέσσερα
542 786 598 855 καί
622 785 866 870 τεσσεράκοντα
889 791 963 856 ἔτεα
992 783 1159 872 ἀπέθανε,
1186 786 1222 853 ἐν

223 900 308 955 τοῖσι
323 882 425 954 οὐδέν
435 889 470 954 οἰ
476 886 561 973 μέγα
571 881 736 971 ἀνάρσιον
749 891 885 972 πρῆγμα
900 892 1114 972 συνηνείχθη.
1138 882 1223 953 ἀπο-

221 982 342 1054 θανόν
356 983 393 1054 δέ
408 986 463 1054 καί
477 986 685 1072 ταριχευθεὶς
699 982 804 1069 ἐτάφη
820 983 858 1050 ἐν
871 988 946 1071 τῇσι
959 990 1083 1072 ταφῇσι
1096 990 1171 1072 τῇσι
1185 985 1222 1052 ἐν

222 1089 268 1173 τῷ
288 1087 367 1172 ἱρῷ,
388 1079 448 1162 τάς
470 1079 571 1161 αὐτὸς
591 1080 841 1169 οἰκοδομησατο.
877 1081 931 1148 ἐπί
948 1088 1167 1170 Ψαμμηνίτου
1185 1081 1221 1151 δέ

221 1176 444 1266 τοῦἈμάσιος
453 1180 690 1268 βασιλεύοντος
699 1177 876 1267 Αἰγύπτου
887 1179 1222 1270 φάσμαΑἰγυπτίοισι

220 1280 376 1367 μέγιστον
391 1274 431 1366 δὴ
447 1280 593 1366 ἐγένετο·
614 1275 773 1365 ύσθησαν
785 1273 851 1365 γάρ
863 1284 971 1366 θῆβαι
985 1283 1022 1348 αἰ
1028 1282 1221 1369 Αἰγύπτιαι,

221 1376 298 1448 ούτε
312 1376 477 1465 πρότερον
492 1373 623 1465 ούδαμά
642 1373 799 1445 ὑσθεῖσαι
819 1372 898 1444 οὔτε
913 1372 1057 1466 ύστερον
1071 1376 1109 1447 τό
1127 1382 1220 1468 μέχρι

221 1478 317 1563 ἐμεῦ,
340 1470 385 1553 ὥς
409 1475 545 1561 λέγουσι
565 1472 660 1545 αότοί
674 1479 824 1562 Θηβαῖοι.
854 1470 897 1542 ού
916 1471 982 1563 γάρ
1004 1473 1044 1564 δὴ
1065 1476 1159 1547 ύεται
1180 1474 1221 1545 τά

221 1572 292 1642 ἀνω
306 1579 364 1659 τῆς
374 1570 594 1658 Αἰγύπτου
560 1599 598 1641 το
600 1571 788 1741 ίπαράπαν
809 1567 894 1640 ἀλλά
909 1574 1016 1642 καί’
976 1599 1051 1643 τοτε
1064 1572 1219 1662 ὕσθησαν

177 1690 203 1742 ΙΙ
224 1700 245 1740 α
245 1670 599 1758 Θῆίβαιψακάδιθ
600 1671 810 1755 ἰδέΠέρσαι
837 1673 945 1741 ἐπείτε
974 1672 1221 1754 διεξελάσαντες

219 1797 282 1859 την
301 1767 453 1855 ἀνυδρον
473 1771 582 1850 ἵζοντο
605 1770 707 1848 πέλας
728 1774 796 1836 τῶν
810 1766 1047 1855 Αἰγυπτίων*
1025 1797 1069 1850 ως
1089 1780 1220 1858 συμβα-

219 1873 361 1956 λέοντες,
376 1870 525 1938 ἐνθαῦτα
541 1871 576 1937 οἰ
589 1872 813 1957 ἐπίκουροι
778 1894 885 1936 οιτον
870 1875 1093 1962 Αἰγυπτίου,
1109 1874 1219 1953 ἰόντες
1268 1938 1269 1949 ,

219 1970 340 2057 ἀνδρες
351 1967 508 2055 Ἕλληνές
528 1992 564 2035 τε
584 1968 640 2037 καί
659 1973 787 2054 Κᾶρες,
814 1966 1023 2054 μεμφόμενοι
1041 1977 1088 2062 τῷ
1109 1972 1220 2060 Φάνῃ,

219 2069 271 2140 ότι
284 2065 427 2159 στρατόν
439 2064 543 2155 ἤγαγε
558 2063 611 2135 ἐπ’
626 2075 801 2152 Αίγυπτον
817 2061 1024 2156 ἀλλόθροον,
1033 2067 1221 2155 μηχαυέον-

218 2201 273 2243 ται
287 2179 421 2258 πρῆγμα
438 2167 527 2248 ἐς’
485 2165 591 2239 αυτόν
605 2168 753 2237 τοιόνδε
774 2159 910 2258 ἦσαν
878 2192 923 2234 τω
909 2165 1036 2256 Φάνη
1051 2171 1167 2246 παῖδες
1181 2169 1220 2236 ἐν

219 2272 378 2359 Αἰγύπτφ
392 2269 701 2353 καταλελειμμένοι,
720 2263 800 2345 τούς
817 2262 998 2352 ἀγαγόντες
1013 2261 1096 2345 ἐς
1062 2289 1099 2332 το
1115 2283 1220 2350 στρα-
1266 2286 1267 2289 ’

216 2370 360 2439 τότεδον
374 2367 430 2434 καλ
443 2365 477 2443 ἐς
491 2362 571 2445 ὄψιν
587 2369 649 2431 τοῦ
662 2361 787 2447 πατρός
804 2370 950 2451 κρητῆρα
966 2363 1105 2453 ἐνμέσῳ
1121 2366 1220 2450 έστη-
1265 2422 1266 2431 ,

217 2488 281 2535 σαν
296 2462 494 2550 ἀμφοτέρων
514 2468 582 2529 τῶν
603 2465 852 2550 στρατοπέδων,
873 2459 954 2550 μετά
975 2462 1011 2532 δέ
1027 2460 1220 2549 ἀγινέοντες

217 2560 300 2634 κατὰ
317 2564 377 2629 ἕνα
394 2563 535 2630 ἕκαστον
551 2569 619 2630 τῶν
635 2567 765 2631 παίδων
778 2570 921 2651 ἐσφαζον
934 2567 968 2643 ἐς
981 2563 1042 2633 τὸν
1057 2570 1217 2652 κρητῆρα.
1264 2620 1265 2631 ,

218 2658 274 2731 διά
296 2660 434 2731 πάντων
454 2663 490 2730 δὲ
511 2662 739 2743 διεξελθόντες
757 2669 826 2729 τῶν
848 2666 977 2731 παίδων
995 2659 1088 2731 οἰυόν
1109 2665 1221 2730 τεκαὶ

217 2760 309 2847 ὕδωρ
336 2760 518 2848 ἐσεφόρεον
543 2764 576 2839 ἐς
596 2757 717 2846 αὐτόν,
744 2760 917 2847 ἐμπιόντες
938 2761 975 2829 δέ
997 2766 1058 2827 τοῦ
1079 2762 1222 2846 αἵματος

215 2859 338 2939 πάντες
351 2865 385 2928 οἰ
397 2862 568 2947 ἐπίκουροι
579 2857 668 2927 οὕτω
682 2857 722 2946 δὴ
735 2863 930 2947 συνέβαλον.
950 2858 1054 2946 μάχης
1067 2859 1103 2927 δέ
1116 2884 1219 2945 γενο-

215 2982 317 3044 μενης
333 2965 493 3047 καρτερῆς
510 2959 564 3025 καλ
578 2957 752 3025 πεσόντων
768 2960 801 3037 ἐξ
818 2954 1017 3044 ἀμφοτέρων
1030 2962 1098 3023 τῶν
1113 2978 1220 3044 στρα-

168 3073 200 3125 12
215 3057 366 3123 τοπέδων
375 3054 642 3142 πλήθελπολλῶν
653 3056 835 3140 ἐτράποντο
847 3061 880 3124 ολ
885 3055 1071 3143 Αἰγύπτιοι.
1112 3063 1221 3142 Θωμα
1261 3132 1262 3141 χ

214 3153 251 3222 δέ
264 3151 348 3239 μέγα
363 3150 453 3220 εἶδον
463 3153 658 3241 πυθόμενος
669 3152 758 3243 παρά
770 3163 837 3222 τῶν
848 3158 1048 3243 ἐπιχωρίων·
1069 3152 1220 3243 τῶνγὰρ

213 3248 339 3320 όστέων
353 3257 623 3339 περικεχυμένων
636 3256 735 3341 χωρίς
757 3255 920 3342 ἑκατέρων
934 3282 1002 3324 των
1018 3256 1111 3324 ἐν
1072 3282 1112 3345 τη
1126 3255 1221 3345 μάχη
1260 3284 1261 3313 ι

212 3346 316 3436 ταύτη
338 3346 510 3417 πεσόντων
534 3353 647 3439 ηχωρίς
667 3354 730 3438 μέν
740 3351 817 3476 γάρ
838 3380 906 3422 των
926 3355 1085 3444 Περσέων
1105 3356 1260 3424 έκέετο

211 3471 252 3522 τα
239 3442 420 3541 ὀστέα,’
399 3472 443 3527 ως
460 3449 624 3550 ἐχωρίσθη
639 3450 713 3522 κατ’
729 3450 849 3550 άρχας,
864 3455 1003 3547 ἑτέρωθι
1018 3456 1054 3527 δέ
1068 3479 1137 3525 των
1152 3459 1259 3539 Αἰ
1259 3432 1260 3483 ¹
