2606 3920
347 270 433 325 LlB.
465 270 524 325 vll.
556 269 655 330 cAP.
688 274 863 329 Ἠλῖ-184.
1041 266 1102 329 201

103 426 299 515 μαχόμενος,
315 421 378 503 ἐςδ
388 424 682 510 κατεκρεουργήθη
694 422 789 503 άπας.
814 421 858 502 ὡς
870 426 905 503 δὲ
916 422 1029 493 πεσάν
1040 427 1102 494 οάκ

103 521 263 609 άπέθανε,
276 519 351 591 Υἀλλ’
364 515 408 609 ήν
419 526 573 608 ἔμπνοος,
586 526 620 589 οί
630 521 768 607 Πέρσαι,
784 523 819 588 οἵ
827 544 889 607 περ
902 521 1104 609 ἐπεβάτευον

7 600 13 727 ή
103 625 155 692 ἐπὶ
173 629 240 691 τῶν
254 627 359 708 νεῶν,
378 617 423 688 δι’
442 617 564 707 άρετήν
578 617 640 705 τήν
661 621 791 688 ἐκείνου
811 627 1028 706 περιποιῆσαί
1045 645 1103 706 μιν

7 732 9 881 ρ
102 722 177 807 περὶ
189 724 345 787 πλείστου
356 716 571 804 ἐποιήσαντο,
588 717 757 804 σμύρνῃσί
766 741 800 783 τε
811 716 947 803 ίοόμενοι
956 715 997 784 τά
1007 719 1104 785 ἕλκεα

7 886 9 897 1
102 819 158 884 καλ
170 815 326 895 σινδόνος
337 821 498 903 βυσσίνης
507 820 672 900 τελαμῶσι
682 822 950 895 κατειλίσσοντες.
968 821 1026 883 καί
1033 840 1104 901 μιν,

7 916 9 1031 Ι
103 914 147 995 ὡς
162 913 267 985 ὀπίσω
282 912 441 984 ἀπίκοντο
456 917 489 994 ἐς
505 912 542 983 τό
561 917 697 982 έωυτων
712 915 954 1001 στρατόπεδον,
977 918 1105 984 ἐπεδεί-

7 1040 9 1105 ζ
103 1036 232 1086 κννσαν
246 1017 505 1106 ἐκπαγλεόμενοι
516 1016 606 1106 πάση
616 1022 657 1106 τῇ
668 1022 813 1106 στρατιῇ,
825 1019 1037 1104 περιέποντες
1048 1011 1088 1085 εὖ
1095 1045 1103 1059 ·

7 1108 9 1115 ’
101 1117 181 1199 τούς
199 1118 234 1187 δέ
249 1117 381 1204 άλλους,
398 1115 478 1198 τοὺς
489 1124 611 1205 ἐλαβον
626 1119 663 1185 ἐν
675 1124 715 1206 τή
729 1121 789 1203 νηῒ
800 1116 914 1205 ταύτῃ,
932 1131 1104 1204 περιεῖπον

104 1214 147 1296 ὡς
164 1214 369 1303 άνδράποδα.
402 1220 448 1284 Αί
461 1219 523 1301 μέν
540 1212 581 1303 δή
597 1215 659 1282 δάο
679 1221 747 1281 τῶν
763 1220 851 1281 νεῶν
867 1212 955 1282 οὕτω
970 1212 1104 1301 ἐγειρά-
1122 1231 1174 1286 18²

102 1327 232 1403 θησαν,
249 1312 270 1402 ή
286 1315 323 1383 δὲ
337 1322 446 1403 τρίτη,
461 1322 519 1400 τῆς
534 1313 743 1402 ἐτριηράρχεε
755 1311 889 1399 Φόρμος
905 1310 990 1401 άυήρ
1004 1310 1104 1399 Ἀθη-

103 1426 212 1498 ναίος,
231 1410 405 1499 φεύγουσα
420 1412 582 1491 ἐξοκέλλει
596 1411 628 1486 ἐς
642 1407 701 1487 τάς
716 1405 858 1496 ἐμβολάς
871 1414 933 1476 τοῦ
943 1416 1103 1496 Πηνειοῦ,

103 1511 157 1578 καλ
167 1515 228 1576 τοῦ
238 1508 301 1596 μέν
312 1507 458 1594 σκάφεος
470 1506 655 1594 ἐκράτησαν
670 1511 704 1574 οί
715 1506 898 1595 βάρβαροι,
912 1514 981 1577 τάν
995 1512 1031 1577 δὲ
1043 1504 1104 1575 άν-

104 1611 194 1691 δρωυ
206 1603 256 1674 οά.
281 1603 325 1685 ὡς
341 1603 405 1693 γάρ
418 1604 458 1694 δή
473 1606 609 1692 τάχιστα
621 1606 805 1674 ἐπώκειλαν
814 1602 876 1694 τήν
889 1610 950 1677 νέα
960 1610 993 1677 ολ
1001 1604 1104 1690 Ἀθη-
1219 1614 1222 1615 ’

7 1724 9 1791 ἢ
104 1717 208 1788 ναῖοι,
227 1700 456 1792 ἀποθορόντες
476 1701 559 1773 κατά
577 1710 765 1788 Θεσσαλίην
785 1704 1105 1793 πορευόμενοιέκο-

7 1842 8 1867 ;
102 1809 274 1890 μίσθησαν
288 1804 321 1881 ἐς
332 1801 485 1890 Ἀθήνας.
511 1808 622 1870 Ταῦτα
638 1798 831 1889 οίἝλληνες
842 1808 876 1871 oc
889 1802 941 1872 ἐπ’
957 1803 1105 1891 Ἄρτεμι·

7 1960 10 1993 ¹,
104 1907 164 1990 σίῳ
189 1901 530 1986 στρατοπεδευόμενοι
550 1898 785 1967 πυνθάνονται
806 1897 895 1985 παρά
912 1909 1052 1988 πυρσοῑν
1069 1904 1105 1971 ἐκ

8 2014 10 2021 ·
104 1996 270 2064 Σκιάθου.
303 1996 493 2081 πυθόμενοι
509 1998 546 2064 δὲ
561 1998 616 2064 καὶ
630 1994 945 2083 καταρρωδήσαντες
961 1994 1026 2066 άπὸ
1044 2004 1105 2066 τοῦ

100 2092 306 2179 Ἀρτεμισίου
323 2100 564 2180 μετορμίζοντο
585 2095 618 2172 ἐς
631 2096 796 2178 Χαλκίδα,
818 2094 1023 2178 φυλάξοντες
1043 2095 1105 2181 μὲν

9 2230 11 2253 ι
104 2189 164 2259 τόν
175 2190 337 2279 Εὔριπον,
354 2197 523 2270 λείποντες
535 2191 571 2260 δέ
584 2187 838 2279 ἡμεροσκόπους
848 2194 924 2277 περὶ
936 2190 976 2260 τά
992 2188 1105 2278 ὑψηλά

102 2298 160 2377 τής
173 2287 327 2379 Εὐβοίης.
365 2298 441 2360 Τόν
462 2291 499 2360 δὲ
520 2292 600 2359 δέκα
616 2295 705 2358 νεῶν
726 2295 794 2356 τῶν
817 2289 999 2377 βαρβάρων
1020 2302 1107 2377 τρεῖς
1124 2307 1175 2364 18³

9 2386 11 2401 ³
104 2391 273 2480 ἐπήλασαν
293 2392 369 2478 περλ
387 2388 425 2460 τό
448 2392 532 2478 ἕρμα
553 2387 590 2457 vo*
607 2385 730 2477 μεταξὺ
752 2386 809 2457 ἐὰν
822 2391 981 2460 Σκιάθου
997 2416 1032 2459 τε
1052 2393 1107 2457 καλ

107 2496 322 2575 Μαγνησίης,
340 2485 546 2574 καλεόμενον
557 2488 593 2555 δὲ
604 2486 788 2575 Μύρμηκα.
811 2488 960 2556 ἐνθαῦτα
975 2492 1009 2555 οί
1020 2488 1107 2575 βάρ-

105 2595 203 2674 βαροι
218 2583 331 2671 ἐπειδὴ
353 2586 478 2672 στήλην
492 2593 594 2655 λίθου
608 2587 778 2673 ἐπέθηκαν
794 2592 988 2673 κομίσαντες
1002 2588 1055 2654 ἐπὶ
1068 2583 1106 2652 τό

105 2686 205 2768 ἕρμα,
221 2678 427 2769 ὁρμηθέντες
440 2679 534 2752 αὐτοὶ
549 2686 585 2752 ἐκ
600 2686 747 2770 Θέρμης,
763 2681 808 2762 ιός
821 2702 882 2768 σφι
895 2681 932 2751 τό
952 2682 1107 2771 ἐμποδάν

11 2790 13 2855 ᾗ
105 2780 256 2866 ἐγεγόνεε
267 2777 433 2867 καθαρόν,
449 2784 621 2850 ἐπέκλυον
635 2782 759 2870 πάσησι
770 2789 845 2870 τήσι
855 2782 971 2868 νηυσί,
987 2784 1106 2851 ἕνδεκα

104 2880 228 2970 ἡμέρας
242 2884 402 2967 παρέντες
418 2878 500 2968 μετά
515 2878 576 2968 τήν
592 2882 743 2969 βασιλέος
757 2882 906 2961 ἐξέλασιν
916 2883 953 2950 έκ
964 2881 1103 2968 Θέρμης.

11 2978 13 3043 Ῐ
107 2978 140 3047 τό
160 2981 196 3048 δέ
210 2981 295 3066 ἕρμα
310 2998 370 3064 σφι
390 2979 598 3068 κατηγήσατο
616 2976 673 3047 έόν
691 2981 727 3047 έν
742 2978 835 3069 πόρω
850 2978 991 3065 μάλιστα
1007 2979 1107 3066 Πάμ-

12 3072 13 3077 ἵ
104 3107 178 3169 μων
189 3079 345 3164 Σκύριος.
369 3078 564 3170 πανημερὸν
578 3082 614 3149 δέ
625 3080 792 3158 κλάοντες
807 3084 841 3148 οί
852 3078 1017 3166 βάρβαροι
1032 3080 1066 3161 ἐξ
1087 3118 1107 3130 -

104 3183 226 3251 νάουσι
246 3188 304 3267 τῆς
318 3187 525 3271 αΜαγνησίης
545 3180 654 3268 χάρης
675 3183 727 3250 ἐπὶ
743 3178 900 3266 Σηπιάδα
917 3203 951 3246 τε
971 3175 1106 3244 καὶτὸν

104 3277 256 3365 αίγιαλδν
277 3277 338 3348 τόν
358 3278 481 3367 μεταξὺ
502 3285 722 3366 Κασθαναίης
741 3304 776 3345 τε
798 3276 914 3355 πόλιος
935 3274 1032 3343 έόντα
1052 3274 1104 3342 καὶ

104 3380 277 3464 Σηπιάδος
294 3377 403 3465 άκτής.
1169 3380 1172 3385 ’

189 3478 298 3562 Μέχρι
314 3478 376 3561 μέν
390 3503 455 3544 νυν
469 3477 591 3547 τούτου
601 3483 662 3546 τοῦ
672 3471 784 3564 γάρου
795 3476 850 3542 καὶ
861 3480 1108 3558 Θερμοπυλέων
1125 3491 1173 3544 184
