2536 3934
348 253 432 311 LIB.
463 260 482 314 1.
516 260 614 317 CAP.
647 264 789 322 29—-32
1024 255 1064 322 15

62 380 138 499 τότη
154 414 352 500 ἐπεγένετο·
378 418 554 501 γενομένης
568 415 634 506 γάρ
644 414 849 507 Ἀθηναίοισι
863 408 967 505 μάχης
980 415 1065 505 πρὸς

64 513 139 590 τούς
154 508 397 598 ἀστυγείτονας
418 516 456 581 ἐν
466 510 628 584 Ἐλευσῖνι
667 515 826 602 βωθήσας
862 520 917 584 καὶ
936 513 1064 603 τροπήν

62 611 203 697 ποιήσας
216 618 286 679 τῶν
300 619 470 699 πολεμίων
483 612 634 684 άπέθανε
644 616 813 702 κάλλιστα,
828 623 885 684 καί
893 642 951 702 μιν
961 612 1064 702 Ἀθη-

64 722 153 776 ναῖοι
170 712 314 798 δημοσίῃ
330 735 368 778 τε
383 716 517 793 ἔθαψαν
531 710 653 799 αὐτοῦ,
675 718 781 803 τήπερ
801 719 913 801 ἔπεσε,
929 717 985 782 καὶ
999 717 1063 781 ἐτί-

61 822 174 890 μησαν
194 807 355 892 μεγάλως.
385 806 443 888 Ὡς
466 810 503 878 δὲ
524 808 566 878 τά
587 808 672 878 κατά
691 809 752 878 τόν
770 815 894 881 Τέλλον
907 812 1104 899 προετρί-ὃι
1198 898 1201 902 Α

62 916 148 982 ψατο
173 900 192 971 ὁ
208 905 333 973 Σόλων
354 904 415 975 τόν
428 915 578 997 Κροῖσον
600 919 694 987 εἴπας
706 910 819 978 ’πολλά
838 935 875 978 τε
888 911 943 977 καὶ
956 906 1063 995 όλβια,

63 1003 240 1092 ἐπειρώτα,
252 1010 329 1073 τίνα
338 1002 499 1097 δεότερον
506 1003 573 1094 μετ’
585 1009 713 1075 ἐκεῖνον
727 1012 803 1096 ίδοι,
816 1010 943 1078 δοκίων
955 1010 1063 1098 πάγχυ

62 1103 243 1192 δευτερήια
268 1110 339 1191 γῶν
364 1116 523 1176 οἴσεσθαι.
572 1103 590 1175 6
614 1107 652 1175 δὲ
675 1105 760 1176 εἶπε·
784 1109 927 1197 Κλέοβίν
949 1137 985 1179 τε
1007 1112 1064 1179 καὶ

67 1207 205 1269 Βίτωνα.
245 1201 391 1271 τοότοισι
412 1203 479 1290 γάρ
501 1205 597 1271 ἐοῦσι
618 1205 716 1289 γένος
734 1198 909 1320 Ἀργείοισι
935 1205 1008 1288 βίος
1026 1226 1063 1266 τε

10 1340 77 1422 η
56 1294 242 1396 άρκέων’
224 1304 315 1384 νπῆν
338 1302 393 1368 καὶ
418 1298 503 1389 πρὸς
521 1300 630 1391 τοότφ
650 1300 744 1420 ήάμη
763 1297 913 1391 σώματος
934 1297 1062 1384 τοιήδε

56 1390 276 1481 ἀεθλοφόροι
289 1421 326 1464 τε
345 1394 530 1486 άμφότεροι
550 1368 711 1486 ὁμοίως
687 1417 792 1485 ησαν,
815 1399 870 1464 καὶ
885 1394 925 1484 δή
939 1398 994 1465 καὶ
1008 1396 1064 1464 λί-

56 1520 157 1583 γεται
181 1491 275 1562 όδε’
260 1521 278 1562 ο
295 1495 410 1582 λόγος·
439 1497 559 1584 ἐοόσης
573 1494 672 1620 όρτής
687 1503 727 1585 τῇ
739 1493 826 1583 Ἡρη
840 1507 925 1563 τοῖσι
937 1492 1064 1583 Ἀργιί-

57 1614 130 1664 οισι
152 1597 227 1662 ἔδεε
242 1593 374 1673 πάντως
388 1592 452 1682 τήν
468 1600 593 1684 μητέρα
607 1593 720 1664 αὐτόν
735 1594 843 1682 ζεύγει
861 1600 1064 1681 κομισθῆναι

58 1700 94 1778 ἐς
110 1722 151 1764 το
138 1691 292 1782 λρόν,ο
293 1698 358 1764 ίδέ
369 1716 430 1782 σφι
444 1695 522 1784 βόες
539 1700 576 1765 ἐκ
591 1704 653 1765 τοῦ
669 1695 777 1865 άγίροῦ
792 1721 834 1764 ον
822 1694 1062 1784 ’παρεγίνοντο

10 1724 15 1889 6
60 1795 147 1869 ίν”
116 1820 210 1885 ωρη·
240 1796 525 1884 ἐκκληιόμενοιδὲ
545 1803 586 1886 τή
601 1795 721 1886 άρηοί
734 1802 863 1883 νεηνίαι
878 1791 1063 1870 ὑποδύντες

61 1889 208 1968 πάτοΓ
190 1889 257 1961 νπό
284 1890 347 1980 τήν
371 1894 512 1980 ζεύγλην
537 1890 709 1964 εἷλκόν
672 1920 735 1983 την
758 1892 903 1981 ἄμαξαν,
931 1893 984 1959 ἐπὶ
1006 1896 1064 1975 τῆς

63 1995 195 2086 ἇμάξης
214 1993 255 2060 δέ
271 2011 332 2079 σφι
349 1990 501 2080 ωχέετο
484 2022 506 2082 η
527 1995 648 2083 μήτηρ,
675 1998 829 2071 σταδίους
849 1992 885 2060 δὲ
898 1993 996 2060 πέντε
1009 1993 1064 2057 καὶ

63 2091 309 2177 τεσσεράκοντα
324 2095 573 2179 διακομίσαντες
587 2090 746 2161 ἀπίκοντο
761 2093 794 2169 ἐς
807 2087 845 2157 τό
857 2089 941 2177 ίρόν.
961 2095 1064 2155 ταῦτα

63 2196 104 2262 δέ
109 2212 175 2278 σφι
187 2186 344 2276 ποιήσασι
354 2190 410 2257 καὶ
420 2185 586 2276 όφθελσι’
567 2188 633 2258 νπό
646 2195 703 2276 τής
713 2186 920 2275 πανηγόριος
929 2181 1064 2308 τελευτή

63 2299 123 2361 τοῦ
149 2283 278 2409 βίομ’
259 2312 301 2375 αρ
302 2292 374 2372 ίστη
398 2289 587 2375 ἐπεγένετο,
613 2289 740 2368 διέδεξέ
762 2312 798 2355 τε
819 2288 857 2354 ἐν
876 2279 1064 2352 τοότοισιὸ

63 2384 162 2474 θεός,
193 2382 239 2464 ὡς
265 2382 402 2471 άμεινον
430 2394 480 2472 είη
508 2383 680 2477 άνθράπφ
704 2383 867 2453 τεθνάναι
892 2374 1065 2470 μαλλον
1042 2408 1064 2467 η

65 2484 172 2567 ζόειν.
213 2481 355 2600 Ἀργεῖοι
375 2479 497 2569 μὲν
457 2509 523 2570 γαρ
546 2483 761 2568 περιστάντες
780 2480 978 2569 ἐμακάριζον
997 2484 1066 2546 τάν

64 2576 280 2669 νεηνιέων
244 2605 306 2666 την
322 2580 453 2668 ῥάμην,
475 2586 513 2650 ac
525 2578 582 2649 δὲ’
579 2590 715 2668 Αργείαι
729 2578 791 2668 τήν
805 2581 929 2667 μητέρα
942 2575 1064 2663 αὐτόν,

64 2685 146 2749 σίων
167 2681 300 2747 τέκνων
318 2678 467 2768 ίκόρησε.
499 2678 520 2767 6
537 2680 574 2749 δὲ
587 2680 695 2769 μήτηρ
711 2676 888 2768 περιχαρής
905 2681 1005 2746 ἐοῦσα
1019 2682 1065 2765 τῷ

64 2804 95 2846 τε
115 2783 210 2867 ἔργω
231 2776 287 2843 καὶ
308 2782 349 2864 τῇ
371 2777 466 2866 φήμη
484 2784 589 2845 στᾶσα
603 2776 720 2847 άντίον
732 2783 793 2845 τοῦ
809 2774 995 2862 άγάλματος
1008 2772 1067 2841 εό-

64 2901 152 2961 χετο,
179 2871 309 2959 Κλεόβι
328 2898 365 2940 τε
388 2877 443 2995 ηαδ
457 2880 581 2943 Βίτωνι
600 2888 686 2942 τοῖσι
706 2875 830 2959 ἕωντής
849 2875 1051 2958 τέκνοισι,ο
1034 2872 1069 2938 οἵ

64 3082 175 3189 τνχείν
186 3065 332 3155 άριστόθ
342 3070 420 3137 ἐστι.
447 3066 529 3155 μετά
543 3070 670 3155 ταύτην
684 3065 772 3135 δὲ
735 3093 798 3155 την
813 3065 914 3155 εόχήν
929 3063 973 3148 ὡς
983 3040 1067 3138 ἐθά-

64 3167 123 3235 σάν
141 3165 255 3234 τεκαὶ
271 3162 511 3253 εὐωχήθησαν,
538 3167 838 3289 κατακοιμηθέντες
857 3168 896 3234 ἐν
916 3162 1007 3258 αὐτῷ
1021 3173 1067 3255 τῷ

64 3268 118 3357 ίρῷ
139 3270 178 3336 οί
197 3269 334 3352 νεηνίαι
355 3260 467 3334 οόκίτι
484 3262 686 3354 άνέστησαν,
708 3260 776 3333 ἄλλ’
798 3267 836 3332 ἐν
853 3265 940 3333 τίλελ
927 3263 1068 3351 λτοότμ

65 3372 205 3457 ἔσχοντο.
245 3363 393 3453 ’Δργείοι
411 3369 453 3434 δέ
468 3387 582 3455 σφεων
602 3367 734 3446 είκόνας
753 3363 970 3452 ποιησάμενοι
962 3330 1069 3525 άὶηή·
1077 3454 1113 3509 π

1028 3479 1067 3523 ο-
