2562 3926
325 223 412 281 ΗΒ.
442 222 475 283 11.
514 222 612 283 cAP.
644 228 817 287 ιτα-ωε.
1008 220 1071 291 199

70 385 216 472 λέγοντες
233 387 270 455 οἰ
280 382 463 471 Αἰγύπτιοί
475 401 559 470 φασι
575 381 660 452 εἰναι
674 380 782 473 αύτήν
797 391 949 476 πλωτήν,
972 383 1017 469 ὧς
1031 389 1068 457 έν

68 492 102 573 τῇ
117 482 209 576 νήσῳ
227 482 333 571 ταύτη
352 478 415 550 ούκ
432 482 533 571 έούση
550 482 715 571 πρότερον
732 493 844 576 πλωτή
855 486 952 574 Αητύ
967 489 1068 556 ἐοῦσα

67 590 130 653 τύν
145 579 234 654 ὀκτύ
257 589 351 654 θεῶν
373 589 442 653 τῶν
460 583 604 669 πρύτων
622 588 831 673 γενομένων,
854 590 1009 657 οἰκέουσα
1031 587 1069 657 δέ

65 687 100 753 έν
117 692 247 753 Βουτοῖ
268 681 365 770 πόλι,
391 684 449 753 ἵνα
474 681 517 770 δή
536 686 572 752 οί
591 680 628 751 τὸ
649 684 849 773 χρηστήριον
868 691 966 754 τοῦτο
986 691 1068 773 ἔστι,

65 781 253 852 Απόλλωνα
276 778 366 869 παρά
377 779 480 862 Ἴσιος
506 781 792 871 παρακαταθήκην
816 786 976 872 δεξαμένη
1000 788 1069 854 διέ·

64 901 148 950 σωσε
168 879 413 968 κατακρύψασα
432 882 470 948 έν
492 887 532 970 τῇ
557 886 624 949 νῦν
648 888 761 969 πλωτή
780 885 942 972 λεγομένῃ
964 883 1069 974 νήσῳ,

63 978 115 1049 ὅτε
130 976 173 1066 δή
188 976 227 1047 τὸ
243 984 311 1047 πᾶν
327 979 499 1067 διζήμενος
513 977 531 1047 ὁ
547 976 675 1066 Τυφάν
690 981 825 1068 ἐπῆλθε,
837 984 964 1051 ἐθέλων
975 984 1068 1062 ἐξευ-

62 1094 132 1167 ρείν
145 1085 210 1147 τού
222 1074 363 1165 Ὀσίριος
373 1076 435 1149 τὸν
445 1083 556 1148 παῖδα.
586 1075 779 1149 Ἀπόλλωνα
794 1080 831 1149 δδ
845 1081 900 1151 καί
911 1077 1067 1166 ’Ἄρτεμιν

63 1177 239 1248 Διονύσου
261 1180 315 1246 καί
332 1175 430 1257 Ἴσιος
451 1179 586 1265 λέγουσι
607 1176 692 1246 εἰναι
711 1181 1001 1267 παίδας,-Λητοῦν
1028 1178 1065 1245 δὲ

62 1273 191 1365 τροφὸν
212 1271 342 1344 αύτοῖσι
359 1278 415 1344 καί
429 1274 592 1362 σώτειραν
606 1281 773 1362 γενέσθαι.
817 1278 1013 1362 Αἰγυπτιστὶ
1027 1276 1064 1343 δὲ

61 1375 231 1444 Απόλλων
241 1375 303 1461 μὲν
314 1369 423 1463 Ὦρος,
436 1373 598 1464 Δημήτηρ
610 1375 647 1443 δὲ
658 1368 750 1463 Ἶσις,
763 1374 916 1464 Ἀρτεμις
926 1375 962 1444 δὲ
972 1374 1064 1443 Βού-

60 1486 183 1566 βαστις.
207 1478 244 1543 ἐκ
258 1473 381 1547 τούτου
402 1475 439 1542 δὲ
455 1474 634 1561 τοῦλόγου
650 1478 704 1544 καί
724 1472 865 1554 ούδενὸς
879 1472 983 1543 ἄλλον
999 1478 1063 1542 Αἰ-

61 1576 181 1663 σχύλος
200 1571 220 1642 ὁ
242 1570 463 1661 Εὐφορίωνος
482 1571 611 1662 ἥρπασε
629 1572 666 1642 τά
688 1572 753 1662 έγά
774 1573 909 1663 φράσω,
936 1574 1062 1662 μοῦνος
1193 1632 1195 1645 .

60 1672 98 1762 δὴ
113 1674 283 1759 ποιητέων
301 1677 369 1740 τῶν
385 1675 658 1761 προγενομένων·
680 1675 812 1760 ἐποίησε
827 1670 893 1761 γάρ
904 1669 1061 1760 Ἀρτεμιν

61 1773 143 1843 εἰναι
157 1776 331 1861 θυγατέρα
343 1774 529 1861 Δήμητρος.
552 1772 614 1862 τήν
625 1774 661 1844 δὲ
672 1781 776 1863 νήσου
787 1775 842 1845 διά
855 1780 953 1844 τούτο
965 1775 1061 1863 γενέ-

61 1882 138 1942 σθαι
152 1869 298 1961 πλωτήν.
324 1873 503 1960 ταῦταμὲν
518 1871 606 1942 ούτω
621 1876 764 1961 λέγουσι.
791 1873 1004 1961 Ψαμμήτιχος
1026 1872 1062 1941 δέ
1079 1888 1128 1946 157

61 1975 253 2061 ἐβασίλευσε
263 1973 440 2060 Αἰγύπτου
454 1977 591 2061 τέσσερα
605 1978 660 2044 καί
670 1973 876 2063 πεντήκοντα
889 1981 979 2061 ἔτεα,
995 1980 1064 2041 τῶν

60 2070 97 2140 τὰ
113 2067 190 2150 ἑνὸς
207 2070 326 2139 δέοντα
346 2072 524 2160 τριήκοντα
535 2071 679 2155 ’Ἄζωτον
694 2079 752 2161 τής
765 2079 893 2160 Συρίης
913 2072 1061 2160 μεγάλην

61 2169 157 2238 πόλιν
171 2170 446 2258 προσκατήμενος
465 2172 673 2259 έπολιόρκεε,
695 2174 728 2251 ές
748 2166 768 2239 ὃ
787 2173 903 2253 ἐξεῖλε·
926 2168 1009 2257 αὕτη
1024 2168 1060 2236 δὲ

63 2267 228 2357 η”Αζωτος
245 2265 402 2339 ἁπασέων
415 2276 542 2340 πολίων
554 2272 606 2340 έπί
617 2278 772 2339 πλεῖστον
785 2267 908 2356 χρόνον
922 2275 1060 2357 πολιορ-

61 2368 203 2455 κευμένη
220 2361 355 2454 άντέσχε
368 2394 437 2437 των
449 2365 543 2457 ημεῖς
558 2373 663 2456 ἴδμεν.

131 2472 357 2556 Ψαμμητίχου
368 2472 404 2537 δὲ
414 2476 452 2537 Ν
456 2494 558 2549 εκως
572 2481 649 2548 παῖς
660 2470 790 2554 έγένετο
803 2469 857 2535 καί
869 2469 1059 2555 ἐβασίλευσε
1078 2471 1127 2528 158

62 2563 294 2655 Αίγύπτου,“
274 2593 311 2647 ος
331 2593 371 2657 τη
357 2568 524 2657 διάρυχι
546 2572 734 2657 ἐπεχείρησε
753 2574 882 2655 πρῶτος
896 2593 937 2655 τη
921 2561 1034 2644 ές
998 2591 1060 2652 την

56 2663 227 2753 Ἐρυθρὴν
250 2666 429 2737 θάλασσαν
449 2668 621 2793 φερούση,
639 2665 702 2754 τήν
720 2676 864 2754 Δαρεῖος
888 2662 906 2733 ὁ
929 2667 1060 2752 Πέρσης

59 2765 198 2853 δεύτερα
213 2763 364 2851 διάρυξε.
388 2771 445 2853 τής
459 2770 563 2854 μήκος
578 2769 640 2853 μέν
654 2768 722 2834 έστι
736 2763 839 2843 πλόος
852 2759 971 2850 ἡμέραι
985 2764 1060 2831 τέσ-

57 2884 168 2953 σερες,
186 2856 285 2951 εύρος
298 2865 334 2934 δὲ
346 2861 523 2952 &ww
495 2884 580 2933 ωστε
589 2865 743 2955 τριήρεας
757 2863 819 2933 δύο
834 2857 988 2933 κλύειν
973 2868 1059 2950 ομού

56 2957 384 3085 ἐλαστρεομένας.
361 2991 459 3052 ηκται
480 2963 556 3034 δὲ’
537 2963 602 3034 απὸ
627 2991 688 3035 του
674 2971 829 3034 Νείλου
852 2961 889 3032 τό
913 2962 1006 3054 ὕδωρ
1026 2969 1059 3046 ές

55 3057 181 3148 αὐτὴν,
201 3052 303 3149 ήκται
318 3065 355 3131 δέ
376 3062 568 3149 κατύπερθε
589 3060 706 3151 ὀλίγον
719 3062 925 3151 Βουβάστιος
944 3064 1059 3142 πόλιος

55 3157 144 3246 παρὰ
159 3158 348 3246 Πάτουμον
363 3158 427 3247 τήν
443 3157 599 3249 Ἀραβίην
616 3161 733 3230 πόλιν·
765 3161 908 3247 έσέχειδ
888 3160 1033 3241 δδές
997 3188 1059 3247 την

55 3253 223 3345 Έρυδρήν
234 3258 422 3328 θάλασσαν
446 3256 635 3348 ὀρύρυκται
651 3260 687 3327 δὲ
700 3282 834 3346 πρωτον
848 3260 910 3345 μὲν
925 3263 987 3326 τού
1000 3280 1060 3323 πε-

54 3360 128 3428 δίου
140 3386 205 3432 του
190 3357 459 3448 Αἰγυπτίου
422 3386 463 3428 τα
481 3356 565 3449 πρὸς
577 3357 735 3449 Ἀραβίην
750 3364 883 3447 ἔχοντα,
904 3362 1009 3440 έχεται
1024 3358 1061 3422 δὲ

53 3458 248 3550 κατύπερθε
272 3462 336 3530 τού
356 3461 436 3531 πεδί
420 3463 475 3531 ίον
498 3485 536 3533 το
557 3485 640 3537 κατα
628 3456 798 3551 Μέμφιν
813 3466 924 3523 τεῖνον
948 3442 1060 3542 οὖρος,
1156 3526 1163 3537 ,
